{"host":"xltl1aroowo69o4n","time":1612159544,"event":{"mods":["BaseMod","Colored Map","Colored Powertips","Minty Spire (QoL Compilation)","StSLib"],"gold_per_floor":[114,289,314,314,327,343,343,369,416,7,7,24,36,48,48,146,146,131,131,148,180,2,2,2,14,41,57,57,57,73,86,86,185,185,195,206,38,51,68,68,68,68],"floor_reached":41,"language":"ENG","playtime":1738,"items_purged":[],"score":447,"play_id":"1110f486-bcf8-4e08-b1bb-28398be63e1b","local_time":"20210201010544","is_ascension_mode":false,"campfire_choices":[{"data":"Catalyst","floor":7,"key":"SMITH"},{"floor":11,"key":"REST"},{"floor":15,"key":"REST"},{"floor":23,"key":"REST"},{"floor":28,"key":"REST"},{"floor":32,"key":"REST"},{"floor":40,"key":"REST"}],"circlet_count":0,"master_deck":["Strike_G","Strike_G+1","Strike_G","Strike_G+1","Strike_G","Defend_G+1","Defend_G","Defend_G","Defend_G","Survivor","Neutralize","Quick Slash+1","Heel Hook","Catalyst+1","Noxious Fumes","Deadly Poison","Masterful Stab","Bane","Cloak And Dagger","Blade Dance","Envenom","Bane+1","Deadly Poison+1","Dagger Spray","PiercingWail","Cloak And Dagger+1","Poisoned Stab+1","PiercingWail","Backstab","After Image","Noxious Fumes+1","Deflect+1","Backflip","Catalyst","Infinite Blades","Terror","Flying Knee+1"],"relics":["Ring of the Snake","NeowsBlessing","Happy Flower","Whetstone","Regal Pillow","Letter Opener","Empty Cage","Red Mask","Omamori","Strawberry","Sozu"],"acts_visited":["Exordium","TheCity","TheBeyond"],"potions_floor_usage":[20,21,21,25,33,33],"damage_taken":[{"damage":0,"enemies":"Small Slimes","floor":1,"turns":1},{"damage":0,"enemies":"Jaw Worm","floor":5,"turns":1},{"damage":0,"enemies":"Cultist","floor":6,"turns":1},{"damage":43,"enemies":"Gremlin Nob","floor":8,"turns":6},{"damage":0,"enemies":"Large Slime","floor":12,"turns":5},{"damage":7,"enemies":"Looter","floor":13,"turns":2},{"damage":5,"enemies":"Exordium Wildlife","floor":14,"turns":2},{"damage":34,"enemies":"Slime Boss","floor":16,"turns":9},{"damage":13,"enemies":"2 Thieves","floor":18,"turns":4},{"damage":18,"enemies":"Spheric Guardian","floor":20,"turns":4},{"damage":29,"enemies":"Masked Bandits","floor":21,"turns":5},{"damage":5,"enemies":"Snake Plant","floor":25,"turns":3},{"damage":20,"enemies":"Centurion and Healer","floor":27,"turns":5},{"damage":12,"enemies":"Snecko","floor":30,"turns":5},{"damage":10,"enemies":"Chosen and Byrds","floor":31,"turns":5},{"damage":30,"enemies":"Champ","floor":33,"turns":13},{"damage":27,"enemies":"3 Darklings","floor":35,"turns":6},{"damage":0,"enemies":"Orb Walker","floor":36,"turns":2},{"damage":20,"enemies":"Transient","floor":38,"turns":5},{"damage":28,"enemies":"Jaw Worm Horde","floor":39,"turns":5},{"damage":58,"enemies":"Reptomancer","floor":41,"turns":5}],"seed_played":"6162799828725967033","potions_obtained":[{"floor":5,"key":"SpeedPotion"},{"floor":12,"key":"Weak Potion"},{"floor":13,"key":"Explosive Potion"},{"floor":16,"key":"BlessingOfTheForge"},{"floor":20,"key":"ColorlessPotion"},{"floor":21,"key":"GhostInAJar"},{"floor":30,"key":"EssenceOfSteel"},{"floor":33,"key":"SpeedPotion"}],"is_trial":false,"path_per_floor":["M","?","T","?","M","M","R","E","T","$","R","M","M","M","R","B",null,"M","?","M","?","$","R","?","M","T","M","R","?","M","M","R","B",null,"M","M","$","M","M","R","E"],"character_chosen":"THE_SILENT","items_purchased":["Noxious Fumes","Deadly Poison","Letter Opener","Masterful Stab","PiercingWail","Omamori","Backflip","Catalyst","Infinite Blades"],"campfire_rested":6,"item_purchase_floors":[10,10,10,10,22,22,37,37,37],"current_hp_per_floor":[70,70,70,56,56,56,56,13,13,13,49,49,42,37,70,36,70,57,57,39,10,10,46,46,41,48,28,66,87,75,65,87,57,87,60,60,60,40,12,53,0,0],"gold":68,"neow_bonus":"THREE_ENEMY_KILL","is_daily":false,"chose_seed":false,"campfire_upgraded":1,"win_rate":0.0,"timestamp":1612159544,"path_taken":["M","?","?","?","M","M","R","E","T","?","R","M","M","M","R","BOSS","M","?","M","?","$","R","?","M","T","?","R","?","M","?","R","BOSS","M","M","$","M","M","R","E"],"items_purchased_type":["Card","Card","Relic","Card","Card","Relic","Card","Card","Card"],"build_version":"2020-12-13","purchased_purges":0,"victory":false,"max_hp_per_floor":[70,70,70,70,70,70,70,70,70,70,70,70,70,70,70,70,70,70,70,70,70,70,70,70,70,77,77,77,87,87,87,87,87,87,87,87,87,87,87,87,87,87],"card_choices":[{"not_picked":["Sucker Punch","Terror"],"picked":"Quick Slash","floor":1},{"not_picked":["Reflex","Acrobatics"],"picked":"Heel Hook","floor":5},{"not_picked":["Endless Agony","Well Laid Plans"],"picked":"Catalyst","floor":6},{"not_picked":["All Out Attack","Malaise"],"picked":"Tools of the Trade","floor":8},{"not_picked":["Dodge and Roll","Endless Agony"],"picked":"Bane","floor":12},{"not_picked":["Deflect","Bane"],"picked":"Cloak And Dagger","floor":13},{"not_picked":["Slice","Prepared"],"picked":"Blade Dance","floor":14},{"not_picked":["Adrenaline","Glass Knife"],"picked":"Envenom","floor":16},{"not_picked":["Tactician+1","Backflip+1"],"picked":"Bane+1","floor":18},{"not_picked":["Backstab","PiercingWail"],"picked":"Deadly Poison+1","floor":20},{"not_picked":["Quick Slash","Flying Knee"],"picked":"Dagger Spray","floor":21},{"not_picked":["PiercingWail","Noxious Fumes"],"picked":"Cloak And Dagger+1","floor":25},{"not_picked":["Acrobatics","Blade Dance"],"picked":"Poisoned Stab+1","floor":27},{"not_picked":["Escape Plan","Doppelganger"],"picked":"PiercingWail","floor":30},{"not_picked":["Reflex","Sucker Punch"],"picked":"Backstab","floor":31},{"not_picked":["Phantasmal Killer","Die Die Die"],"picked":"After Image","floor":33},{"not_picked":["Deflect+1","Prepared+1"],"picked":"Noxious Fumes+1","floor":35},{"not_picked":["PiercingWail","Slice"],"picked":"Deflect+1","floor":36},{"not_picked":["Acrobatics","Noxious Fumes+1"],"picked":"Terror","floor":38},{"not_picked":["Deflect+1","Quick Slash+1"],"picked":"Flying Knee+1","floor":39}],"player_experience":62239,"relics_obtained":[{"floor":3,"key":"Happy Flower"},{"floor":8,"key":"Whetstone"},{"floor":9,"key":"Regal Pillow"},{"floor":21,"key":"Red Mask"},{"floor":26,"key":"Strawberry"}],"event_choices":[{"damage_healed":0,"gold_gain":175,"player_choice":"AGREE","damage_taken":0,"max_hp_gain":0,"max_hp_loss":0,"event_name":"Liars Game","floor":2,"gold_loss":0,"cards_obtained":["Doubt"]},{"damage_healed":0,"gold_gain":0,"player_choice":"Entered Light","damage_taken":14,"max_hp_gain":0,"max_hp_loss":0,"event_name":"Shining Light","floor":4,"gold_loss":0,"cards_upgraded":["Quick Slash","Defend_G"]},{"damage_healed":0,"gold_gain":0,"player_choice":"Ignored","damage_taken":0,"max_hp_gain":0,"max_hp_loss":0,"event_name":"Beggar","floor":19,"gold_loss":0},{"damage_healed":0,"gold_gain":0,"player_choice":"Fought Bandits","damage_taken":0,"max_hp_gain":0,"max_hp_loss":0,"event_name":"Masked Bandits","floor":21,"gold_loss":0},{"damage_healed":0,"gold_gain":0,"player_choice":"Ignored","damage_taken":0,"max_hp_gain":0,"max_hp_loss":0,"event_name":"Ghosts","floor":24,"gold_loss":0},{"cards_removed":["Tools of the Trade"],"damage_healed":11,"gold_gain":0,"player_choice":"Offered Rare","damage_taken":0,"max_hp_gain":10,"max_hp_loss":0,"event_name":"Bonfire Elementals","floor":29,"gold_loss":0}],"is_beta":false,"boss_relics":[{"not_picked":["WristBlade","Runic Dome"],"picked":"Empty Cage"},{"not_picked":["Runic Pyramid","HoveringKite"],"picked":"Sozu"}],"items_purged_floors":[],"is_endless":false,"potions_floor_spawned":[5,12,13,16,20,21,30,33,36,38],"killed_by":"Reptomancer","ascension_level":0}}