{"host":"6152go0anyt7mc9e","time":1612193242,"event":{"mods":["BaseMod","Colored Map","Minty Spire (QoL Compilation)","StSLib"],"gold_per_floor":[114,114,129,129,144,174,174,189,214,244,259,289,289,214,214,314,314,329,329,344,359,359,359,389,389,389,404,419,419,434,464,464,564,564,579,489,389,404,129,159,159,174,174,204,219,219,219,234,234,234],"floor_reached":51,"language":"ZHT","playtime":1834,"items_purged":["Zap","Strike_B","Defend_R+1"],"score":942,"play_id":"eee32627-fe34-4eb1-8b76-1cc79c314c80","local_time":"20210201232722","daily_mods":["Chimera","ControlledChaos","Night Terrors"],"is_ascension_mode":false,"campfire_choices":[{"data":"1","floor":13.0,"key":"LIFT"},{"data":"2","floor":15.0,"key":"LIFT"},{"data":"3","floor":23.0,"key":"LIFT"},{"floor":25.0,"key":"DIG"},{"floor":32.0,"key":"DIG"},{"floor":41,"key":"DIG"},{"floor":47,"key":"DIG"},{"floor":49,"key":"DIG"}],"circlet_count":0,"master_deck":["Bash","Eruption","Strike_R+1","Strike_G+1","Havoc+1","Feed+1","Limit Break+1","Blood for Blood+1","Demon Form","Limit Break"],"relics":["Burning Blood","Frozen Eye","Shovel","Girya","Orichalcum","Molten Egg 2","Happy Flower","Snecko Eye","Thread and Needle","PreservedInsect","Gambling Chip","Oddly Smooth Stone","Unceasing Top","Fusion Hammer","Red Skull","Anchor","Letter Opener","Mercury Hourglass","Omamori","War Paint","InkBottle"],"acts_visited":["Exordium","TheCity","TheBeyond"],"potions_floor_usage":[50,50,50],"damage_taken":[{"damage":2.0,"enemies":"Jaw Worm","floor":1.0,"turns":3.0},{"damage":4.0,"enemies":"Small Slimes","floor":3.0,"turns":4.0},{"damage":0.0,"enemies":"Cultist","floor":5.0,"turns":2.0},{"damage":6.0,"enemies":"3 Sentries","floor":6.0,"turns":5.0},{"damage":5.0,"enemies":"Looter","floor":8.0,"turns":3.0},{"damage":18.0,"enemies":"Lagavulin","floor":10.0,"turns":9.0},{"damage":3.0,"enemies":"Exordium Thugs","floor":11.0,"turns":3.0},{"damage":22.0,"enemies":"Gremlin Nob","floor":12.0,"turns":3.0},{"damage":6.0,"enemies":"Slime Boss","floor":16.0,"turns":5.0},{"damage":14.0,"enemies":"Chosen","floor":18.0,"turns":2.0},{"damage":2.0,"enemies":"3 Byrds","floor":20.0,"turns":3.0},{"damage":6.0,"enemies":"Snecko","floor":21.0,"turns":2.0},{"damage":18.0,"enemies":"Book of Stabbing","floor":24.0,"turns":2.0},{"damage":0.0,"enemies":"Snake Plant","floor":27.0,"turns":1.0},{"damage":0.0,"enemies":"3 Cultists","floor":28.0,"turns":2.0},{"damage":0.0,"enemies":"Centurion and Healer","floor":30.0,"turns":2.0},{"damage":0.0,"enemies":"Gremlin Leader","floor":31.0,"turns":2.0},{"damage":5.0,"enemies":"Collector","floor":33.0,"turns":5.0},{"damage":0,"enemies":"Orb Walker","floor":35,"turns":1},{"damage":19,"enemies":"3 Shapes","floor":38,"turns":2},{"damage":10,"enemies":"Giant Head","floor":40,"turns":5},{"damage":10,"enemies":"3 Darklings","floor":42,"turns":4},{"damage":6,"enemies":"Reptomancer","floor":44,"turns":4},{"damage":0,"enemies":"Transient","floor":45,"turns":5},{"damage":7,"enemies":"Writhing Mass","floor":48,"turns":2},{"damage":12,"enemies":"Donu and Deca","floor":50,"turns":4}],"seed_played":"-6699970657251824518","potions_obtained":[{"floor":1.0,"key":"Fire Potion"},{"floor":3.0,"key":"HeartOfIron"},{"floor":8.0,"key":"DistilledChaos"},{"floor":12.0,"key":"Fruit Juice"},{"floor":18.0,"key":"FearPotion"},{"floor":20.0,"key":"AttackPotion"},{"floor":33.0,"key":"EssenceOfSteel"},{"floor":35,"key":"SmokeBomb"},{"floor":44,"key":"CultistPotion"},{"floor":48,"key":"Dexterity Potion"}],"is_trial":false,"path_per_floor":["M","?","M","?","M","E","?","M","T","E","M","E","R","$","R","B",null,"M","?","M","M","?","R","E","R","T","M","M","?","M","E","R","B",null,"M","?","$","M","$","E","R","M","T","E","M","?","R","M","R","B",null],"character_chosen":"IRONCLAD","items_purchased":["Red Skull"],"campfire_rested":0,"item_purchase_floors":[39],"current_hp_per_floor":[80,85,85,82,85,85,68,69,69,57,60,49,49,49,49,49,90,86,86,90,90,90,90,82,82,82,88,98,102,106,106,106,106,106,110,110,110,101,101,97,97,93,93,93,99,114,114,113,113,107],"gold":234,"neow_bonus":"","is_daily":true,"chose_seed":false,"campfire_upgraded":0,"win_rate":0.0,"timestamp":1612193242,"path_taken":["M","?","M","?","M","E","?","M","T","E","M","E","R","$","R","BOSS","M","?","?","M","?","R","E","R","T","M","M","?","M","E","R","BOSS","M","?","$","M","?","E","R","M","T","E","M","?","R","?","R","BOSS"],"items_purchased_type":["Relic"],"build_version":"2020-12-22","purchased_purges":3,"victory":true,"max_hp_per_floor":[80,85,85,85,85,85,85,85,85,85,85,90,90,90,90,90,90,94,94,94,94,94,94,98,98,98,98,102,102,106,106,106,106,106,110,110,110,114,114,114,114,114,114,114,114,114,114,114,114,114],"card_choices":[{"not_picked":["Searing Blow","Havoc","Intimidate"],"picked":"SKIP","floor":1.0},{"not_picked":["Searing Blow","Intimidate"],"picked":"Havoc","floor":1.0},{"not_picked":["Flex","Clothesline","Spot Weakness"],"picked":"SKIP","floor":3.0},{"not_picked":["Warcry","Heavy Blade","Havoc"],"picked":"SKIP","floor":5.0},{"not_picked":["True Grit","Ghostly Armor","Havoc"],"picked":"SKIP","floor":6.0},{"not_picked":["Entrench","Warcry","Flex"],"picked":"SKIP","floor":8.0},{"not_picked":["Carnage+1","Searing Blow+1","Iron Wave+1"],"picked":"SKIP","floor":10.0},{"not_picked":["Armaments","Seeing Red","Clash+1"],"picked":"SKIP","floor":11.0},{"not_picked":["Seeing Red","Heavy Blade+1"],"picked":"Feed+1","floor":12.0},{"not_picked":["Juggernaut","Barricade"],"picked":"Limit Break","floor":16.0},{"not_picked":["Cleave+1","Thunderclap+1"],"picked":"Blood for Blood+1","floor":18.0},{"not_picked":["Uppercut+1","Burning Pact","Body Slam+1"],"picked":"SKIP","floor":20.0},{"not_picked":["Perfected Strike+1","True Grit","Clash+1"],"picked":"SKIP","floor":21.0},{"not_picked":["Pommel Strike+1","True Grit","Flame Barrier+1"],"picked":"SKIP","floor":24.0},{"not_picked":["Sword Boomerang+1","Iron Wave+1","Warcry"],"picked":"SKIP","floor":27.0},{"not_picked":["True Grit","Havoc+1","Wild Strike+1"],"picked":"SKIP","floor":28.0},{"not_picked":["True Grit+1","Armaments","Body Slam+1"],"picked":"SKIP","floor":30.0},{"not_picked":["Dual Wield","Armaments","Seeing Red"],"picked":"SKIP","floor":31.0},{"not_picked":["Double Tap","Immolate+1"],"picked":"Demon Form","floor":33.0},{"not_picked":["Twin Strike+1","Havoc","Shrug It Off+1"],"picked":"SKIP","floor":35},{"not_picked":["Pommel Strike+1","Clothesline+1","Havoc+1"],"picked":"SKIP","floor":38},{"not_picked":["Carnage+1","Warcry+1"],"picked":"Limit Break","floor":40},{"not_picked":["Wild Strike+1","Carnage+1","Sentinel"],"picked":"SKIP","floor":42},{"not_picked":["Clash+1","Cleave+1","Wild Strike+1"],"picked":"SKIP","floor":44},{"not_picked":["Anger+1","Sword Boomerang+1","Twin Strike+1"],"picked":"SKIP","floor":45},{"not_picked":["Wild Strike+1","Sever Soul+1","Rupture"],"picked":"SKIP","floor":48}],"player_experience":1538005,"relics_obtained":[{"floor":6.0,"key":"Girya"},{"floor":9.0,"key":"Orichalcum"},{"floor":10.0,"key":"Molten Egg 2"},{"floor":12.0,"key":"Happy Flower"},{"floor":24.0,"key":"Thread and Needle"},{"floor":25.0,"key":"PreservedInsect"},{"floor":26.0,"key":"Gambling Chip"},{"floor":31.0,"key":"Oddly Smooth Stone"},{"floor":32.0,"key":"Unceasing Top"},{"floor":40,"key":"Anchor"},{"floor":41,"key":"Letter Opener"},{"floor":43,"key":"Mercury Hourglass"},{"floor":44,"key":"Omamori"},{"floor":47,"key":"War Paint"},{"floor":49,"key":"InkBottle"}],"event_choices":[{"damage_healed":0.0,"max_hp_gain":5.0,"max_hp_loss":0.0,"gold_gain":0.0,"event_name":"Big Fish","player_choice":"Donut","floor":2.0,"gold_loss":0.0,"damage_taken":0.0},{"damage_healed":0.0,"max_hp_gain":0.0,"max_hp_loss":0.0,"gold_gain":0.0,"event_name":"Scrap Ooze","player_choice":"Success","floor":4.0,"gold_loss":0.0,"damage_taken":3.0,"relics_obtained":["Shovel"]},{"damage_healed":0.0,"max_hp_gain":0.0,"max_hp_loss":0.0,"gold_gain":0.0,"event_name":"Shining Light","player_choice":"Entered Light","floor":7.0,"gold_loss":0.0,"damage_taken":17.0,"cards_upgraded":["Defend_R","Strike_G"]},{"damage_healed":0.0,"max_hp_gain":0.0,"max_hp_loss":0.0,"gold_gain":0.0,"cards_transformed":["Defend_G"],"event_name":"Transmorgrifier","player_choice":"Transformed","floor":19.0,"gold_loss":0.0,"damage_taken":0.0,"cards_obtained":["Power Through"]},{"cards_removed":["Defend_P"],"damage_healed":0.0,"max_hp_gain":0.0,"max_hp_loss":0.0,"gold_gain":0.0,"event_name":"Back to Basics","player_choice":"Elegance","floor":22.0,"gold_loss":0.0,"damage_taken":0.0},{"damage_healed":34.0,"max_hp_gain":0.0,"max_hp_loss":0.0,"gold_gain":0.0,"event_name":"The Library","player_choice":"Heal","floor":29.0,"gold_loss":0.0,"damage_taken":0.0},{"cards_removed":["Survivor"],"damage_healed":0,"gold_gain":0,"player_choice":"Upgrade and Remove","damage_taken":0,"max_hp_gain":0,"max_hp_loss":0,"event_name":"Designer","floor":36,"gold_loss":90,"cards_upgraded":["Strike_R"]},{"cards_removed":["Power Through"],"damage_healed":15,"gold_gain":0,"player_choice":"Offered Uncommon","damage_taken":0,"max_hp_gain":0,"max_hp_loss":0,"event_name":"Bonfire Elementals","floor":46,"gold_loss":0}],"is_beta":false,"boss_relics":[{"not_picked":["Runic Cube","Cursed Key"],"picked":"Snecko Eye"},{"not_picked":["Velvet Choker","Calling Bell"],"picked":"Fusion Hammer"}],"items_purged_floors":[14,37,39],"is_endless":false,"potions_floor_spawned":[1,3,8,12,18,20,33,35,44,48],"ascension_level":0}}