{"host":"t8facflq355xg1wc","time":1612195099,"event":{"mods":["AchievementEnabler","BaseMod","DeckTracker","Minty Spire (QoL Compilation)","StSLib","SuperFastMode"],"gold_per_floor":[126,156,168,180,202,242,254,285,321,333,377,401,413,436,448,562,574,602,633,716,753,781,825,500,512,512,512,523,536,162,191,191,288,288,304,304,304,321,371,405,405,424,451,451,478,829,374,425,425,425],"floor_reached":51,"language":"KOR","playtime":7567,"items_purged":["Strike_G","Defend_G","Strike_G"],"score":805,"play_id":"cbb8673d-b9c5-4d6d-a52c-20ce08356bb8","local_time":"20210202005819","is_ascension_mode":false,"campfire_choices":[{"data":"Neutralize","floor":7,"key":"SMITH"},{"floor":10,"key":"REST"},{"data":"Night Terror","floor":15,"key":"SMITH"},{"floor":27,"key":"REST"},{"floor":32,"key":"REST"},{"data":"Calculated Gamble","floor":41,"key":"SMITH"},{"floor":44,"key":"REST"},{"floor":49,"key":"REST"}],"circlet_count":0,"master_deck":["Strike_G","Strike_G","Strike_G+1","Defend_G","Defend_G","Defend_G","Defend_G+1","Survivor","Neutralize+1","Calculated Gamble+1","PiercingWail","Blade Dance","Glass Knife","Infinite Blades","Underhanded Strike","Night Terror+1","Well Laid Plans","Neutralize","Footwork","Die Die Die","Distraction+1","Blade Dance+1","PiercingWail+1","Cloak And Dagger+1","Corpse Explosion","Acrobatics+1","Expertise+1","Blur","Deadly Poison+1","Noxious Fumes+1","Terror"],"relics":["Ring of the Snake","MawBank","Tiny Chest","Nunchaku","Omamori","Calling Bell","Anchor","Mercury Hourglass","Pocketwatch","Paper Crane","Red Mask","Lantern","Kunai","HornCleat","Membership Card","PreservedInsect","Ancient Tea Set","Dream Catcher","SlaversCollar","Bottled Flame","Lizard Tail","Tingsha","Boot","Singing Bowl","Old Coin","Mango","Blood Vial","HandDrill","Smiling Mask"],"acts_visited":["Exordium","TheCity","TheBeyond"],"potions_floor_usage":[6,6,11,16,16,21,23,33,33,50,50],"damage_taken":[{"damage":3,"enemies":"Small Slimes","floor":1,"turns":5},{"damage":1,"enemies":"Cultist","floor":2,"turns":4},{"damage":3,"enemies":"Jaw Worm","floor":5,"turns":4},{"damage":19,"enemies":"Lagavulin","floor":6,"turns":6},{"damage":2,"enemies":"Exordium Wildlife","floor":8,"turns":7},{"damage":6,"enemies":"Gremlin Nob","floor":11,"turns":3},{"damage":7,"enemies":"Large Slime","floor":12,"turns":6},{"damage":0,"enemies":"3 Louse","floor":14,"turns":4},{"damage":33,"enemies":"Slime Boss","floor":16,"turns":12},{"damage":0,"enemies":"3 Byrds","floor":18,"turns":4},{"damage":0,"enemies":"Chosen","floor":19,"turns":3},{"damage":0,"enemies":"Masked Bandits","floor":21,"turns":3},{"damage":22,"enemies":"Shelled Parasite and Fungi","floor":22,"turns":4},{"damage":13,"enemies":"Book of Stabbing","floor":23,"turns":3},{"damage":2,"enemies":"Centurion and Healer","floor":25,"turns":5},{"damage":0,"enemies":"Cultist and Chosen","floor":28,"turns":6},{"damage":1,"enemies":"3 Cultists","floor":29,"turns":5},{"damage":5,"enemies":"Slavers","floor":31,"turns":4},{"damage":30,"enemies":"Automaton","floor":33,"turns":12},{"damage":2,"enemies":"3 Darklings","floor":35,"turns":4},{"damage":0,"enemies":"3 Shapes","floor":38,"turns":3},{"damage":0,"enemies":"Mind Bloom Boss Battle","floor":39,"turns":6},{"damage":22,"enemies":"Nemesis","floor":40,"turns":5},{"damage":5,"enemies":"3 Darklings","floor":42,"turns":3},{"damage":1,"enemies":"Giant Head","floor":45,"turns":7},{"damage":8,"enemies":"2 Orb Walkers","floor":46,"turns":5},{"damage":44,"enemies":"Time Eater","floor":50,"turns":12}],"seed_played":"2156284561353785014","potions_obtained":[{"floor":1,"key":"FearPotion"},{"floor":2,"key":"Poison Potion"},{"floor":4,"key":"Fire Potion"},{"floor":11,"key":"LiquidBronze"},{"floor":14,"key":"Weak Potion"},{"floor":18,"key":"CunningPotion"},{"floor":22,"key":"PowerPotion"},{"floor":25,"key":"LiquidMemories"},{"floor":28,"key":"FearPotion"},{"floor":40,"key":"BlessingOfTheForge"},{"floor":42,"key":"FearPotion"}],"is_trial":false,"path_per_floor":["M","M","?","?","M","E","R","M","T","R","E","M","?","M","R","B",null,"M","M","T","?","M","E","$","M","T","R","M","M","$","E","R","B",null,"M","?","T","M","?","E","R","M","T","R","E","?","$","T","R","B",null],"character_chosen":"THE_SILENT","items_purchased":["Kunai","Membership Card","PreservedInsect","Ancient Tea Set","Explosive Potion","Mango","GamblersBrew","ColorlessPotion","Terror","Blood Vial","HandDrill"],"campfire_rested":5,"item_purchase_floors":[24,30,30,30,30,47,47,47,47,47,47],"current_hp_per_floor":[67,66,52,52,49,30,30,28,28,49,43,36,36,36,36,3,70,70,70,70,70,48,35,35,33,33,54,54,53,53,48,69,39,70,68,70,70,70,70,48,48,43,43,64,65,59,73,73,90,46],"gold":425,"neow_bonus":"RANDOM_COMMON_RELIC","is_daily":false,"chose_seed":false,"campfire_upgraded":3,"win_rate":0.0,"timestamp":1612195099,"path_taken":["M","M","?","?","M","E","R","?","T","R","E","M","?","M","R","BOSS","M","?","?","?","M","E","?","M","T","R","M","M","$","E","R","BOSS","M","?","?","?","?","E","R","M","T","R","E","?","$","?","R","BOSS"],"items_purchased_type":["Relic","Relic","Relic","Relic","Potion","Relic","Potion","Potion","Card","Relic","Relic"],"build_version":"2020-12-22","purchased_purges":3,"victory":true,"max_hp_per_floor":[70,70,70,70,70,70,70,70,70,70,70,70,70,70,70,70,70,70,70,70,70,70,70,70,70,70,70,70,70,70,70,70,70,70,70,70,70,70,70,70,70,70,70,70,72,74,88,88,90,90],"card_choices":[{"not_picked":["Eviscerate","Flechettes"],"picked":"Calculated Gamble","floor":1},{"not_picked":["Deflect","Prepared","Sucker Punch"],"picked":"SKIP","floor":2},{"not_picked":["Acrobatics","Poisoned Stab"],"picked":"PiercingWail","floor":5},{"not_picked":["Burst","Skewer"],"picked":"Blade Dance","floor":6},{"not_picked":["Heel Hook","Blade Dance","Endless Agony"],"picked":"SKIP","floor":8},{"not_picked":["Prepared","Deflect"],"picked":"Glass Knife","floor":11},{"not_picked":["Well Laid Plans","Deflect"],"picked":"Infinite Blades","floor":12},{"not_picked":["PiercingWail","Skewer"],"picked":"Footwork","floor":14},{"not_picked":["A Thousand Cuts","Unload"],"picked":"Die Die Die","floor":16},{"not_picked":["Bane","Masterful Stab+1","Tactician"],"picked":"SKIP","floor":18},{"not_picked":["Bane+1","Outmaneuver","Dodge and Roll"],"picked":"SKIP","floor":19},{"not_picked":["Deflect","Endless Agony"],"picked":"Distraction+1","floor":21},{"not_picked":["Deflect","Skewer+1"],"picked":"Blade Dance+1","floor":22},{"not_picked":["Bane+1","Malaise"],"picked":"PiercingWail+1","floor":23},{"not_picked":["Backflip","Deflect+1","Cloak And Dagger"],"picked":"SKIP","floor":25},{"not_picked":["Infinite Blades","Dagger Spray","Riddle With Holes"],"picked":"SKIP","floor":28},{"not_picked":["Tactician+1","Quick Slash","PiercingWail"],"picked":"SKIP","floor":29},{"not_picked":["Reflex","Dagger Spray"],"picked":"Cloak And Dagger+1","floor":31},{"not_picked":["Glass Knife","Bullet Time"],"picked":"Corpse Explosion","floor":33},{"not_picked":["Eviscerate+1","Dash"],"picked":"Acrobatics+1","floor":35},{"not_picked":["Bouncing Flask","Prepared+1"],"picked":"Expertise+1","floor":38},{"not_picked":["Blade Dance+1","Sucker Punch+1"],"picked":"Blur","floor":39},{"not_picked":["Eviscerate","Skewer+1"],"picked":"Deadly Poison+1","floor":40},{"not_picked":["Dash","All Out Attack+1","Sucker Punch+1"],"picked":"SKIP","floor":42},{"not_picked":["Outmaneuver+1","Deadly Poison"],"picked":"Noxious Fumes+1","floor":44},{"not_picked":["Dodge and Roll+1","Well Laid Plans+1","Doppelganger"],"picked":"Singing Bowl","floor":45},{"not_picked":["Riddle With Holes+1","Flechettes","Underhanded Strike"],"picked":"Singing Bowl","floor":46},{"not_picked":["PiercingWail+1","Endless Agony+1","Quick Slash+1"],"picked":"Singing Bowl","floor":49}],"player_experience":80949,"relics_obtained":[{"floor":6,"key":"Tiny Chest"},{"floor":9,"key":"Nunchaku"},{"floor":11,"key":"Omamori"},{"floor":17,"key":"Anchor"},{"floor":17,"key":"Mercury Hourglass"},{"floor":17,"key":"Pocketwatch"},{"floor":20,"key":"Paper Crane"},{"floor":21,"key":"Red Mask"},{"floor":23,"key":"Lantern"},{"floor":26,"key":"HornCleat"},{"floor":31,"key":"Dream Catcher"},{"floor":37,"key":"Bottled Flame"},{"floor":39,"key":"Lizard Tail"},{"floor":40,"key":"Tingsha"},{"floor":43,"key":"Boot"},{"floor":45,"key":"Singing Bowl"},{"floor":46,"key":"Old Coin"},{"floor":48,"key":"Smiling Mask"}],"event_choices":[{"damage_healed":0,"gold_gain":0,"player_choice":"Entered Light","damage_taken":14,"max_hp_gain":0,"max_hp_loss":0,"event_name":"Shining Light","floor":3,"gold_loss":0,"cards_upgraded":["Strike_G","Defend_G"]},{"damage_healed":0,"gold_gain":0,"player_choice":"Got Potions","damage_taken":0,"max_hp_gain":0,"max_hp_loss":0,"event_name":"Lab","floor":4,"gold_loss":0},{"damage_healed":0,"gold_gain":0,"player_choice":"4 cards matched","damage_taken":0,"max_hp_gain":0,"max_hp_loss":0,"event_name":"Match and Keep!","floor":13,"gold_loss":0,"cards_obtained":["Underhanded Strike","Night Terror","Well Laid Plans","Neutralize"]},{"damage_healed":0,"gold_gain":0,"player_choice":"Fought Bandits","damage_taken":0,"max_hp_gain":0,"max_hp_loss":0,"event_name":"Masked Bandits","floor":21,"gold_loss":0},{"damage_healed":18,"gold_gain":0,"player_choice":"Writhe","damage_taken":0,"max_hp_gain":0,"max_hp_loss":0,"event_name":"Winding Halls","floor":36,"gold_loss":0,"cards_obtained":["Writhe"]},{"damage_healed":0,"gold_gain":0,"player_choice":"Fight","damage_taken":0,"max_hp_gain":0,"max_hp_loss":0,"event_name":"MindBloom","floor":39,"gold_loss":0},{"damage_healed":0,"gold_gain":0,"player_choice":"Fight","damage_taken":0,"max_hp_gain":0,"max_hp_loss":0,"event_name":"Mysterious Sphere","floor":46,"gold_loss":0}],"is_beta":false,"boss_relics":[{"not_picked":["SacredBark","WristBlade"],"picked":"Calling Bell"},{"not_picked":["Velvet Choker","Cursed Key"],"picked":"SlaversCollar"}],"items_purged_floors":[24,30,47],"is_endless":false,"potions_floor_spawned":[1,2,11,14,18,22,25,28,40,42,45],"ascension_level":0}}