{"host":"0kk91h4bq4kgfj0u","time":1612196551,"event":{"mods":["BaseMod","Minty Spire (QoL Compilation)","StSLib"],"gold_per_floor":[119,119,139,155,172,172,204,204,204,204,237,254,311,311,311,410,410,427,342,342,352,6,31,31,47,47,47,66,85,10,20,20,20,20],"floor_reached":33,"language":"ENG","playtime":1535,"items_purged":[],"score":385,"play_id":"0478d870-5c90-400d-b302-f68df985fe55","local_time":"20210201112231","is_ascension_mode":true,"campfire_choices":[{"floor":6,"key":"REST"},{"data":"Noxious Fumes","floor":8,"key":"SMITH"},{"data":"Blade Dance","floor":10,"key":"SMITH"},{"floor":15,"key":"REST"},{"floor":24,"key":"REST"},{"floor":27,"key":"REST"},{"floor":32,"key":"REST"}],"circlet_count":0,"master_deck":["Strike_G","Strike_G","Strike_G","Strike_G","Strike_G","Defend_G","Defend_G","Defend_G","Defend_G","Defend_G","Survivor","Neutralize","Footwork","Dagger Spray","Flying Knee","Noxious Fumes+1","Blade Dance+1","Deflect","Slice","Skewer","A Thousand Cuts","Flying Knee","Dash+1","Reflex+1","Calculated Gamble+1","Deadly Poison+1","Quick Slash","Tactician+1"],"relics":["Ring of the Snake","Bronze Scales","Pear","Pantograph","Question Card","Strawberry","HoveringKite","Happy Flower","Membership Card","MealTicket","Ninja Scroll","Toxic Egg 2","Darkstone Periapt","TwistedFunnel"],"acts_visited":["Exordium","TheCity"],"potions_floor_usage":[11,13,23,28,29,33],"damage_taken":[{"damage":1,"enemies":"Cultist","floor":1,"turns":4},{"damage":5,"enemies":"Jaw Worm","floor":3,"turns":5},{"damage":1,"enemies":"2 Louse","floor":4,"turns":3},{"damage":3,"enemies":"Blue Slaver","floor":5,"turns":4},{"damage":12,"enemies":"3 Sentries","floor":7,"turns":6},{"damage":29,"enemies":"Lagavulin","floor":11,"turns":7},{"damage":11,"enemies":"Exordium Wildlife","floor":12,"turns":4},{"damage":10,"enemies":"3 Sentries","floor":13,"turns":5},{"damage":49,"enemies":"Hexaghost","floor":16,"turns":10},{"damage":30,"enemies":"Spheric Guardian","floor":18,"turns":5},{"damage":7,"enemies":"3 Byrds","floor":21,"turns":4},{"damage":6,"enemies":"Gremlin Leader","floor":23,"turns":6},{"damage":14,"enemies":"Snake Plant","floor":25,"turns":5},{"damage":10,"enemies":"Chosen and Byrds","floor":28,"turns":5},{"damage":17,"enemies":"3 Cultists","floor":29,"turns":5},{"damage":6,"enemies":"Cultist and Chosen","floor":31,"turns":4},{"damage":111,"enemies":"Champ","floor":33,"turns":9}],"seed_played":"8902889861744938564","potions_obtained":[{"floor":1,"key":"SneckoOil"},{"floor":7,"key":"BlessingOfTheForge"},{"floor":12,"key":"SteroidPotion"},{"floor":16,"key":"Block Potion"},{"floor":23,"key":"CunningPotion"},{"floor":25,"key":"Swift Potion"},{"floor":31,"key":"SpeedPotion"}],"is_trial":false,"path_per_floor":["M","?","M","M","M","R","E","R","T","R","E","M","?","?","R","B",null,"M","?","?","M","$","E","R","M","T","R","M","M","$","M","R","B"],"character_chosen":"THE_SILENT","items_purchased":["Membership Card","MealTicket","Ninja Scroll","TwistedFunnel"],"campfire_rested":5,"item_purchase_floors":[22,22,22,30],"current_hp_per_floor":[62,62,57,56,53,70,68,68,68,68,39,28,25,25,51,27,72,42,42,42,35,35,29,55,41,41,67,57,40,55,49,75,0,0],"gold":20,"neow_bonus":"RANDOM_COMMON_RELIC","is_daily":false,"chose_seed":false,"campfire_upgraded":2,"win_rate":0.0,"timestamp":1612196551,"path_taken":["M","?","M","M","M","R","E","R","T","R","E","M","?","?","R","BOSS","M","?","?","M","$","E","R","M","T","R","M","M","$","M","R","BOSS"],"items_purchased_type":["Relic","Relic","Relic","Relic"],"build_version":"2020-12-22","purchased_purges":0,"victory":false,"max_hp_per_floor":[70,70,70,70,70,70,80,80,80,80,80,80,87,87,87,87,87,87,87,87,87,87,87,87,87,87,87,87,87,87,87,87,87,87],"card_choices":[{"not_picked":["Deadly Poison","Outmaneuver"],"picked":"Footwork","floor":1},{"not_picked":["Outmaneuver","PiercingWail"],"picked":"Dagger Spray","floor":3},{"not_picked":["Deflect","Poisoned Stab"],"picked":"Flying Knee","floor":4},{"not_picked":["Underhanded Strike","Prepared"],"picked":"Noxious Fumes","floor":5},{"not_picked":["Deflect","Flying Knee"],"picked":"Blade Dance","floor":7},{"not_picked":["Blade Dance","Skewer"],"picked":"Deflect","floor":11},{"not_picked":["Venomology","Blade Dance","Flying Knee"],"picked":"Slice","floor":12},{"not_picked":["Bane","Dagger Spray","PiercingWail"],"picked":"Skewer","floor":13},{"not_picked":["Night Terror","After Image","Die Die Die"],"picked":"A Thousand Cuts","floor":16},{"not_picked":["Choke","Caltrops","Deadly Poison+1"],"picked":"Flying Knee","floor":18},{"not_picked":["Blade Dance","Heel Hook","Flechettes"],"picked":"Dash+1","floor":21},{"not_picked":["Skewer","PiercingWail+1","Well Laid Plans"],"picked":"Reflex+1","floor":23},{"not_picked":["Deadly Poison+1","Tactician+1","Deflect+1"],"picked":"Calculated Gamble+1","floor":25},{"not_picked":["Outmaneuver+1","Acrobatics+1","Endless Agony"],"picked":"Deadly Poison+1","floor":28},{"not_picked":["Dagger Throw","Heel Hook","Acrobatics+1"],"picked":"Quick Slash","floor":29},{"not_picked":["Well Laid Plans","Prepared+1","Blade Dance+1"],"picked":"Tactician+1","floor":31}],"player_experience":834996,"relics_obtained":[{"floor":7,"key":"Pear"},{"floor":9,"key":"Pantograph"},{"floor":11,"key":"Question Card"},{"floor":13,"key":"Strawberry"},{"floor":23,"key":"Toxic Egg 2"},{"floor":26,"key":"Darkstone Periapt"}],"event_choices":[{"damage_healed":0,"gold_gain":0,"player_choice":"Ignored","damage_taken":0,"max_hp_gain":0,"max_hp_loss":0,"event_name":"Liars Game","floor":2,"gold_loss":0},{"damage_healed":0,"gold_gain":0,"player_choice":"Searched \u00271\u0027 times","damage_taken":0,"max_hp_gain":0,"max_hp_loss":0,"event_name":"Dead Adventurer","floor":13,"gold_loss":0},{"damage_healed":0,"gold_gain":0,"player_choice":"Ignored","damage_taken":0,"max_hp_gain":0,"max_hp_loss":0,"event_name":"Shining Light","floor":14,"gold_loss":0},{"damage_healed":0,"gold_gain":0,"player_choice":"Obtained Relic","damage_taken":0,"relics_obtained":["Happy Flower"],"max_hp_gain":0,"max_hp_loss":0,"event_name":"Addict","floor":19,"gold_loss":85},{"damage_healed":0,"gold_gain":0,"player_choice":"Ignored","damage_taken":0,"max_hp_gain":0,"max_hp_loss":0,"event_name":"Vampires","floor":20,"gold_loss":0}],"is_beta":false,"boss_relics":[{"not_picked":["SlaversCollar","Sozu"],"picked":"HoveringKite"}],"items_purged_floors":[],"is_endless":false,"potions_floor_spawned":[1,7,12,16,23,25,31],"killed_by":"Champ","ascension_level":6}}