{"host":"6kyqgln1ip325a4v","time":1612188229,"event":{"mods":["BaseMod","Minty Spire (QoL Compilation)"],"gold_per_floor":[111,122,122,122,72,106,106,138,165,181,181,208,221,235,235,331,331,346,359,359,359,369,369,395,395,395,310,310,323,356,1,1,96,96,115,126,6,22,40,75,75,103,126,138,167,179,191,0,12,24,36,48,1,33,33,33],"floor_reached":55,"language":"ENG","playtime":2590,"items_purged":["Survivor"],"score":824,"play_id":"610738db-2efe-42df-9919-3caee77b4de9","local_time":"20210201090349","is_ascension_mode":true,"campfire_choices":[{"data":"Sucker Punch","floor":7,"key":"SMITH"},{"floor":15,"key":"REST"},{"data":"Night Terror","floor":23,"key":"SMITH"},{"data":"Dash","floor":28,"key":"SMITH"},{"floor":32,"key":"REST"},{"data":"Sucker Punch","floor":41,"key":"SMITH"},{"floor":46,"key":"REST"},{"floor":49,"key":"RECALL"},{"data":"Accuracy","floor":52,"key":"SMITH"}],"circlet_count":0,"master_deck":["Strike_G+1","Strike_G+1","Strike_G+1","Strike_G+1","Defend_G+1","Defend_G+1","Defend_G+1","Defend_G+1","Defend_G+1","Neutralize+1","Dagger Spray","Sucker Punch+1","Endless Agony","Deadly Poison","Caltrops","Deadly Poison","Dagger Throw","Quick Slash","Dash+1","Night Terror+1","Blade Dance","Quick Slash","Necronomicurse","Dodge and Roll","Sucker Punch+1","Corpse Explosion","PiercingWail+1","Accuracy+1","Acrobatics","Accuracy+1","Noxious Fumes"],"relics":["Ring of the Serpent","NeowsBlessing","Bag of Marbles","Art of War","White Beast Statue","Busted Crown","Necronomicon","Nunchaku","Mummified Hand","Bronze Scales","Ornamental Fan","Membership Card","Eternal Feather","Vajra","Lantern","Paper Crane","Toy Ornithopter","MawBank","Red Mask","Mercury Hourglass"],"acts_visited":["Exordium","TheCity","TheBeyond","TheEnding"],"potions_floor_usage":[8,12,12,16,18,19,24,24,24,29,30,33,38,39,40,42,42,44,45,50,55],"damage_taken":[{"damage":0,"enemies":"Small Slimes","floor":1,"turns":1},{"damage":0,"enemies":"2 Louse","floor":2,"turns":1},{"damage":0,"enemies":"Gremlin Nob","floor":6,"turns":1},{"damage":22,"enemies":"Lagavulin","floor":8,"turns":9},{"damage":0,"enemies":"Cultist","floor":10,"turns":2},{"damage":1,"enemies":"3 Sentries","floor":12,"turns":2},{"damage":9,"enemies":"Large Slime","floor":13,"turns":6},{"damage":0,"enemies":"2 Fungi Beasts","floor":14,"turns":2},{"damage":19,"enemies":"Slime Boss","floor":16,"turns":12},{"damage":0,"enemies":"3 Byrds","floor":18,"turns":4},{"damage":0,"enemies":"Chosen","floor":19,"turns":4},{"damage":0,"enemies":"Shelled Parasite and Fungi","floor":22,"turns":3},{"damage":19,"enemies":"Gremlin Leader","floor":24,"turns":6},{"damage":8,"enemies":"3 Cultists","floor":29,"turns":3},{"damage":36,"enemies":"Book of Stabbing","floor":30,"turns":4},{"damage":54,"enemies":"Collector","floor":33,"turns":12},{"damage":4,"enemies":"Orb Walker","floor":35,"turns":3},{"damage":0,"enemies":"3 Darklings","floor":36,"turns":2},{"damage":22,"enemies":"Spire Growth","floor":38,"turns":4},{"damage":0,"enemies":"Jaw Worm Horde","floor":39,"turns":2},{"damage":34,"enemies":"Reptomancer","floor":40,"turns":7},{"damage":35,"enemies":"Giant Head","floor":42,"turns":10},{"damage":0,"enemies":"3 Darklings","floor":44,"turns":1},{"damage":12,"enemies":"Transient","floor":45,"turns":5},{"damage":60,"enemies":"Awakened One","floor":50,"turns":20},{"damage":48,"enemies":"Shield and Spear","floor":54,"turns":6},{"damage":44,"enemies":"The Heart","floor":55,"turns":6}],"seed_played":"5495258846058503645","potions_obtained":[{"floor":2,"key":"BlessingOfTheForge"},{"floor":8,"key":"SkillPotion"},{"floor":10,"key":"Energy Potion"},{"floor":13,"key":"SpeedPotion"},{"floor":14,"key":"GamblersBrew"},{"floor":16,"key":"DistilledChaos"},{"floor":18,"key":"Regen Potion"},{"floor":19,"key":"Fruit Juice"},{"floor":22,"key":"FearPotion"},{"floor":24,"key":"PowerPotion"},{"floor":29,"key":"FearPotion"},{"floor":30,"key":"Block Potion"},{"floor":33,"key":"DuplicationPotion"},{"floor":35,"key":"Dexterity Potion"},{"floor":36,"key":"GhostInAJar"},{"floor":38,"key":"Regen Potion"},{"floor":39,"key":"Energy Potion"},{"floor":40,"key":"CultistPotion"},{"floor":42,"key":"SmokeBomb"},{"floor":45,"key":"Regen Potion"},{"floor":54,"key":"CunningPotion"}],"is_trial":false,"path_per_floor":["M","M","?","?","?","E","R","E","T","M","?","E","M","M","R","B",null,"M","M","?","?","M","R","E","?","T","?","R","M","E","$","R","B",null,"M","M","$","M","M","E","R","E","T","M","M","R","?","?","R","B",null,"R","$","E","B"],"character_chosen":"THE_SILENT","items_purchased":["Membership Card","Eternal Feather","Vajra","Lantern","Accuracy","Acrobatics","Noxious Fumes"],"campfire_rested":3,"item_purchase_floors":[31,31,31,37,37,37,53],"current_hp_per_floor":[70,70,70,75,75,75,75,53,53,53,53,52,43,43,65,46,75,75,80,80,64,64,64,60,60,60,60,60,52,16,16,55,1,80,76,76,76,54,54,35,53,18,18,23,16,58,58,58,76,36,80,80,80,32,0,0],"gold":33,"neow_bonus":"THREE_ENEMY_KILL","is_daily":false,"chose_seed":false,"campfire_upgraded":5,"win_rate":0.0,"timestamp":1612188229,"path_taken":["M","M","?","?","?","E","R","E","T","M","?","E","?","M","R","BOSS","M","M","?","?","M","R","E","?","T","?","R","M","E","$","R","BOSS","M","M","$","M","M","E","R","E","T","M","M","R","?","?","R","BOSS","R","$","E","BOSS"],"items_purchased_type":["Relic","Relic","Relic","Relic","Card","Card","Card"],"build_version":"2020-12-22","purchased_purges":1,"victory":false,"max_hp_per_floor":[70,70,70,75,75,75,75,75,75,75,75,75,75,75,75,75,75,75,80,80,80,80,80,80,80,80,80,80,80,80,80,80,80,80,80,80,80,80,80,80,80,80,80,80,80,80,80,80,80,80,80,80,80,80,80,80],"card_choices":[{"not_picked":["Acrobatics","Prepared"],"picked":"Dagger Spray","floor":1},{"not_picked":["Backflip","Blade Dance"],"picked":"Sucker Punch","floor":2},{"not_picked":["Backflip","Dagger Spray"],"picked":"Endless Agony","floor":6},{"not_picked":["Prepared","Blade Dance"],"picked":"Deadly Poison","floor":8},{"not_picked":["Sucker Punch","Prepared"],"picked":"Caltrops","floor":10},{"not_picked":["Doppelganger","Cloak And Dagger"],"picked":"Dagger Throw","floor":12},{"not_picked":["Setup","Flechettes"],"picked":"Quick Slash","floor":13},{"not_picked":["Deflect","Dagger Spray"],"picked":"Dash","floor":14},{"not_picked":["Doppelganger","Envenom"],"picked":"Night Terror","floor":16},{"not_picked":[],"picked":"Blade Dance","floor":18},{"not_picked":[],"picked":"Quick Slash","floor":19},{"not_picked":[],"picked":"Dodge and Roll","floor":22},{"not_picked":[],"picked":"Sucker Punch","floor":24},{"not_picked":["Cloak And Dagger"],"picked":"SKIP","floor":29},{"not_picked":["Masterful Stab"],"picked":"SKIP","floor":30},{"not_picked":[],"picked":"Corpse Explosion","floor":33},{"not_picked":[],"picked":"PiercingWail+1","floor":35},{"not_picked":["PiercingWail"],"picked":"SKIP","floor":36},{"not_picked":["Catalyst"],"picked":"SKIP","floor":38},{"not_picked":["Expertise"],"picked":"SKIP","floor":39},{"not_picked":["Slice"],"picked":"SKIP","floor":40},{"not_picked":["Poisoned Stab+1"],"picked":"SKIP","floor":42},{"not_picked":[],"picked":"Accuracy+1","floor":45},{"not_picked":["Corpse Explosion"],"picked":"SKIP","floor":54}],"player_experience":163465,"relics_obtained":[{"floor":6,"key":"Bag of Marbles"},{"floor":8,"key":"Art of War"},{"floor":12,"key":"White Beast Statue"},{"floor":21,"key":"Necronomicon"},{"floor":24,"key":"Nunchaku"},{"floor":26,"key":"Mummified Hand"},{"floor":30,"key":"Ornamental Fan"},{"floor":40,"key":"Paper Crane"},{"floor":42,"key":"Toy Ornithopter"},{"floor":43,"key":"MawBank"},{"floor":54,"key":"Mercury Hourglass"}],"event_choices":[{"damage_healed":0,"gold_gain":0,"player_choice":"Grow","damage_taken":0,"max_hp_gain":0,"max_hp_loss":0,"event_name":"Living Wall","floor":3,"gold_loss":0,"cards_upgraded":["Neutralize"]},{"damage_healed":0,"gold_gain":0,"player_choice":"Donut","damage_taken":0,"max_hp_gain":5,"max_hp_loss":0,"event_name":"Big Fish","floor":4,"gold_loss":0},{"cards_removed":["Strike_G"],"damage_healed":0,"gold_gain":0,"player_choice":"Card Removal","damage_taken":0,"max_hp_gain":0,"max_hp_loss":0,"event_name":"The Cleric","floor":5,"gold_loss":50},{"damage_healed":0,"gold_gain":0,"player_choice":"1 cards matched","damage_taken":0,"max_hp_gain":0,"max_hp_loss":0,"event_name":"Match and Keep!","floor":11,"gold_loss":0,"cards_obtained":["Deadly Poison"]},{"damage_healed":0,"gold_gain":0,"player_choice":"Simplicity","damage_taken":0,"max_hp_gain":0,"max_hp_loss":0,"event_name":"Back to Basics","floor":20,"gold_loss":0,"cards_upgraded":["Strike_G","Strike_G","Strike_G","Strike_G","Defend_G","Defend_G","Defend_G","Defend_G","Defend_G"]},{"damage_healed":0,"gold_gain":0,"player_choice":"Obtained Book","damage_taken":16,"max_hp_gain":0,"max_hp_loss":0,"event_name":"Cursed Tome","floor":21,"gold_loss":0},{"damage_healed":0,"gold_gain":0,"player_choice":"Ignored","damage_taken":0,"max_hp_gain":0,"max_hp_loss":0,"event_name":"Vampires","floor":25,"gold_loss":0},{"damage_healed":0,"gold_gain":0,"player_choice":"Obtained Relic","damage_taken":0,"relics_obtained":["Bronze Scales"],"max_hp_gain":0,"max_hp_loss":0,"event_name":"Addict","floor":27,"gold_loss":85},{"damage_healed":0,"gold_gain":0,"player_choice":"Ignored","damage_taken":0,"max_hp_gain":0,"max_hp_loss":0,"event_name":"Mysterious Sphere","floor":47,"gold_loss":0},{"damage_healed":0,"gold_gain":0,"player_choice":"Paid","damage_taken":0,"relics_obtained":["Red Mask"],"max_hp_gain":0,"max_hp_loss":0,"event_name":"Tomb of Lord Red Mask","floor":48,"gold_loss":203}],"is_beta":false,"boss_relics":[{"not_picked":["Cursed Key","Runic Pyramid"],"picked":"Busted Crown"},{"not_picked":["SlaversCollar","SacredBark"],"picked":"Ring of the Serpent"}],"items_purged_floors":[53],"is_endless":false,"potions_floor_spawned":[2,8,10,13,14,16,18,19,22,24,29,30,33,35,36,38,39,40,42,44,45,54],"killed_by":"The Heart","ascension_level":1}}