{"host":"osfffw6eu3utmcte","time":1612183551,"event":{"mods":["AchievementEnabler","BaseMod","Downfall","Hermit","Jorbs\u0027s Wanderer Trilogy","Minty Spire (QoL Compilation)","StSLib","The Cursed"],"gold_per_floor":[99,117,42,42,61,46,46,76,94,54,73,73,84,103,114,218,218,168,180,180,180,200,231,258,277,293,94,119,119,69,87,103,204,204,154,154,170,19,35,35,87,87,113,128,78,178,128,163,182,182],"floor_reached":51,"language":"ENG","playtime":6422,"items_purged":["downfall:Aged","Pain"],"score":1074,"play_id":"db154fa0-0683-4a3c-b356-040fd7cf98ed","local_time":"20210201134551","is_ascension_mode":false,"campfire_choices":[{"data":"Slimebound:Split","floor":1,"key":"SMITH"},{"data":"Slimebound:SelfFormingGoo","floor":18,"key":"SMITH"},{"floor":30,"key":"RECALL"},{"data":"Slimebound:GrowthPunch","floor":35,"key":"SMITH"},{"floor":45,"key":"REST"},{"data":"Slimebound:RallyTheTroops","floor":47,"key":"SMITH"}],"circlet_count":0,"master_deck":["Slimebound:Strike_Slimebound+1","Slimebound:Strike_Slimebound","Slimebound:Strike_Slimebound","Slimebound:Tackle","Slimebound:Defend_Slimebound","Slimebound:Defend_Slimebound","Slimebound:Defend_Slimebound","Slimebound:Defend_Slimebound","Slimebound:Split+1","Slimebound:CorrosiveSpit","Slimebound:ItLooksTasty","Slimebound:SplitBruiser","Slimebound:FinishingTackle","Slimebound:GoopSpray+1","Slimebound:SplitLeeching+1","Slimebound:SamplingLick+1","Slimebound:SlimeTap+1","Slimebound:SplitLeeching+1","Slimebound:SelfFormingGoo+1","Slimebound:Repurpose+1","Slimebound:SlimeSpikes+1","Slimebound:SlimeSpikes+1","Slimebound:GrowthPunch+1","Slimebound:SplitLeeching+1","Slimebound:PrepareCrush+1","Slimebound:AcidTongue","Slimebound:SamplingLick+1","Slimebound:Replication+1","Slimebound:Equalize","Slimebound:SplitAcid+1","Slimebound:MassRepurpose+1","Slimebound:LevelUp","Slimebound:Prepare+1","Slimebound:SplitMire+1","Clumsy","expansioncontent:PolyBeam","expansioncontent:LastStand","expansioncontent:Chronoboost","Slimebound:LivingWall+1","Slimebound:Prepare+1","downfall:Haunted","downfall:Haunted","Writhe","Slimebound:RallyTheTroops+1","stsjorbsmod:Amnesia","Regret","Slimebound:SplitLeeching+1"],"relics":["Busted Crown","Slimebound:GreedOozeRelic","Blood Vial","Slimebound:AggressiveSlimeRelic","Toxic Egg 2","Cursed Key","Bronze Scales","Kunai","Smiling Mask","Mummified Hand","Lee\u0027s Waffle","Slimebound:MaxSlimesRelic","SlaversCollar","WarpedTongs","Happy Flower","Frozen Egg 2","Darkstone Periapt","Bottled Lightning"],"acts_visited":["Exordium","TheCity","TheBeyond"],"potions_floor_usage":[16,16,22,22,25,26,32,37,49,50],"damage_taken":[{"damage":6,"enemies":"Jaw Worm","floor":2,"turns":3},{"damage":0,"enemies":"Cultist","floor":5,"turns":3},{"damage":6,"enemies":"downfall:FleeingMerchant","floor":6,"turns":4},{"damage":18,"enemies":"Gremlin Nob","floor":8,"turns":3},{"damage":7,"enemies":"Small Slimes","floor":9,"turns":3},{"damage":5,"enemies":"downfall:FleeingMerchant","floor":10,"turns":4},{"damage":0,"enemies":"2 Fungi Beasts","floor":11,"turns":3},{"damage":0,"enemies":"Lots of Slimes","floor":13,"turns":3},{"damage":9,"enemies":"Large Slime","floor":14,"turns":3},{"damage":0,"enemies":"Exordium Thugs","floor":15,"turns":2},{"damage":0,"enemies":"WA_ARCHETYPE_RETAIN","floor":16,"turns":4},{"damage":0,"enemies":"Spheric Guardian","floor":19,"turns":2},{"damage":0,"enemies":"Shell Parasite","floor":22,"turns":3},{"damage":1,"enemies":"Book of Stabbing","floor":23,"turns":4},{"damage":0,"enemies":"Shelled Parasite and Fungi","floor":25,"turns":4},{"damage":17,"enemies":"Snecko","floor":26,"turns":3},{"damage":10,"enemies":"downfall:FleeingMerchant","floor":27,"turns":4},{"damage":0,"enemies":"Gremlin Leader","floor":28,"turns":6},{"damage":6,"enemies":"Cultist and Chosen","floor":31,"turns":2},{"damage":0,"enemies":"Snake Plant","floor":32,"turns":2},{"damage":9,"enemies":"SI_MIRROR_ARCHETYPE","floor":33,"turns":6},{"damage":8,"enemies":"3 Darklings","floor":37,"turns":5},{"damage":0,"enemies":"Orb Walker","floor":39,"turns":3},{"damage":0,"enemies":"Nemesis","floor":43,"turns":3},{"damage":23,"enemies":"Jaw Worm Horde","floor":44,"turns":4},{"damage":0,"enemies":"Giant Head","floor":48,"turns":6},{"damage":10,"enemies":"3 Darklings","floor":49,"turns":4},{"damage":18,"enemies":"DF_ARCHETYPE_ORBS","floor":50,"turns":8}],"seed_played":"-5177592582270196941","potions_obtained":[{"floor":5,"key":"EssenceOfSteel"},{"floor":8,"key":"Energy Potion"},{"floor":12,"key":"EntropicBrew"},{"floor":12,"key":"ColorlessPotion"},{"floor":16,"key":"Block Potion"},{"floor":25,"key":"LiquidMemories"},{"floor":26,"key":"LiquidBronze"},{"floor":31,"key":"GamblersBrew"},{"floor":32,"key":"BlessingOfTheForge"},{"floor":33,"key":"SneckoOil"},{"floor":37,"key":"Ancient Potion"},{"floor":39,"key":"bronze:BurnAndBuffPotion"},{"floor":48,"key":"PowerPotion"}],"is_trial":false,"path_per_floor":["R","M","?","T","M","$","T","E","M","$","M","?","M","M","M","B",null,"R","M","?","?","M","E","T","M","M","$","E","?","R","M","M","B",null,"R","?","M","$","M","$","T","?","E","M","R","?","R","E","M","B",null],"character_chosen":"SLIMEBOUND","items_purchased":["Slimebound:SamplingLick+1","Mummified Hand","Slimebound:AcidTongue","Slimebound:SamplingLick+1","Lee\u0027s Waffle","Slimebound:LevelUp","Slimebound:Prepare+1"],"campfire_rested":1,"item_purchase_floors":[10,27,27,27,27,38,38],"current_hp_per_floor":[65,59,59,59,61,57,57,41,36,33,35,35,37,30,32,34,65,65,65,65,57,59,60,60,62,47,72,72,62,62,58,60,57,72,72,72,68,68,70,70,70,60,62,41,62,97,97,103,99,95],"gold":182,"neow_bonus":"BOSS_RELIC","is_daily":false,"chose_seed":false,"campfire_upgraded":4,"win_rate":0.0,"timestamp":1612183551,"path_taken":["R","M","?","?","M","?","T","E","M","$","?","?","?","M","M","BOSS","R","M","?","?","M","E","T","?","M","$","E","?","R","M","M","BOSS","R","?","M","$","M","?","T","?","E","?","R","?","R","E","M","BOSS"],"items_purchased_type":["Card","Relic","Card","Card","Relic","Card","Card"],"build_version":"2020-12-22","purchased_purges":2,"victory":true,"max_hp_per_floor":[65,65,65,65,65,65,65,65,65,65,65,65,65,65,65,65,65,65,65,65,65,65,65,65,65,65,72,72,72,72,72,72,72,72,72,72,72,72,72,72,72,72,72,72,72,107,107,107,107,107],"card_choices":[{"not_picked":[],"picked":"Slimebound:ItLooksTasty","floor":2},{"not_picked":[],"picked":"Slimebound:SplitBruiser","floor":5},{"not_picked":["Slimebound:SlimeSlap"],"picked":"SKIP","floor":6},{"not_picked":[],"picked":"Slimebound:FinishingTackle","floor":8},{"not_picked":[],"picked":"Slimebound:GoopSpray+1","floor":9},{"not_picked":[],"picked":"Slimebound:SplitLeeching+1","floor":10},{"not_picked":["Slimebound:PressTheAttack"],"picked":"SKIP","floor":11},{"not_picked":["Slimebound:ForwardTackle"],"picked":"SKIP","floor":13},{"not_picked":[],"picked":"Slimebound:SlimeTap+1","floor":14},{"not_picked":[],"picked":"Slimebound:SplitLeeching+1","floor":15},{"not_picked":[],"picked":"Slimebound:SelfFormingGoo","floor":16},{"not_picked":[],"picked":"Slimebound:Repurpose+1","floor":19},{"not_picked":[],"picked":"Slimebound:SlimeSpikes+1","floor":22},{"not_picked":[],"picked":"Slimebound:SlimeSpikes+1","floor":23},{"not_picked":[],"picked":"Slimebound:GrowthPunch","floor":25},{"not_picked":[],"picked":"Slimebound:SplitLeeching+1","floor":26},{"not_picked":[],"picked":"Slimebound:PrepareCrush+1","floor":27},{"not_picked":[],"picked":"Slimebound:Replication+1","floor":28},{"not_picked":[],"picked":"Slimebound:Equalize","floor":31},{"not_picked":[],"picked":"Slimebound:SplitAcid+1","floor":32},{"not_picked":[],"picked":"Slimebound:MassRepurpose+1","floor":33},{"not_picked":["Slimebound:Replication+1"],"picked":"SKIP","floor":37},{"not_picked":[],"picked":"Slimebound:SplitMire+1","floor":39},{"not_picked":["expansioncontent:HyperBeam","expansioncontent:Hexaburn"],"picked":"expansioncontent:PolyBeam","floor":42},{"not_picked":["expansioncontent:YouAreMine","expansioncontent:PolyBeam"],"picked":"expansioncontent:LastStand","floor":42},{"not_picked":["expansioncontent:LastStand","expansioncontent:GuardianWhirl"],"picked":"expansioncontent:Chronoboost","floor":42},{"not_picked":[],"picked":"Slimebound:LivingWall+1","floor":43},{"not_picked":[],"picked":"Slimebound:Prepare+1","floor":44},{"not_picked":[],"picked":"Slimebound:SplitLeeching+1","floor":48},{"not_picked":["Slimebound:SplitBruiser+1"],"picked":"SKIP","floor":49}],"player_experience":606024,"relics_obtained":[{"floor":4,"key":"Blood Vial"},{"floor":7,"key":"Slimebound:AggressiveSlimeRelic"},{"floor":8,"key":"Toxic Egg 2"},{"floor":23,"key":"Kunai"},{"floor":24,"key":"Smiling Mask"},{"floor":28,"key":"Slimebound:MaxSlimesRelic"},{"floor":41,"key":"Happy Flower"},{"floor":43,"key":"Frozen Egg 2"},{"floor":48,"key":"Bottled Lightning"}],"event_choices":[{"damage_healed":0,"gold_gain":0,"player_choice":"Got Potions","damage_taken":0,"max_hp_gain":0,"max_hp_loss":0,"event_name":"Lab","floor":12,"gold_loss":0},{"damage_healed":0,"gold_gain":0,"player_choice":"Stole Relic","damage_taken":0,"relics_obtained":["Bronze Scales"],"max_hp_gain":0,"max_hp_loss":0,"event_name":"Addict","floor":20,"gold_loss":0,"cards_obtained":["Pride"]},{"damage_healed":0,"gold_gain":0,"player_choice":"Rummage","damage_taken":0,"relics_obtained":["WarpedTongs"],"max_hp_gain":0,"max_hp_loss":0,"event_name":"Accursed Blacksmith","floor":36,"gold_loss":0,"cards_obtained":["Pain"]}],"is_beta":false,"boss_relics":[{"not_picked":["Runic Dome","Runic Pyramid"],"picked":"Cursed Key"},{"not_picked":["Fusion Hammer","Empty Cage"],"picked":"SlaversCollar"}],"items_purged_floors":[27,38],"is_endless":false,"potions_floor_spawned":[5,8,13,14,16,22,25,26,31,32,33,37,39,48],"ascension_level":0}}