{"host":"bh8a33xhefk4gdoh","time":1612215577,"event":{"mods":["Act Like it!","Alarm Clock","Ascension Reborn","BaseMod","Colored Powertips","Defuse TimeMaze Blight","Friendly Minions","Lobotomy","LobotomyExtend","Minty Spire (QoL Compilation)","Remove Card Discount Mod","RumiaBox-露米娅的神秘盒子","Shop Mod","Spicy Shops","StSLib","【功能Mod】Neow奖励","【功能Mod】混沌之环修复补丁","【遗物Mod】死灵法师NEW","【遗物Mod】简单游戏","篝火指南"],"gold_per_floor":[115,135,225,19,19,19,54,54,54,68,109,121,145,167,1,127,127,148,148,21,43,57,94,24,65,96,120,160,75,75,99,46,161,161,183,212,40,62,74,110,171,171,171,171,201,232,266,308,187,187,187],"floor_reached":50,"language":"ZHS","playtime":3441,"items_purged":["VoidDream","GalaxyChild","Rudolta","Normality","CurseOfTheBell","WallGazer","BeautyBeast","Normality","RedShoes","OldLady","QueenBee","Murderer","Clumsy","Strike_W+1","Defend_W+1","Defend_W+1","Defend_W+1","Defend_W+1","SingingMachine","Funeral","PunishingBird","Alriune","BlueStar"],"score":200,"play_id":"8199cfb3-d128-45ef-94e7-2b299c2d4750","local_time":"20210202053937","is_ascension_mode":true,"campfire_choices":[{"data":"Negative_Energy_Sphere","floor":6.0,"key":"SMITH"},{"data":"Negative_Energy_Mist","floor":8.0,"key":"SMITH"}],"circlet_count":0,"master_deck":["Strike_W+1","Strike_W+1","Strike_W+1","Negative_Energy_Arrows+1","Bone_Wall+1","Acid_Javelin+1","Toxic_Smoke_Screen+1","OSAHOGD","Negative_Energy_Sphere+1","PosionWeak","Negative_Energy_Mist+1","Shade_Step","PosionWeak","Posionadd+1","Woodsman","Negative_Energy_Javelin+1","Life_Drain+1","Toxic_Smoke_Screen+2","BlackSwan","Negative_Energy_Mist+1","QueenOfHatred","Posionadd+1","Time_Jump","Negative_Energy_Sphere+1","Toxic_Smoke_Screen","DreamingCurrent","PosionRing","Life_Tap","MeltingLove","NothingThere","BigBadWolf","Toxic_Smoke_Screen+1","LuckyCard","Acid_Javelin","HeroicMonk","Violent_Necrosis+1","PlagueDoctor","PosionRing+1"],"relics":["Vampire_Amulet","EasyRelic","CogitoBucket","LetterFromLob","Tiny Chest","MerchantsRug","UndeadPower","Blood Vial","Vajra","MagicDraw1","Lantern","ResearcherNote","LastBattle","Pocketwatch","Ccalipers","ChaoDraw","Regal Pillow","MagicDraw2","Ice Cream","Ginger","ClockworkSouvenir","BackwardClock","Pantograph","Membership Card","StoneCalendar","Happy Flower","MealTicket","ZombieArmy","Omamori","AspirationHeart","Bird Faced Urn","Philosopher\u0027s Stone","Akabeko","SSSystem","TungstenRod","Meat on the Bone","MagicDraw4","Whetstone","Old Coin","GodSword1","Thread and Needle","Juzu Bracelet","MagicDraw3","Turnip","CeramicFish","Nunchaku","GodSword4","GodSword3"],"acts_visited":["Exordium","TheCity","TheBeyond"],"potions_floor_usage":[33,47],"damage_taken":[{"damage":0.0,"enemies":"Small Slimes","floor":1.0,"turns":2.0},{"damage":0.0,"enemies":"Jaw Worm","floor":2.0,"turns":1.0},{"damage":0.0,"enemies":"3 Sentries","floor":7.0,"turns":3.0},{"damage":0.0,"enemies":"Cultist","floor":10.0,"turns":2.0},{"damage":0.0,"enemies":"Gremlin Nob","floor":11.0,"turns":2.0},{"damage":10.0,"enemies":"Red Slaver","floor":12.0,"turns":5.0},{"damage":2.0,"enemies":"Exordium Wildlife","floor":13.0,"turns":1.0},{"damage":0.0,"enemies":"2 Fungi Beasts","floor":14.0,"turns":1.0},{"damage":7.0,"enemies":"Hexaghost","floor":16.0,"turns":4.0},{"damage":6,"enemies":"2 Thieves","floor":18,"turns":3},{"damage":20,"enemies":"3 Byrds","floor":21,"turns":5},{"damage":2,"enemies":"Centurion and Healer","floor":22,"turns":3},{"damage":2,"enemies":"Book of Stabbing","floor":23,"turns":3},{"damage":2,"enemies":"Gremlin Leader","floor":25,"turns":3},{"damage":0,"enemies":"Snake Plant","floor":27,"turns":1},{"damage":2,"enemies":"Slavers","floor":28,"turns":3},{"damage":30,"enemies":"Shelled Parasite and Fungi","floor":31,"turns":6},{"damage":5,"enemies":"Collector","floor":33,"turns":4},{"damage":1,"enemies":"3 Shapes","floor":35,"turns":1},{"damage":18,"enemies":"3 Darklings","floor":38,"turns":2},{"damage":10,"enemies":"Sphere and 2 Shapes","floor":39,"turns":2},{"damage":17,"enemies":"Nemesis","floor":40,"turns":3},{"damage":14,"enemies":"Giant Head","floor":45,"turns":3},{"damage":3,"enemies":"Jaw Worm Horde","floor":47,"turns":2},{"damage":40,"enemies":"Spire Growth","floor":48,"turns":3},{"damage":52,"enemies":"FixerMidnight","floor":50,"turns":4}],"seed_played":"-6302520381078102584","potions_obtained":[{"floor":1.0,"key":"Strength Potion"},{"floor":1.0,"key":"DistilledChaos"},{"floor":2.0,"key":"Block Potion"},{"floor":7.0,"key":"Swift Potion"},{"floor":10.0,"key":"PowerPotion"},{"floor":11.0,"key":"Energy Potion"},{"floor":16.0,"key":"Weak Potion"},{"floor":18,"key":"Swift Potion"},{"floor":21,"key":"BlessingOfTheForge"},{"floor":22,"key":"Swift Potion"},{"floor":23,"key":"Ancient Potion"},{"floor":25,"key":"EssenceOfSteel"},{"floor":25,"key":"ColorlessPotion"},{"floor":31,"key":"DistilledChaos"},{"floor":31,"key":"FearPotion"},{"floor":35,"key":"EssenceOfSteel"},{"floor":35,"key":"Block Potion"},{"floor":38,"key":"SpeedPotion"},{"floor":39,"key":"Explosive Potion"},{"floor":40,"key":"SkillPotion"},{"floor":40,"key":"AttackPotion"},{"floor":45,"key":"Fire Potion"},{"floor":47,"key":"Fruit Juice"},{"floor":47,"key":"AttackPotion"},{"floor":48,"key":"GamblersBrew"},{"floor":48,"key":"Fire Potion"}],"is_trial":false,"path_per_floor":["M","M","?","$","?","R","E","R","T","M","E","M","M","M","R","B",null,"M","?","$","M","M","E","R","E","T","M","E","R","$","M","R","B",null,"M","T","$","M","M","E","R","?","T","?","E","T","M","M","R","B"],"character_chosen":"NECROMANCER","items_purchased":["MerchantsRug","Negative_Energy_Sphere","UndeadPower","Ccalipers","Negative_Energy_Burst","Lee\u0027s Waffle","Ginger","ClockworkSouvenir","Membership Card","War Paint","StoneCalendar","Time_Jump","Potion Belt","Omamori","Toxic_Smoke_Screen","TungstenRod","Meat on the Bone","PosionRing","Life_Tap","MagicDraw4","Old Coin","GodSword1","Thread and Needle","LuckyCard","Acid_Javelin","GodSword4","GodSword3","FairyPotion","Ancient Potion"],"campfire_rested":0,"item_purchase_floors":[4,4,4,15,15,15,20,20,24,24,24,29,29,29,32,37,37,37,37,37,41,41,41,41,41,49,49,49,49],"current_hp_per_floor":[85,85,74,74,74,74,74,74,74,83,85,75,76,79,92,99,102,96,96,96,98,102,102,102,102,102,102,102,102,102,103,103,122,122,122,122,122,122,122,122,122,122,122,122,122,122,127,127,127,127,127],"gold":187,"neow_bonus":"","is_daily":false,"chose_seed":false,"campfire_upgraded":2,"win_rate":0.0,"timestamp":1612215577,"path_taken":["M","M","?","$","?","R","E","R","T","M","E","M","M","M","R","BOSS","M","?","$","M","M","E","R","E","T","M","E","R","$","M","R","BOSS","M","?","$","M","?","E","R","?","T","?","E","?","M","M","R","BOSS"],"items_purchased_type":["Relic","Card","Relic","Relic","Card","Relic","Relic","Relic","Relic","Relic","Relic","Card","Relic","Relic","Card","Relic","Relic","Card","Card","Relic","Relic","Relic","Relic","Card","Card","Relic","Relic","Potion","Potion"],"build_version":"2020-12-22","purchased_purges":23,"victory":false,"max_hp_per_floor":[85,85,85,85,85,85,85,85,85,85,85,85,85,85,92,102,102,102,102,102,102,102,102,102,102,102,102,102,102,102,112,112,122,122,122,122,122,122,122,122,122,122,122,122,122,122,127,127,127,127,127],"card_choices":[{"not_picked":["NakedNest","FairyFestival"],"picked":"VoidDream","floor":1.0},{"not_picked":["Bone_Spikes","Vampiric_Strike"],"picked":"Acid_Javelin+1","floor":1.0},{"not_picked":["Uncharnel","Kotodama"],"picked":"Toxic_Smoke_Screen","floor":2.0},{"not_picked":["Scorched","ShyLook"],"picked":"OSAHOGD","floor":2.0},{"not_picked":["VoidDream","FieryBird"],"picked":"Rudolta","floor":7.0},{"not_picked":["Corrupt+1","Blood_Whip"],"picked":"PosionWeak","floor":7.0},{"not_picked":["Summon_Death_Knight","Shackles_Of_Pain"],"picked":"Negative_Energy_Mist","floor":7.0},{"not_picked":["SpiderBud","Porccubus"],"picked":"GalaxyChild","floor":10.0},{"not_picked":["Life_Drain","Pandemic"],"picked":"Shade_Step","floor":10.0},{"not_picked":["PosionArmor","Summon_Undead_Army"],"picked":"Siphon_Strength+1","floor":11.0},{"not_picked":["Vampiric_Strike+1","Kotodama"],"picked":"PosionWeak","floor":11.0},{"not_picked":["UniverseFragment","HeroicMonk"],"picked":"WallGazer","floor":11.0},{"not_picked":["Wellcheers","SingingMachine"],"picked":"OldLady","floor":12.0},{"not_picked":["Bone_Armor+1","Shackles_Of_Pain"],"picked":"Posionadd+1","floor":12.0},{"not_picked":["MeatLantern","Wellcheers"],"picked":"RedShoes","floor":13.0},{"not_picked":["Vampiric_Strike","Corrupt+1","Stop_Heart"],"picked":"SKIP","floor":13.0},{"not_picked":["MeatLantern","CrumblingArmor","UniverseFragment"],"picked":"Singing Bowl","floor":14.0},{"not_picked":["SpiderBud","Bloodbath"],"picked":"BeautyBeast","floor":14.0},{"not_picked":["Blood_Is_Power+1","Bone_Shift","Spectral_Walk+1"],"picked":"SKIP","floor":14.0},{"not_picked":["MeatLantern","Scorched"],"picked":"SingingMachine","floor":16.0},{"not_picked":["Bloodbath","VoidDream"],"picked":"Woodsman","floor":18},{"not_picked":["Kotodama","Necrotic_Claws"],"picked":"Negative_Energy_Javelin","floor":18},{"not_picked":["Scorched","Wellcheers"],"picked":"PunishingBird","floor":21},{"not_picked":["Blood_Is_Power","Bone_Armor"],"picked":"Life_Drain+1","floor":21},{"not_picked":["SilentOrchestra","UniverseFragment"],"picked":"QueenBee","floor":22},{"not_picked":["Negative_Energy_Sphere","Acid_Javelin"],"picked":"Toxic_Smoke_Screen+1","floor":22},{"not_picked":["VoidDream","Bloodbath"],"picked":"BlackSwan","floor":23},{"not_picked":["Necrotic_Claws","OverdoomLine"],"picked":"Negative_Energy_Mist","floor":23},{"not_picked":["VoidDream","ShyLook"],"picked":"Murderer","floor":25},{"not_picked":["Kotodama+1","Blood_Whip","Requiem"],"picked":"SKIP","floor":25},{"not_picked":["WallGazer","Variant","FieryBird"],"picked":"Singing Bowl","floor":27},{"not_picked":["WhitesApple","Wellcheers"],"picked":"QueenOfHatred","floor":27},{"not_picked":["Corrupt+1","Strike_from_Beyond"],"picked":"Posionadd+1","floor":27},{"not_picked":["FieryBird","VoidDream","Yin"],"picked":"Singing Bowl","floor":28},{"not_picked":["WhitesApple","Scorched"],"picked":"Funeral","floor":28},{"not_picked":["OverdoomLine","Strike_from_Beyond","Skeleton_Dragon"],"picked":"SKIP","floor":28},{"not_picked":["Freischutz","ShyLook"],"picked":"Alriune","floor":31},{"not_picked":["Blood_Whip","Pandemic"],"picked":"Negative_Energy_Sphere+1","floor":31},{"not_picked":["Wellcheers","GalaxyChild"],"picked":"BlueStar","floor":33},{"not_picked":["GreedKing","BigBadWolf"],"picked":"DreamingCurrent","floor":35},{"not_picked":["Shackles_Of_Pain+1","Corrupt","Blood_Curse+1"],"picked":"SKIP","floor":35},{"not_picked":["Shackles_Of_Pain+1","Corrupt","Blood_Curse+1"],"picked":"SKIP","floor":35},{"not_picked":["Scorched","RedShoes"],"picked":"MeltingLove","floor":38},{"not_picked":["Bone_Armor+1","Blood_Whip","Bone_Shift+1"],"picked":"SKIP","floor":38},{"not_picked":["Bloodbath","Laetitia","OldLady"],"picked":"Singing Bowl","floor":39},{"not_picked":["BigBadWolf","SnowQueen"],"picked":"NothingThere","floor":39},{"not_picked":["finger_Of_Death+1","OverdoomLine+1","Bone_Armor+1"],"picked":"SKIP","floor":39},{"not_picked":["ShyLook","LongBird"],"picked":"BigBadWolf","floor":40},{"not_picked":["Consume_Illness","PosionRing+1"],"picked":"Toxic_Smoke_Screen+1","floor":40},{"not_picked":["Yin","CrumblingArmor","Porccubus"],"picked":"Singing Bowl","floor":45},{"not_picked":["Siphon_Strength+1","Summon_Undead_Army+1","Shade_Step"],"picked":"SKIP","floor":45},{"not_picked":["FieryBird","SilentOrchestra"],"picked":"HeroicMonk","floor":47},{"not_picked":["Bone_Spikes+1","Acid_Javelin+1"],"picked":"Violent_Necrosis+1","floor":47},{"not_picked":["GreedKing","WhitesApple"],"picked":"PlagueDoctor","floor":48},{"not_picked":["Posionadd","OverdoomLine+1"],"picked":"PosionRing+1","floor":48}],"player_experience":279879,"relics_obtained":[{"floor":1.0,"key":"LetterFromLob"},{"floor":2.0,"key":"Tiny Chest"},{"floor":7.0,"key":"Blood Vial"},{"floor":9.0,"key":"Vajra"},{"floor":9.0,"key":"MagicDraw1"},{"floor":11.0,"key":"Lantern"},{"floor":13.0,"key":"LastBattle"},{"floor":14.0,"key":"Pocketwatch"},{"floor":16.0,"key":"ChaoDraw"},{"floor":17.0,"key":"Regal Pillow"},{"floor":17.0,"key":"MagicDraw2"},{"floor":17.0,"key":"Ice Cream"},{"floor":23,"key":"Pantograph"},{"floor":25,"key":"Happy Flower"},{"floor":26,"key":"Toy Ornithopter"},{"floor":26,"key":"MealTicket"},{"floor":28,"key":"ZombieArmy"},{"floor":33,"key":"Bird Faced Urn"},{"floor":36,"key":"Akabeko"},{"floor":36,"key":"SSSystem"},{"floor":40,"key":"Whetstone"},{"floor":43,"key":"Juzu Bracelet"},{"floor":43,"key":"MagicDraw3"},{"floor":45,"key":"Turnip"},{"floor":46,"key":"CeramicFish"},{"floor":46,"key":"Nunchaku"}],"event_choices":[{"damage_healed":0.0,"max_hp_gain":0.0,"max_hp_loss":0.0,"gold_gain":75.0,"event_name":"World of Goop","player_choice":"Gather Gold","floor":3.0,"gold_loss":0.0,"damage_taken":11.0},{"damage_healed":0.0,"max_hp_gain":0.0,"max_hp_loss":0.0,"gold_gain":0.0,"event_name":"Living Wall","player_choice":"Grow","floor":5.0,"gold_loss":0.0,"damage_taken":0.0,"cards_upgraded":["Toxic_Smoke_Screen"]},{"damage_healed":0,"gold_gain":0,"player_choice":"Bought 0 Potions","damage_taken":0,"max_hp_gain":0,"max_hp_loss":0,"event_name":"The Woman in Blue","floor":19,"gold_loss":0},{"damage_healed":31,"gold_gain":0,"player_choice":"Writhe","damage_taken":0,"max_hp_gain":0,"max_hp_loss":0,"event_name":"Winding Halls","floor":42,"gold_loss":0,"cards_obtained":["Writhe"]},{"damage_healed":0,"gold_gain":0,"player_choice":"Ignored","damage_taken":0,"max_hp_gain":0,"max_hp_loss":0,"event_name":"Tomb of Lord Red Mask","floor":44,"gold_loss":0}],"is_beta":false,"boss_relics":[{"not_picked":["Ectoplasm","SlaversCollar"],"picked":"Calling Bell"},{"not_picked":["Runic Dome","AddBug"],"picked":"Philosopher\u0027s Stone"}],"items_purged_floors":[4,15,15,20,20,20,20,24,24,24,29,29,29,32,32,32,32,32,32,41,41,49,49],"is_endless":false,"potions_floor_spawned":[1,11,12,14,25,27,31,35,40,47,48],"killed_by":"FixerMidnight","ascension_level":-20}}