{"host":"11728qvdvolffudn","time":1612199244,"event":{"mods":["BaseMod","Block Reminder","Colored Powertips","Curses Come First","Custom Start","Displayed Cursed Tome","Highlight Path","Minty Spire (QoL Compilation)","Permanent Neow","Quick Restart","Rare Cards Sparkle","Relic Stats","StSLib"],"gold_per_floor":[118,43,53,67,79,79,139,139,191,201,230,230,245,225,225,320,320,333,349,170,188,113,113,113,133,201,227,227,227,227,227],"floor_reached":30,"language":"ENG","playtime":1052,"items_purged":["Strike_R","Strike_R"],"score":314,"play_id":"07aac30e-43b8-45b7-bc5e-3a902a6a1803","local_time":"20210201170724","is_ascension_mode":true,"campfire_choices":[{"data":"Whirlwind","floor":6,"key":"SMITH"},{"data":"Whirlwind","floor":8,"key":"SMITH"},{"data":"Inflame","floor":12,"key":"SMITH"},{"data":"Spot Weakness","floor":15,"key":"SMITH"},{"floor":23,"key":"REST"},{"data":"Ghostly","floor":29,"key":"SMITH"}],"circlet_count":0,"master_deck":["Strike_R","Strike_R","Defend_R","Defend_R","Defend_R","Defend_R","Bash","Whirlwind+1","Whirlwind+1","Flex","Spot Weakness+1","Inflame+1","Inflame","Ghostly+1","Ghostly","Ghostly","Ghostly","Ghostly","Flex"],"relics":["Burning Blood","Strawberry","Nunchaku","Singing Bowl","Gremlin Horn","Boot","Ornamental Fan"],"acts_visited":["Exordium","TheCity"],"potions_floor_usage":[11,11,11,16,16,18,21,27],"damage_taken":[{"damage":6,"enemies":"Cultist","floor":1,"turns":3},{"damage":5,"enemies":"2 Louse","floor":3,"turns":2},{"damage":10,"enemies":"Small Slimes","floor":4,"turns":2},{"damage":17,"enemies":"Looter","floor":5,"turns":4},{"damage":41,"enemies":"Gremlin Nob","floor":7,"turns":5},{"damage":0,"enemies":"3 Louse","floor":10,"turns":1},{"damage":0,"enemies":"Gremlin Nob","floor":11,"turns":2},{"damage":0,"enemies":"Large Slime","floor":13,"turns":3},{"damage":35,"enemies":"Slime Boss","floor":16,"turns":6},{"damage":30,"enemies":"2 Thieves","floor":18,"turns":5},{"damage":15,"enemies":"Chosen","floor":19,"turns":4},{"damage":45,"enemies":"Shelled Parasite and Fungi","floor":21,"turns":5},{"damage":66,"enemies":"Snecko","floor":25,"turns":11},{"damage":7,"enemies":"Gremlin Leader","floor":27,"turns":4},{"damage":21,"enemies":"Snake Plant","floor":30,"turns":5}],"seed_played":"6161211055041507852","potions_obtained":[{"floor":7,"key":"EntropicBrew"},{"floor":13,"key":"AttackPotion"},{"floor":14,"key":"FairyPotion"},{"floor":16,"key":"Dexterity Potion"},{"floor":18,"key":"Weak Potion"},{"floor":25,"key":"Explosive Potion"}],"is_trial":false,"path_per_floor":["M","$","M","M","M","R","?","R","T","M","E","R","M","?","R","B",null,"M","M","$","M","?","R","?","M","T","E","T","R","M"],"character_chosen":"IRONCLAD","items_purchased":["Inflame"],"campfire_rested":1,"item_purchase_floors":[20],"current_hp_per_floor":[80,80,80,76,65,65,37,37,37,43,49,49,57,57,57,30,91,69,62,62,25,25,54,48,20,20,19,19,19,0,0],"gold":227,"neow_bonus":"THREE_CARDS","is_daily":false,"chose_seed":false,"campfire_upgraded":5,"win_rate":0.0,"timestamp":1612199244,"path_taken":["M","$","?","M","M","R","?","R","T","M","E","R","M","?","R","BOSS","M","?","?","?","?","R","?","M","T","E","?","R","M"],"items_purchased_type":["Card"],"build_version":"2020-12-22","purchased_purges":2,"victory":false,"max_hp_per_floor":[80,80,80,80,80,80,87,87,87,87,87,87,89,89,89,91,91,93,95,95,97,97,97,48,50,50,50,50,50,50,50],"relic_stats":{"Nunchaku":[5],"Singing Bowl":12,"Gremlin Horn":[3,3],"counters":[15,62],"Ornamental Fan":[0],"Boot":[0],"obtain_stats":[{"Nunchaku":9,"Singing Bowl":11,"Gremlin Horn":26,"Ornamental Fan":28,"Strawberry":7,"Boot":27,"Burning Blood":0},{"Nunchaku":5,"Singing Bowl":7,"Gremlin Horn":13,"Ornamental Fan":14,"Strawberry":5,"Boot":14,"Burning Blood":0},{"Nunchaku":16,"Singing Bowl":19,"Gremlin Horn":53,"Ornamental Fan":57,"Strawberry":16,"Boot":57,"Burning Blood":0}],"Burning Blood":83},"card_choices":[{"not_picked":["Warcry","Wild Strike"],"picked":"Whirlwind","floor":0},{"not_picked":["Armaments","Shrug It Off"],"picked":"Whirlwind","floor":1},{"not_picked":["Armaments","Clothesline","Impervious"],"picked":"SKIP","floor":3},{"not_picked":["Havoc","Body Slam","True Grit"],"picked":"SKIP","floor":4},{"not_picked":["Perfected Strike","Headbutt","Cleave"],"picked":"SKIP","floor":5},{"not_picked":["Second Wind","Carnage"],"picked":"Flex","floor":7},{"not_picked":["Burning Pact","Anger"],"picked":"Spot Weakness","floor":10},{"not_picked":["Cleave","Headbutt"],"picked":"Inflame","floor":11},{"not_picked":["Rampage","Hemokinesis","Disarm"],"picked":"Singing Bowl","floor":13},{"not_picked":["Impervious","Feed","Corruption"],"picked":"Singing Bowl","floor":16},{"not_picked":["Twin Strike","Bloodletting+1","Warcry"],"picked":"Singing Bowl","floor":18},{"not_picked":["Clash","Pommel Strike","Armaments"],"picked":"Singing Bowl","floor":19},{"not_picked":["Cleave+1","Power Through","Thunderclap"],"picked":"Singing Bowl","floor":21},{"not_picked":["Headbutt","Intimidate+1","Fire Breathing"],"picked":"Singing Bowl","floor":25},{"not_picked":["Sever Soul","Wild Strike"],"picked":"Flex","floor":27}],"player_experience":165945,"relics_obtained":[{"floor":7,"key":"Strawberry"},{"floor":9,"key":"Nunchaku"},{"floor":11,"key":"Singing Bowl"},{"floor":26,"key":"Gremlin Horn"},{"floor":27,"key":"Boot"},{"floor":28,"key":"Ornamental Fan"}],"event_choices":[{"damage_healed":0,"gold_gain":0,"player_choice":"Searched \u00271\u0027 times","damage_taken":0,"max_hp_gain":0,"max_hp_loss":0,"event_name":"Dead Adventurer","floor":7,"gold_loss":0},{"damage_healed":0,"gold_gain":0,"player_choice":"Bought 1 Potion","damage_taken":0,"max_hp_gain":0,"max_hp_loss":0,"event_name":"The Woman in Blue","floor":14,"gold_loss":0},{"cards_removed":["Strike_R"],"damage_healed":0,"gold_gain":0,"player_choice":"Gave Gold","damage_taken":0,"max_hp_gain":0,"max_hp_loss":0,"event_name":"Beggar","floor":22,"gold_loss":75},{"damage_healed":0,"gold_gain":0,"player_choice":"Became a Ghost","damage_taken":0,"max_hp_gain":0,"max_hp_loss":49,"event_name":"Ghosts","floor":24,"gold_loss":0,"cards_obtained":["Ghostly","Ghostly","Ghostly","Ghostly","Ghostly"]}],"is_beta":false,"boss_relics":[{"not_picked":["Snecko Eye","Fusion Hammer","Astrolabe"]}],"items_purged_floors":[2,20],"is_endless":false,"potions_floor_spawned":[7,13,16,18,25],"killed_by":"Snake Plant","ascension_level":1}}