{"host":"rn4c402gwd40h2z6","time":1612222589,"event":{"mods":["100% Spire Juice","A Penny For Your Troubles","AchievementEnabler","Act Like it!","Astrologer","BaseMod","CapriCore","Card Forge","Challenge The Spire","DNKmod","Data Control","Downfall","Friendly Minions","Gensokyo","Good Game Mod","Hallownest","Hermit","KinomotoSakuraMod(木之本樱)","Lobotomy","LobotomyExtend","Mad Scientist","Marisa（F雨　魔理沙）","Minty Spire (QoL Compilation)","Quick Restart","Random Character Button","Relic Filter Mod","Remilia（蕾米莉亚）","Robot Space Explorer","RumiaBox-露米娅的神秘盒子","StSLib","Td1madao Mod","The Bug Knight","The Construct","The Cursed","The Gatherer","The Runesmith","The Saiyan","The Senshi","[GremlinLeader]The Maniac","noobMod","【功能Mod】混沌之环修复补丁"],"gold_per_floor":[110,110,209,209,209,226,34,49,49,50,147,176,230,230,230,264,282,298,298,403,403,482,482,501,223,237,269,120,120,174,174,19,35,35,54,54,-58],"floor_reached":38,"language":"ZHS","playtime":5455,"items_purged":[],"score":779,"play_id":"a2824ea0-93fd-4fa1-b4d4-3a571ff5462c","local_time":"20210202073629","is_ascension_mode":false,"campfire_choices":[{"floor":14.0,"key":"RECALL"},{"floor":19,"key":"REST"},{"floor":29,"key":"REST"},{"floor":31,"key":"REST"},{"floor":34,"key":"REST"},{"floor":36,"key":"REST"}],"circlet_count":0,"master_deck":["construct:Strike_Gold+1","construct:Strike_Gold+1","construct:Strike_Gold+1","construct:Strike_Gold+1","construct:Strike_Gold+1","construct:Defend_Gold+1","construct:Defend_Gold+1","construct:Defend_Gold+1","construct:Defend_Gold+1","construct:Defend_Gold+1","construct:AttackMode+1","construct:DefenseMode+1","construct:Zapper+1","Moonworks:MetallicMonocoque+1","construct:HyperBeam+1","construct:ModeShift+1","construct:ModeShift+1","construct:Autoturret+1","construct:Accumulate+1","construct:FierceBash+1","construct:OneWayMirror+1"],"relics":["construct:Cogwheel","Hammer of Thor","Seething Fire","Anvil of the Gods","ice","REME:ComplimentaryCards","CogitoBucket","LetterFromLob","Baka2","expansioncontent:StudyCardRelic","Frozen Eye","Bronze Scales","Slimebound:PreparedRelic","Art of War","SoulBox","FleshIdol","Strange Spoon","Toolbox","Bronze Scales","theSenshi:SailorFukuRelic","Omamori","Membership Card"],"acts_visited":["Hallownest:Greenpath","Hallownest:CityofTears","Gensokyo:Gensokyoest"],"potions_floor_usage":[],"damage_taken":[{"damage":3.0,"enemies":"Hallownest:monsterHuskWarrior","floor":1.0,"turns":4.0},{"damage":41.0,"enemies":"Hallownest:BossHornet","floor":3.0,"turns":21.0},{"damage":3.0,"enemies":"Hallownest:2_Mistakes","floor":5.0,"turns":5.0},{"damage":0.0,"enemies":"Hallownest:Flukemon_and_Top","floor":6.0,"turns":1.0},{"damage":8.0,"enemies":"Hallownest:monsterShrumalOgre","floor":8.0,"turns":3.0},{"damage":6.0,"enemies":"Hallownest:eliteSoulWarrior","floor":10.0,"turns":3.0},{"damage":0.0,"enemies":"Hallownest:Nosk","floor":12.0,"turns":1.0},{"damage":2.0,"enemies":"Hallownest:monsterMisterMushroom","floor":15.0,"turns":2.0},{"damage":10,"enemies":"Hallownest:eliteWatcherKnight","floor":16,"turns":8},{"damage":6,"enemies":"Hallownest:2_Husk_Sentries","floor":17,"turns":5},{"damage":8,"enemies":"Hallownest:2_Flukemon","floor":18,"turns":6},{"damage":41,"enemies":"Hallownest:BossMantisLord","floor":20,"turns":6},{"damage":14,"enemies":"Gensokyo:AncientGuardian","floor":22,"turns":8},{"damage":0,"enemies":"Gensokyo:3_Boulders","floor":24,"turns":1},{"damage":2,"enemies":"Gensokyo:AtlasGolem","floor":26,"turns":4},{"damage":4,"enemies":"Gensokyo:Doremy","floor":27,"turns":4},{"damage":0,"enemies":"Gensokyo:4_Bats","floor":33,"turns":4},{"damage":66,"enemies":"Gensokyo:3_Boulders","floor":35,"turns":7},{"damage":0,"enemies":"Gensokyo:Yuyuko","floor":37,"turns":7},{"damage":33,"enemies":"Malkuth","floor":38,"turns":10},{"damage":105,"enemies":"Hod","floor":38,"turns":6}],"seed_played":"4726448951834297099","potions_obtained":[{"floor":5.0,"key":"champ:CounterPotion"},{"floor":16,"key":"Weak Potion"}],"is_trial":false,"path_per_floor":["M","?","B",null,"M","M","$","M","?","E","?","E","T","R","M","E","M","M","R","B",null,"M","?","M","COS","M","E","$","R","T","R","$","M","R","M","R","B",null],"character_chosen":"THE_CONSTRUCT_MOD","items_purchased":["construct:Autoturret","Frozen Eye","theSenshi:SailorFukuRelic","Membership Card"],"campfire_rested":5,"item_purchase_floors":[7,7,28,32],"current_hp_per_floor":[82,82,41,85,85,85,85,79,79,73,73,73,73,73,71,61,55,50,76,53,88,74,74,74,74,72,68,68,88,88,88,88,88,88,88,88,92],"gold":0,"neow_bonus":"","is_daily":false,"chose_seed":false,"campfire_upgraded":0,"win_rate":0.0,"timestamp":1612222589,"path_taken":["M","?","BOSS","M","M","$","M","?","E","?","E","T","R","M","E","M","M","R","BOSS","M","?","M","COS","M","E","$","R","T","R","?","M","R","M","R","BOSS"],"items_purchased_type":["Card","Relic","Relic","Relic"],"build_version":"2020-12-22","purchased_purges":0,"victory":true,"max_hp_per_floor":[85,85,85,85,85,85,85,85,85,85,85,85,85,85,85,85,85,88,88,88,88,88,88,88,88,88,88,88,88,88,88,88,88,88,88,88,92],"card_choices":[{"not_picked":["construct:Antimatter","construct:FocusedBeam"],"picked":"construct:Zapper","floor":1.0},{"not_picked":["construct:SpinDrive","construct:ShiftingStance"],"picked":"construct:HyperBeam","floor":3.0},{"not_picked":["construct:SaveState+1","construct:Dampening"],"picked":"construct:ModeShift","floor":5.0},{"not_picked":["construct:Forcefield","construct:Zapper+1"],"picked":"construct:ModeShift","floor":6.0},{"not_picked":["construct:Analyze+1","construct:ShiftGuard"],"picked":"construct:Accumulate+1","floor":8.0},{"not_picked":["construct:Boost+1","construct:FierceBash","construct:SweepLaser"],"picked":"SKIP","floor":10.0},{"not_picked":["construct:Construct_Overclock","construct:FlameCore","construct:SaveState"],"picked":"SKIP","floor":12.0},{"not_picked":["construct:FocusedBeam","construct:SuppressiveFire"],"picked":"construct:Synchronize","floor":15.0},{"not_picked":["construct:HardReboot","construct:FlakBarrage","construct:ScopeCore"],"picked":"SKIP","floor":16},{"not_picked":["construct:SyphonStrike","construct:FlameCore"],"picked":"construct:QuickAttack+1","floor":17},{"not_picked":["construct:CriticalHit","construct:Autoturret","construct:SweepLaser"],"picked":"SKIP","floor":18},{"not_picked":["construct:SyphonStrike+1","construct:Autoturret+1","construct:ModeShift"],"picked":"SKIP","floor":22},{"not_picked":["construct:Antimatter+1","construct:Backup+1","construct:ReactiveShield"],"picked":"SKIP","floor":24},{"not_picked":["construct:Chainstrike","construct:Analyze+1","construct:Anticipate"],"picked":"SKIP","floor":26},{"not_picked":["construct:OneWayMirror+1","construct:QuickAttack","construct:SyphonStrike+1"],"picked":"SKIP","floor":27},{"not_picked":["construct:ShiftGuard","construct:Analyze+1"],"picked":"construct:FierceBash","floor":33},{"not_picked":["construct:ClusterMines+1","construct:MemoryTap"],"picked":"construct:OneWayMirror","floor":35}],"player_experience":168707,"relics_obtained":[{"floor":1.0,"key":"Baka"},{"floor":1.0,"key":"LetterFromLob"},{"floor":3.0,"key":"Baka2"},{"floor":10.0,"key":"Bronze Scales"},{"floor":12.0,"key":"Slimebound:PreparedRelic"},{"floor":16,"key":"Art of War"},{"floor":26,"key":"Bronze Scales"},{"floor":30,"key":"Omamori"}],"event_choices":[],"is_beta":false,"boss_relics":[{"not_picked":["EasyGame_NEW","Coffee Dripper"],"picked":"expansioncontent:StudyCardRelic"},{"not_picked":["Tiny House","construct:WeddingRing"],"picked":"SoulBox"}],"items_purged_floors":[],"is_endless":false,"potions_floor_spawned":[5,16,17,22,33],"ascension_level":0}}