{"host":"vr9me2kif8p2xyyc","time":1612139290,"event":{"mods":["2.2 Compatiblity","A Magickal Journey","AchievementEnabler","Act Like it!","Arknights","Aspiration","Astrologer","Bard","Bartender","BaseMod","Beaked The Cultist","Better Match","Better Note","Better Skull","Better Third Choice","BetterRewards","Block Reminder","Booster Modes","CapriCore","Challenge The Spire","ChefMod","Clawfect","Colored Map","Colored Powertips","Conjunction","Conspire","Downfall","Elementarium","Energized Spire","Friendly Minions","GifTheSpireLib","Glutton Mod","Halation","Hallownest","Hermit","Hubris","Jorbs\u0027s Wanderer Trilogy","Kratos Character Expansion","Mad Scientist","Marisa????????","Minty Spire (QoL Compilation)","Pale of the Ancients","Permanent Neow","Potionbrewer","QueenMod","Quick Restart","Random Character Button","Rare Cards Sparkle","Relic Stats","Reliquary","Remilia??????","Replay The Spire","Reworked Bosses","Robot Space Explorer","SCP261 Mod","SIMod","Shade Mod","Shop Mod","Slumbering Mod","Spicy Shops","Spikes Relics","Spire Arcade","StSLib","Stuff the Spire","SuperFastMode","Td1madao Mod","The Alterego","The Animator","The Blackbeard","The Bladedancer","The Blue Laboratory","The Bug Knight","The Caster","The Clintock","The Construct","The Cursed","The Death Knight","The Disciple","The Dragon Tamer","The Druid","The Elementalist","The Exalted","The Extravagant","The Fake Hero","The Florist","The Forsaken","The Gatherer","The Hayseed","The Hierophant","The Immortal","The Judge","The Jungle","The Kombatant","The Marked","The Mystic","The Necromancer","The Poker Player","The Problem Sleuth","The Runesmith","The Sage","The Servant 0.9.4","The Spell Scribe","The Valiant","TheBandit","TheFirefly","TheVacant","TheWitcher","Treasure Hunter","Wandering Minibosses","Weighted Paths","Yohane!","thorton"],"gold_per_floor":[141,141,158,11,25,25,39,39,39,65,86,86,86,110,110,220,220,243,179,206,210,210],"floor_reached":21,"language":"ENG","playtime":1154,"items_purged":["astrologer:Strike"],"score":281,"play_id":"d5ee9692-f8ca-4210-adc6-30ca614b86a3","local_time":"20210131182810","is_ascension_mode":false,"campfire_choices":[{"data":"astrologer:StarOfChange","floor":6,"key":"SMITH"},{"data":"astrologer:CrystalBall","floor":8,"key":"SMITH"},{"data":"astrologer:Cataclysm","floor":13,"key":"SMITH"},{"floor":15,"key":"REST"}],"circlet_count":0,"master_deck":["astrologer:Strike","astrologer:Strike","astrologer:Defend","astrologer:Defend","astrologer:Defend","astrologer:Defend","astrologer:NorthStar","astrologer:TheFool","astrologer:StarOfChange+1","astrologer:CrystalBall+1","astrologer:Prismatic","astrologer:TheHighPriestess","astrologer:Opposition","astrologer:Cataclysm+1","astrologer:TheEmperor","TH:DeckOfManyThings","astrologer:Starfield","astrologer:Stardust+1","astrologer:TheSun","astrologer:TheSun","astrologer:ReadTheStars"],"relics":["astrologer:SkyMirror","Strange Spoon","MerchantsRug","Torii","Membership Card","Orichalcum","Replay:Bandana","conspire:SlowCooker"],"acts_visited":["Exordium","TheCity"],"potions_floor_usage":[16,18],"damage_taken":[{"damage":0,"enemies":"2 Louse","floor":1,"turns":3},{"damage":0,"enemies":"Cultist","floor":3,"turns":2},{"damage":1,"enemies":"Small Slimes","floor":5,"turns":3},{"damage":1,"enemies":"Gremlin Gang","floor":7,"turns":5},{"damage":33,"enemies":"Gremlin Nob","floor":10,"turns":6},{"damage":1,"enemies":"Large Slime","floor":11,"turns":7},{"damage":6,"enemies":"3 Louse","floor":14,"turns":4},{"damage":12,"enemies":"Hexaghost","floor":16,"turns":9},{"damage":11,"enemies":"Spheric Guardian","floor":18,"turns":5},{"damage":57,"enemies":"3 Byrds","floor":20,"turns":6},{"damage":9,"enemies":"Centurion and Healer","floor":21,"turns":2}],"seed_played":"-1189236104914410566","potions_obtained":[{"floor":1,"key":"blueLaboratory:HeartbeatPotion"},{"floor":7,"key":"SkillPotion"},{"floor":11,"key":"Elixir"},{"floor":16,"key":"SCP261:ThunderBarPotion"}],"is_trial":false,"path_per_floor":["M","?","M","$","M","R","M","R","T","E","M","?","R","M","R","B",null,"M","$","M","M"],"character_chosen":"ASTROLOGER","items_purchased":["Strange Spoon","MerchantsRug","astrologer:StarOfChange","Membership Card","astrologer:TheSun"],"campfire_rested":1,"item_purchase_floors":[0,0,0,4,19],"current_hp_per_floor":[70,63,63,63,62,62,61,61,61,28,27,27,27,21,42,30,70,59,59,2,0,0],"gold":210,"neow_bonus":"","is_daily":false,"chose_seed":false,"campfire_upgraded":3,"win_rate":0.0,"timestamp":1612139290,"path_taken":["M","?","?","$","M","R","M","R","T","E","M","?","R","M","R","BOSS","M","$","?","M"],"items_purchased_type":["Relic","Relic","Card","Relic","Card"],"build_version":"2020-12-22","purchased_purges":1,"victory":false,"max_hp_per_floor":[70,70,70,70,70,70,70,70,70,70,70,70,70,70,70,70,70,70,70,70,70,70],"relic_stats":{"Strange Spoon":[23],"Torii":33,"counters":[76,435],"Orichalcum":[66],"obtain_stats":[{"hermit:ClaspedLocket":34,"conspire:RoyalGoblet":34,"Gremlin Horn":32,"CeramicFish":10,"potionbrewer:AlchemistFlask":19,"Conjunction:SoulLantern":46,"Whetstone":40,"Old Coin":38,"Strawberry":42,"Honey Jar":17,"halation:KoshaPiece":26,"MerchantsRug":30,"Sneakers":0,"Happy Flower":23,"wanderingMiniBosses:ThiefScarf":46,"aspiration:Nostalgia":0,"ReplayTheSpireMod:CursedCoin":13,"conspire:SlowCooker":17,"Bromod:ArcaneConsequence":10,"SlaversCollar":17,"aspiration:EmptySkull":9,"ReplayTheSpireMod:Shallot":26,"thethorton:CrushedCigarette":34,"hermit:Momento":0,"Abe\u0027s Treasure":17,"NlothsMask":21,"SnailShell":47,"Torii":0,"halation:TrafficLight":0,"BrokenLever":43,"halation:WeightlessCrab":50,"sagemod:Blowpipe":6,"sagemod:The_Guidebook_Guide":48,"Winged Necklace":46,"Replay:Bandana":10,"theForsaken:Kindling":25,"MiniBlackHole":14,"elementalistmod:YellowCirclet":4,"astrologer:SkyMirror":0,"StuffTheSpire:RedRose":14,"Golden Idol":3,"Guide Book":42,"Replay:WaspNest":8,"theSlumbering:SlimeShield":28,"hubris:Towel":7,"Frozen Egg 2":43,"Orichalcum":9,"Bromod:ArcaneMomentum":48,"Strange Spoon":0,"halation:EternalFortune":39,"Snack Pack":9,"SpikesRelics:DaevaFist":38,"Runesmith:AutoHammer":50,"Membership Card":4,"halation:PinkSoulGem":3,"Toy Ornithopter":9,"Huge Egg":26,"ReplayTheSpireMod:ShopPack":28},{"hermit:ClaspedLocket":16,"conspire:RoyalGoblet":33,"Gremlin Horn":55,"CeramicFish":5,"potionbrewer:AlchemistFlask":27,"Conjunction:SoulLantern":41,"Whetstone":60,"Old Coin":36,"Strawberry":39,"Honey Jar":26,"halation:KoshaPiece":30,"MerchantsRug":14,"Sneakers":0,"Happy Flower":29,"wanderingMiniBosses:ThiefScarf":41,"aspiration:Nostalgia":0,"ReplayTheSpireMod:CursedCoin":48,"conspire:SlowCooker":73,"Bromod:ArcaneConsequence":22,"SlaversCollar":49,"aspiration:EmptySkull":5,"ReplayTheSpireMod:Shallot":53,"thethorton:CrushedCigarette":56,"hermit:Momento":0,"Abe\u0027s Treasure":9,"NlothsMask":27,"SnailShell":41,"Torii":65,"halation:TrafficLight":18,"BrokenLever":39,"halation:WeightlessCrab":42,"sagemod:Blowpipe":21,"sagemod:The_Guidebook_Guide":41,"Winged Necklace":41,"Replay:Bandana":70,"theForsaken:Kindling":30,"MiniBlackHole":8,"elementalistmod:YellowCirclet":20,"astrologer:SkyMirror":0,"StuffTheSpire:RedRose":48,"Golden Idol":44,"Guide Book":61,"Replay:WaspNest":47,"theSlumbering:SlimeShield":14,"hubris:Towel":21,"Frozen Egg 2":61,"Orichalcum":69,"Bromod:ArcaneMomentum":41,"Strange Spoon":65,"halation:EternalFortune":59,"Snack Pack":21,"SpikesRelics:DaevaFist":59,"Runesmith:AutoHammer":42,"Membership Card":67,"halation:PinkSoulGem":2,"Toy Ornithopter":47,"Huge Egg":12,"ReplayTheSpireMod:ShopPack":30},{"hermit:ClaspedLocket":98,"conspire:RoyalGoblet":194,"Gremlin Horn":335,"CeramicFish":16,"potionbrewer:AlchemistFlask":145,"Conjunction:SoulLantern":257,"Whetstone":357,"Old Coin":213,"Strawberry":240,"Honey Jar":143,"halation:KoshaPiece":166,"MerchantsRug":72,"Sneakers":0,"Happy Flower":158,"wanderingMiniBosses:ThiefScarf":257,"aspiration:Nostalgia":0,"ReplayTheSpireMod:CursedCoin":289,"conspire:SlowCooker":422,"Bromod:ArcaneConsequence":124,"SlaversCollar":295,"aspiration:EmptySkull":16,"ReplayTheSpireMod:Shallot":325,"thethorton:CrushedCigarette":342,"hermit:Momento":0,"Abe\u0027s Treasure":38,"NlothsMask":145,"SnailShell":257,"Torii":383,"halation:TrafficLight":109,"BrokenLever":240,"halation:WeightlessCrab":263,"sagemod:Blowpipe":117,"sagemod:The_Guidebook_Guide":257,"Winged Necklace":257,"Replay:Bandana":402,"theForsaken:Kindling":166,"MiniBlackHole":27,"elementalistmod:YellowCirclet":113,"astrologer:SkyMirror":0,"StuffTheSpire:RedRose":289,"Golden Idol":274,"Guide Book":363,"Replay:WaspNest":285,"theSlumbering:SlimeShield":72,"hubris:Towel":117,"Frozen Egg 2":363,"Orichalcum":396,"Bromod:ArcaneMomentum":257,"Strange Spoon":383,"halation:EternalFortune":352,"Snack Pack":117,"SpikesRelics:DaevaFist":352,"Runesmith:AutoHammer":263,"Membership Card":388,"halation:PinkSoulGem":7,"Toy Ornithopter":285,"Huge Egg":57,"ReplayTheSpireMod:ShopPack":166}]},"card_choices":[{"not_picked":["astrologer:TheHangedMan","astrologer:Eclipse"],"picked":"astrologer:CrystalBall","floor":1},{"not_picked":["astrologer:Glimpse","astrologer:ReadTheStars"],"picked":"astrologer:Prismatic","floor":3},{"not_picked":["astrologer:TheHierophant","astrologer:Shine"],"picked":"astrologer:TheHighPriestess","floor":5},{"not_picked":["astrologer:ReadTheStars","astrologer:Still"],"picked":"astrologer:Opposition","floor":7},{"not_picked":["TH:PixieDust","TH:ArmorSpikes"],"picked":"SKIP","floor":9},{"not_picked":["astrologer:Temperance","astrologer:MeteorShower"],"picked":"astrologer:Cataclysm","floor":10},{"not_picked":["TH:ArmorSpikes","TH:Mimic"],"picked":"SKIP","floor":10},{"not_picked":["astrologer:TheHangedMan","astrologer:Moonlight","astrologer:ReadTheStars"],"picked":"SKIP","floor":11},{"not_picked":["astrologer:ReadTheStars","astrologer:Premeditation"],"picked":"astrologer:TheEmperor","floor":14},{"not_picked":["TH:TreasureMap"],"picked":"TH:DeckOfManyThings","floor":16},{"not_picked":["astrologer:Wish","astrologer:Fate"],"picked":"astrologer:Starfield","floor":16},{"not_picked":["astrologer:SpaceDust","astrologer:ShootingStar"],"picked":"astrologer:Stardust+1","floor":18},{"not_picked":["astrologer:Moonlight","astrologer:CometStrike"],"picked":"astrologer:ReadTheStars","floor":20}],"player_experience":1199713,"relics_obtained":[{"floor":9,"key":"Orichalcum"},{"floor":10,"key":"Replay:Bandana"}],"event_choices":[{"damage_healed":0,"gold_gain":0,"player_choice":"Damaged","damage_taken":7,"max_hp_gain":0,"max_hp_loss":0,"event_name":"Wheel of Change","floor":2,"gold_loss":0},{"cards_removed":["astrologer:Strike"],"damage_healed":0,"gold_gain":0,"player_choice":"Offered Basic","damage_taken":0,"max_hp_gain":0,"max_hp_loss":0,"event_name":"Bonfire Elementals","floor":12,"gold_loss":0}],"is_beta":false,"boss_relics":[{"not_picked":["conspire:SpecialSausage","halation:SmartPhone"],"picked":"conspire:SlowCooker"}],"items_purged_floors":[19],"is_endless":false,"potions_floor_spawned":[1,7,11,14,16],"killed_by":"Centurion and Healer","ascension_level":0}}