{"host":"3498uni0c31c9bdm","time":1612195112,"event":{"mods":["BaseMod","Better Third Choice","Minty Spire (QoL Compilation)","Replay The Spire","StSLib"],"gold_per_floor":[118,118,37,37,55,87,67,100,100,131,131,151,171,182,182,285,285,254,254,348,348,348,375,375,404,404,415,415,415],"floor_reached":28,"language":"ENG","playtime":1303,"items_purged":["Pain"],"score":603,"play_id":"f2ffb65b-1140-4054-b069-c37305973629","local_time":"20210202025832","is_ascension_mode":true,"campfire_choices":[{"floor":11,"key":"RECALL"},{"floor":24,"key":"REST"}],"circlet_count":0,"master_deck":["AscendersBane","Strike_P","Strike_P","Strike_P","Strike_P","Defend_P","Defend_P","Defend_P","Defend_P","Eruption","Vigilance","Defend_G","Vigilance","ReachHeaven","Decay","ForeignInfluence","Crescendo","InnerPeace","PathToVictory","PathToVictory","CrushJoints","SpiritShield","Regret","Wish","ReplayTheSpireMod:Faulty Equipment","ReplayTheSpireMod:Faulty Equipment","Parasite","SashWhip","ReplayTheSpireMod:Splinters","CutThroughFate","EmptyFist+1","Weave+1","Decay","CrushJoints+1","FollowUp","Prostrate"],"relics":["PureWater","Thread and Needle","WarpedTongs","ReplayTheSpireMod:CursedCoin","Vajra","Kunai","Bottled Flame","Replay:Mystery Machine","ReplayTheSpireMod:Shallot","Calipers","Replay:Ancient Bell","ReplayTheSpireMod:TigerMarble","Yang","CloakClasp","Damaru","Replay:Bottled Snecko","Tiny Chest"],"acts_visited":["Exordium","TheCity"],"potions_floor_usage":[8,16,16,27,28],"damage_taken":[{"damage":0,"enemies":"Jaw Worm","floor":1,"turns":5},{"damage":0,"enemies":"Cultist","floor":5,"turns":3},{"damage":19,"enemies":"Gremlin Nob","floor":6,"turns":4},{"damage":12,"enemies":"3 Sentries","floor":8,"turns":5},{"damage":3,"enemies":"Replay:BlueRogue","floor":10,"turns":6},{"damage":0,"enemies":"2 Louse","floor":12,"turns":3},{"damage":0,"enemies":"Large Slime","floor":13,"turns":2},{"damage":0,"enemies":"Looter","floor":14,"turns":2},{"damage":38,"enemies":"Fading Forest","floor":16,"turns":11},{"damage":25,"enemies":"2 Thieves","floor":18,"turns":5},{"damage":42,"enemies":"Book of Stabbing","floor":23,"turns":6},{"damage":12,"enemies":"Replay:Snechameleon","floor":25,"turns":4},{"damage":0,"enemies":"Spheric Guardian","floor":27,"turns":1},{"damage":23,"enemies":"3 Cultists","floor":28,"turns":5}],"seed_played":"-8992301750817644699","potions_obtained":[{"floor":1,"key":"Death Potion"},{"floor":7,"key":"PowerPotion"},{"floor":12,"key":"Milkshake"},{"floor":18,"key":"SpeedPotion"},{"floor":25,"key":"Swift Potion"},{"floor":27,"key":"ColorlessPotion"}],"is_trial":false,"path_per_floor":["M","?","$","T","M","E","?","E","T","E","R","M","M","M","R","B",null,"M","?","?","?","?","E","R","E","T","M","M"],"character_chosen":"WATCHER","items_purchased":["ReplayTheSpireMod:CursedCoin","Vajra"],"campfire_rested":1,"item_purchase_floors":[3,3],"current_hp_per_floor":[65,65,65,65,65,46,46,34,34,31,31,31,31,31,31,1,54,29,53,53,53,53,11,32,20,20,20,0,0],"gold":415,"neow_bonus":"ONE_RARE_RELIC","is_daily":false,"chose_seed":false,"campfire_upgraded":0,"win_rate":0.0,"timestamp":1612195112,"path_taken":["M","?","$","?","?","E","?","E","T","E","R","?","M","M","R","BOSS","M","?","?","?","?","E","R","E","T","?","M"],"items_purchased_type":["Relic","Relic"],"build_version":"2020-12-22","purchased_purges":1,"victory":false,"max_hp_per_floor":[72,72,72,72,72,72,72,72,72,72,72,72,72,72,72,72,72,72,72,72,72,72,72,72,72,72,72,72,72],"card_choices":[{"not_picked":["Replay:ManipulateFuture","Replay:BluntJabs"],"picked":"ReachHeaven","floor":1},{"not_picked":["EmptyBody","Replay:ManipulateFuture"],"picked":"ForeignInfluence","floor":5},{"not_picked":["Replay:ManipulateFuture","Vengeance"],"picked":"Crescendo","floor":6},{"not_picked":["Study","Worship"],"picked":"InnerPeace","floor":8},{"not_picked":["Consecrate","Blasphemy"],"picked":"PathToVictory","floor":10},{"not_picked":["Pray","SashWhip"],"picked":"PathToVictory","floor":12},{"not_picked":["CutThroughFate","ThirdEye"],"picked":"CrushJoints","floor":13},{"not_picked":["BowlingBash","Vengeance"],"picked":"SpiritShield","floor":14},{"not_picked":["Scrawl","SpiritShield"],"picked":"Wish","floor":16},{"not_picked":["Normality","Doubt"],"picked":"ReplayTheSpireMod:Faulty Equipment","floor":17},{"not_picked":["Regret","CurseOfTheBell"],"picked":"ReplayTheSpireMod:Faulty Equipment","floor":17},{"not_picked":["Sickly","Amnesia"],"picked":"Parasite","floor":17},{"not_picked":["Nirvana","Protect"],"picked":"SashWhip","floor":18},{"not_picked":["Sanctity+1","WheelKick"],"picked":"CutThroughFate","floor":20},{"not_picked":["BowlingBash","WaveOfTheHand"],"picked":"EmptyFist+1","floor":20},{"not_picked":["EmptyFist","Blasphemy"],"picked":"Weave+1","floor":20},{"not_picked":["Worship","Halt"],"picked":"CrushJoints+1","floor":23},{"not_picked":["Fasting2","Replay:Vibes"],"picked":"FollowUp","floor":25},{"not_picked":["BowlingBash","Replay:BluntJabs"],"picked":"Prostrate","floor":27}],"player_experience":792362,"relics_obtained":[{"floor":4,"key":"Kunai"},{"floor":6,"key":"Bottled Flame"},{"floor":8,"key":"Replay:Mystery Machine"},{"floor":10,"key":"ReplayTheSpireMod:Shallot"},{"floor":23,"key":"Damaru"},{"floor":25,"key":"Replay:Bottled Snecko"},{"floor":26,"key":"Tiny Chest"}],"event_choices":[{"damage_healed":0,"gold_gain":0,"player_choice":"Rummage","damage_taken":0,"relics_obtained":["WarpedTongs"],"max_hp_gain":0,"max_hp_loss":0,"event_name":"Accursed Blacksmith","floor":2,"gold_loss":0,"cards_obtained":["Pain"]},{"damage_healed":0,"gold_gain":0,"player_choice":"Bought 1 Potion","damage_taken":0,"max_hp_gain":0,"max_hp_loss":0,"event_name":"The Woman in Blue","floor":7,"gold_loss":0},{"damage_healed":0,"gold_gain":0,"player_choice":"Box","damage_taken":0,"relics_obtained":["Calipers"],"max_hp_gain":0,"max_hp_loss":0,"event_name":"Big Fish","floor":15,"gold_loss":0,"cards_obtained":["Regret"]},{"damage_healed":24,"gold_gain":0,"player_choice":"Heal","damage_taken":0,"max_hp_gain":0,"max_hp_loss":0,"event_name":"The Library","floor":19,"gold_loss":0},{"damage_healed":0,"gold_gain":0,"player_choice":"Smashed Altar","damage_taken":0,"max_hp_gain":0,"max_hp_loss":0,"event_name":"Forgotten Altar","floor":21,"gold_loss":0,"cards_obtained":["Decay"]},{"damage_healed":0,"gold_gain":0,"player_choice":"Ignored","damage_taken":0,"max_hp_gain":0,"max_hp_loss":0,"event_name":"Vampires","floor":22,"gold_loss":0}],"is_beta":false,"boss_relics":[{"not_picked":["Coffee Dripper","Velvet Choker"],"picked":"Replay:Ancient Bell"},{"not_picked":["Smiling Mask","Oddly Smooth Stone"],"picked":"ReplayTheSpireMod:TigerMarble"},{"not_picked":["Replay:Bottled Flurry","Frozen Egg 2"],"picked":"Yang"},{"not_picked":["GoldenEye","Replay:Arrowhead"],"picked":"CloakClasp"}],"items_purged_floors":[3],"is_endless":false,"potions_floor_spawned":[1,12,18,25,27],"killed_by":"3 Cultists","ascension_level":12}}