{"host":"072lmn9sfokvtood","time":1612149607,"event":{"mods":["BaseMod","Colored Powertips","Curses Come First","Minty Spire (QoL Compilation)","StSLib"],"gold_per_floor":[112,62,62,82,7,7,35,55,55,55,67,67,94,114,114,209,209,220,67,87,87,107,107,134,134,161,172,192,217,252,266,266,367,367,383,395,83,83,305,331,105,123,123,123,139,139,139,170,170,170,170,170,45,70,70,70],"floor_reached":55,"language":"ENG","playtime":5761,"items_purged":["Pain","Strike_R","Defend_R"],"score":840,"play_id":"293cede3-aefb-47e2-b5d3-480308d42fef","local_time":"20210131212007","is_ascension_mode":true,"campfire_choices":[{"data":"Intimidate","floor":6.0,"key":"SMITH"},{"data":"Berserk","floor":10.0,"key":"SMITH"},{"floor":12.0,"key":"RECALL"},{"data":"Bludgeon","floor":15.0,"key":"SMITH"},{"data":"Blood for Blood","floor":23.0,"key":"SMITH"},{"floor":32.0,"key":"REST"},{"floor":44.0,"key":"REST"},{"floor":49.0,"key":"REST"},{"data":"Blood for Blood","floor":52.0,"key":"SMITH"}],"circlet_count":0,"master_deck":["Strike_R+1","Strike_R+1","Defend_R+1","Defend_R+1","Bash","Blood for Blood+1","Intimidate+1","Berserk+1","Blood for Blood+1","Flame Barrier+1","Bludgeon+1","Impervious+1","Flex+1","Armaments+1","Flex+1","Burning Pact+1","Entrench+1","Shrug It Off+1","Warcry+1","Evolve+1","Shrug It Off+1","Limit Break+1","Whirlwind","Bandage Up+1","Inflame","Flex+1","Bloodletting+1","Flame Barrier+1","Heavy Blade+1","Blind+1","Thunderclap+1"],"relics":["Black Blood","WarpedTongs","Toxic Egg 2","Gremlin Horn","Oddly Smooth Stone","Black Star","Whetstone","War Paint","Pen Nib","Red Mask","Regal Pillow","Red Skull","PreservedInsect","Ancient Tea Set","Strawberry","Mummified Hand","Centennial Puzzle","Potion Belt","Bronze Scales","Bottled Tornado"],"acts_visited":["Exordium","TheCity","TheBeyond","TheEnding"],"potions_floor_usage":[],"damage_taken":[{"damage":1.0,"enemies":"Jaw Worm","floor":1.0,"turns":5.0},{"damage":3.0,"enemies":"2 Louse","floor":4.0,"turns":3.0},{"damage":30.0,"enemies":"Gremlin Nob","floor":7.0,"turns":4.0},{"damage":0.0,"enemies":"Cultist","floor":8.0,"turns":3.0},{"damage":13.0,"enemies":"Gremlin Gang","floor":11.0,"turns":4.0},{"damage":10.0,"enemies":"3 Sentries","floor":13.0,"turns":8.0},{"damage":0.0,"enemies":"Large Slime","floor":14.0,"turns":4.0},{"damage":0.0,"enemies":"Slime Boss","floor":16.0,"turns":3.0},{"damage":16.0,"enemies":"Spheric Guardian","floor":18.0,"turns":5.0},{"damage":0.0,"enemies":"Chosen","floor":20.0,"turns":3.0},{"damage":9.0,"enemies":"Sentry and Sphere","floor":22.0,"turns":5.0},{"damage":26.0,"enemies":"Gremlin Leader","floor":24.0,"turns":7.0},{"damage":15.0,"enemies":"3 Cultists","floor":27.0,"turns":6.0},{"damage":13.0,"enemies":"Cultist and Chosen","floor":28.0,"turns":6.0},{"damage":5.0,"enemies":"Masked Bandits","floor":29.0,"turns":6.0},{"damage":36.0,"enemies":"Book of Stabbing","floor":30.0,"turns":5.0},{"damage":21.0,"enemies":"Shelled Parasite and Fungi","floor":31.0,"turns":9.0},{"damage":43.0,"enemies":"Champ","floor":33.0,"turns":12.0},{"damage":52.0,"enemies":"3 Darklings","floor":35.0,"turns":5.0},{"damage":0.0,"enemies":"3 Shapes","floor":36.0,"turns":4.0},{"damage":31.0,"enemies":"Nemesis","floor":40.0,"turns":5.0},{"damage":31.0,"enemies":"Maw","floor":42.0,"turns":9.0},{"damage":12.0,"enemies":"Spire Growth","floor":45.0,"turns":2.0},{"damage":28.0,"enemies":"Reptomancer","floor":48.0,"turns":6.0},{"damage":63.0,"enemies":"Time Eater","floor":50.0,"turns":8.0},{"damage":45.0,"enemies":"Shield and Spear","floor":54.0,"turns":4.0},{"damage":61,"enemies":"The Heart","floor":55,"turns":5}],"seed_played":"5339278544740769310","potions_obtained":[{"floor":0.0,"key":"PowerPotion"},{"floor":0.0,"key":"LiquidBronze"},{"floor":0.0,"key":"DistilledChaos"},{"floor":1.0,"key":"HeartOfIron"},{"floor":8.0,"key":"BloodPotion"},{"floor":11.0,"key":"Energy Potion"},{"floor":13.0,"key":"DuplicationPotion"},{"floor":14.0,"key":"BloodPotion"},{"floor":18.0,"key":"SpeedPotion"},{"floor":20.0,"key":"EssenceOfSteel"},{"floor":28.0,"key":"Dexterity Potion"},{"floor":30.0,"key":"BloodPotion"},{"floor":35.0,"key":"LiquidMemories"},{"floor":48.0,"key":"SteroidPotion"}],"is_trial":false,"path_per_floor":["M","?","?","M","$","R","E","M","T","R","M","R","E","M","R","B",null,"M","$","M","?","M","R","E","?","T","M","M","?","E","M","R","B",null,"M","M","$","?","?","E","$","M","T","R","M","?","?","E","R","B",null,"R","$","E","B"],"character_chosen":"IRONCLAD","items_purchased":["Whetstone","PreservedInsect","Bandage Up+1","Inflame","Flex+1","Bloodletting+1"],"campfire_rested":3,"item_purchase_floors":[19,37,37,37,41,41],"current_hp_per_floor":[80,80,80,80,80,80,56,62,62,62,71,71,67,73,73,79,80,70,70,76,76,73,73,69,69,69,60,53,54,24,25,64,27,80,40,52,52,52,52,46,46,33,33,74,74,74,74,64,87,42,87,87,87,54,0,0],"gold":70,"neow_bonus":"THREE_SMALL_POTIONS","is_daily":false,"chose_seed":false,"campfire_upgraded":5,"win_rate":0.0,"timestamp":1612149607,"path_taken":["M","?","?","?","$","R","E","M","T","R","M","R","E","?","R","BOSS","M","$","M","?","M","R","E","?","T","M","?","?","E","M","R","BOSS","M","M","$","?","?","E","$","M","T","R","M","?","?","E","R","BOSS","R","$","E","BOSS"],"items_purchased_type":["Relic","Relic","Card","Card","Card","Card"],"build_version":"2020-12-22","purchased_purges":3,"victory":false,"max_hp_per_floor":[80,80,80,80,80,80,80,80,80,80,80,80,80,80,80,80,80,80,80,80,80,80,80,80,80,80,80,80,80,80,80,80,80,80,80,80,80,80,80,87,87,87,87,87,87,87,87,87,87,87,87,87,87,87,87,87],"card_choices":[{"not_picked":["Rampage","Bloodletting"],"picked":"Blood for Blood","floor":1.0},{"not_picked":["Perfected Strike","Iron Wave"],"picked":"Intimidate","floor":4.0},{"not_picked":["Dark Embrace","Metallicize"],"picked":"Berserk","floor":7.0},{"not_picked":["Burning Pact+1","Rampage"],"picked":"Blood for Blood","floor":8.0},{"not_picked":["Clash","Cleave"],"picked":"Flame Barrier+1","floor":11.0},{"not_picked":["Fire Breathing","Sword Boomerang"],"picked":"Bludgeon","floor":13.0},{"not_picked":["Havoc+1","Twin Strike","True Grit+1"],"picked":"SKIP","floor":14.0},{"not_picked":["Reaper","Offering+1"],"picked":"Impervious+1","floor":16.0},{"not_picked":["True Grit+1","Whirlwind"],"picked":"Flex+1","floor":18.0},{"not_picked":["Clothesline","Feel No Pain"],"picked":"Armaments+1","floor":20.0},{"not_picked":["Demon Form","Clothesline+1"],"picked":"Flex+1","floor":22.0},{"not_picked":["Body Slam","Twin Strike"],"picked":"Burning Pact+1","floor":24.0},{"not_picked":["Body Slam","Power Through+1"],"picked":"Entrench+1","floor":27.0},{"not_picked":["Headbutt+1","Intimidate+1"],"picked":"Shrug It Off+1","floor":28.0},{"not_picked":["Twin Strike","Power Through+1"],"picked":"Warcry+1","floor":29.0},{"not_picked":["Wild Strike","Sword Boomerang"],"picked":"Evolve+1","floor":30.0},{"not_picked":["Perfected Strike+1","Havoc+1"],"picked":"Shrug It Off+1","floor":31.0},{"not_picked":["Fiend Fire","Berserk"],"picked":"Limit Break+1","floor":33.0},{"not_picked":["Hemokinesis+1","Cleave+1"],"picked":"Whirlwind","floor":35.0},{"not_picked":["True Grit+1","Shrug It Off+1","Body Slam"],"picked":"SKIP","floor":36.0},{"not_picked":["Pommel Strike+1","Warcry+1","Havoc+1"],"picked":"SKIP","floor":40.0},{"not_picked":["Shrug It Off+1","Bloodletting+1"],"picked":"Flame Barrier+1","floor":42.0},{"not_picked":["Headbutt","Corruption"],"picked":"Heavy Blade+1","floor":45.0},{"not_picked":["Jack Of All Trades+1","Impatience+1"],"picked":"Blind+1","floor":46.0},{"not_picked":["Pommel Strike","Wild Strike"],"picked":"Thunderclap+1","floor":48.0},{"not_picked":["Armaments+1","True Grit+1","Headbutt+1"],"picked":"SKIP","floor":54.0}],"player_experience":232464,"relics_obtained":[{"floor":7.0,"key":"Toxic Egg 2"},{"floor":9.0,"key":"Gremlin Horn"},{"floor":13.0,"key":"Oddly Smooth Stone"},{"floor":24.0,"key":"War Paint"},{"floor":24.0,"key":"Pen Nib"},{"floor":29.0,"key":"Red Mask"},{"floor":30.0,"key":"Regal Pillow"},{"floor":30.0,"key":"Red Skull"},{"floor":40.0,"key":"Ancient Tea Set"},{"floor":40.0,"key":"Strawberry"},{"floor":43.0,"key":"Mummified Hand"},{"floor":48.0,"key":"Centennial Puzzle"},{"floor":48.0,"key":"Potion Belt"},{"floor":54.0,"key":"Bronze Scales"},{"floor":54.0,"key":"Bottled Tornado"}],"event_choices":[{"cards_removed":["Strike_R"],"damage_healed":0.0,"max_hp_gain":0.0,"max_hp_loss":0.0,"gold_gain":0.0,"event_name":"The Cleric","player_choice":"Card Removal","floor":2.0,"gold_loss":50.0,"damage_taken":0.0},{"damage_healed":0.0,"max_hp_gain":0.0,"max_hp_loss":0.0,"gold_gain":0.0,"event_name":"Accursed Blacksmith","player_choice":"Rummage","floor":3.0,"gold_loss":0.0,"damage_taken":0.0,"relics_obtained":["WarpedTongs"],"cards_obtained":["Pain"]},{"damage_healed":0.0,"max_hp_gain":0.0,"max_hp_loss":0.0,"gold_gain":0.0,"event_name":"Vampires","player_choice":"Ignored","floor":21.0,"gold_loss":0.0,"damage_taken":0.0},{"cards_removed":["Strike_R"],"damage_healed":0.0,"max_hp_gain":0.0,"max_hp_loss":0.0,"gold_gain":0.0,"event_name":"Purifier","player_choice":"Purged","floor":25.0,"gold_loss":0.0,"damage_taken":0.0},{"damage_healed":0.0,"max_hp_gain":0.0,"max_hp_loss":0.0,"gold_gain":0.0,"event_name":"Masked Bandits","player_choice":"Fought Bandits","floor":29.0,"gold_loss":0.0,"damage_taken":0.0},{"damage_healed":0.0,"max_hp_gain":0.0,"max_hp_loss":0.0,"gold_gain":0.0,"event_name":"Mysterious Sphere","player_choice":"Ignored","floor":38.0,"gold_loss":0.0,"damage_taken":0.0},{"damage_healed":0.0,"max_hp_gain":0.0,"max_hp_loss":0.0,"gold_gain":222.0,"event_name":"Tomb of Lord Red Mask","player_choice":"Wore Mask","floor":39.0,"gold_loss":0.0,"damage_taken":0.0},{"damage_healed":0.0,"max_hp_gain":0.0,"max_hp_loss":0.0,"gold_gain":0.0,"event_name":"SensoryStone","player_choice":"Memory 1","floor":46.0,"gold_loss":0.0,"damage_taken":0.0},{"cards_removed":["Defend_R"],"damage_healed":0.0,"max_hp_gain":0.0,"max_hp_loss":0.0,"gold_gain":0.0,"event_name":"Purifier","player_choice":"Purged","floor":47.0,"gold_loss":0.0,"damage_taken":0.0}],"is_beta":false,"boss_relics":[{"not_picked":["Busted Crown","Calling Bell"],"picked":"Black Star"},{"not_picked":["Coffee Dripper","Tiny House"],"picked":"Black Blood"}],"items_purged_floors":[5,41,53],"is_endless":false,"potions_floor_spawned":[1,8,11,13,14,18,20,28,30,35,48],"killed_by":"The Heart","ascension_level":1}}