{"host":"qmnyg5dk1o6rw6mz","time":1612179421,"event":{"mods":["2.2 Compatiblity","AchievementEnabler","Act Like it!","Aspiration","Astrologer","BaseMod","Beaked The Cultist","Better Altar","Better Match","Better Note","Better Sensory Stone","Better Skull","Better Third Choice","Better Vampires","Block Reminder","CapriCore","Challenge The Spire","ChefMod","Colored Map","Colored Powertips","Conspire","Defuse TimeMaze Blight","Disable Question Mark Monsters","Displayed Cursed Tome","Downfall","Energized Spire","Fox Events","Gensokyo","GifTheSpireLib","Hermit","Highlight Path","Hubris","Infinite Spire","Jedi Mod","Marisa¡]Ãú«B¡@Å]²z¨F¡^","Marked Mod","Minty Spire (QoL Compilation)","Monster B Gone","Pale of the Ancients","Permanent Neow","Quick Restart","Reimu¡]³Õ???¡^","Relic Filter","Reliquary","Replay The Spire","StSLib","Synergy Search","The Construct","The Cursed","The Dragon Tamer","The Gatherer","The Hayseed","The Poker Player","The Runesmith","The Showman","Unceasing Turn Reminder","Wide Potions","thorton"],"gold_per_floor":[115,190,190,208,227,257,257,257,282,282,296,322,342,361,361,463,463,479,479,479,479,497,497,525,525,525,543,543,543,543,556,590,590,728,728,788,788,851,851,918,1010,1010,1088,1115,463,106,106,126,126,126,126,126,336,336,336],"floor_reached":56,"language":"ENG","playtime":2036,"items_purged":["Injury","Defend_R","Defend_R"],"score":948,"play_id":"abe8e3da-878a-4653-b76e-b45e1e47433f","local_time":"20210201193700","is_ascension_mode":false,"campfire_choices":[{"data":"Bash","floor":8.0,"key":"SMITH"},{"data":"ReplayTheSpireMod:LeadingStrike","floor":10.0,"key":"SMITH"},{"data":"Shockwave","floor":15.0,"key":"SMITH"},{"data":"Pommel Strike","floor":23.0,"key":"SMITH"},{"data":"Strike_R","floor":25.0,"key":"SMITH"},{"data":"Bloodletting","floor":31.0,"key":"SMITH"},{"data":"Defend_R","floor":34.0,"key":"PURGE"},{"data":"Demon Form","floor":43.0,"key":"SMITH"},{"floor":48.0,"key":"RECALL"},{"data":"Strike_R","floor":51.0,"key":"SMITH"},{"data":"Mayhem","floor":54.0,"key":"SMITH"}],"circlet_count":0,"master_deck":["Strike_R","Strike_R","Strike_R","Strike_R+1","Strike_R+1","Defend_R","Bash+1","ReplayTheSpireMod:LeadingStrike+1","Pommel Strike+1","Cleave+1","Wild Strike+1","Shockwave+1","Demon Form+1","Perfected Strike+1","infinitespire:SevenWalls+1","Perfected Strike+1","Bloodletting+1","Cleave+1","Perfected Strike+1","Clash+1","ReplayTheSpireMod:LeadingStrike+1","hubris:SharpeningStone+1","Runesmith:Refine","Mayhem+1","Wild Strike+1","Dramatic Entrance+1","hubris:EnhanceAbility"],"relics":["Burning Blood","hubris:64BitClover","Molten Egg 2","Oddly Smooth Stone","Potion Belt","jedi:purplefairy","Philosopher\u0027s Stone","hubris:Teleporter","infinitespire:CursedDice","infinitespire:PuzzleCube","aspiration:TomeofQuesting","infinitespire:EvilPickle","aspiration:RunesmithSkillbook","jedi:archwizardhat","Vajra","infinitespire:Joker Card","Membership Card","hubris:TenFootPole","hubris:SlimyHat","hubris:NiceRug","reliquary:PartyBalloon","Paper Frog","OrangePellets"],"acts_visited":["Exordium","TheCity","TheBeyond","TheEnding"],"potions_floor_usage":[],"damage_taken":[{"damage":3.0,"enemies":"Small Slimes","floor":1.0,"turns":3.0},{"damage":8.0,"enemies":"Jaw Worm","floor":4.0,"turns":4.0},{"damage":1.0,"enemies":"Cultist","floor":5.0,"turns":3.0},{"damage":40.0,"enemies":"Lagavulin","floor":6.0,"turns":5.0},{"damage":0.0,"enemies":"3 Louse","floor":11.0,"turns":4.0},{"damage":18.0,"enemies":"3 Sentries","floor":12.0,"turns":6.0},{"damage":17.0,"enemies":"Large Slime","floor":14.0,"turns":4.0},{"damage":56.0,"enemies":"Fading Forest","floor":16.0,"turns":11.0},{"damage":22.0,"enemies":"Shell Parasite","floor":18.0,"turns":4.0},{"damage":4.0,"enemies":"3 Byrds","floor":22.0,"turns":4.0},{"damage":33.0,"enemies":"Book of Stabbing","floor":24.0,"turns":4.0},{"damage":9.0,"enemies":"Centurion and Healer","floor":28.0,"turns":2.0},{"damage":21.0,"enemies":"Snake Plant","floor":32.0,"turns":2.0},{"damage":9.0,"enemies":"conspire:Head Lice","floor":33.0,"turns":4.0},{"damage":43.0,"enemies":"Pondfish","floor":35.0,"turns":6.0},{"damage":24.0,"enemies":"3 Darklings","floor":37.0,"turns":4.0},{"damage":0.0,"enemies":"3 Shapes","floor":39.0,"turns":2.0},{"damage":22.0,"enemies":"Sphere and 2 Shapes","floor":41.0,"turns":3.0},{"damage":57.0,"enemies":"Nightmare","floor":42.0,"turns":8.0},{"damage":19.0,"enemies":"4 Shapes","floor":44.0,"turns":3.0},{"damage":0.0,"enemies":"Transient","floor":50.0,"turns":5.0},{"damage":43.0,"enemies":"Awakened One","floor":52.0,"turns":6.0},{"damage":52.0,"enemies":"hubris:Merchant","floor":55.0,"turns":4.0},{"damage":36,"enemies":"Shield and Spear","floor":56,"turns":2}],"seed_played":"8858609667959479921","potions_obtained":[{"floor":1.0,"key":"Strength Potion"},{"floor":3.0,"key":"Fire Potion"},{"floor":3.0,"key":"FairyPotion"},{"floor":16.0,"key":"SkillPotion"},{"floor":22.0,"key":"Adrenaline Potion"},{"floor":32.0,"key":"SpeedPotion"},{"floor":39.0,"key":"CultistPotion"},{"floor":41.0,"key":"Elixir"},{"floor":50.0,"key":"SteroidPotion"},{"floor":55.0,"key":"Adrenaline Potion"},{"floor":55.0,"key":"ColorlessPotion"},{"floor":55.0,"key":"jedi:hoardpotion"}],"is_trial":false,"path_per_floor":["M","?","?","M","M","E","?","R","T","R","M","E","?","M","R","B",null,"M","?","?","?","M","R","E","R","T","M","PTL","PTL","R","M","E","R_BF","B",null,"M","?","M","?","M","NM","R","M","T","$","$","R","M","R_BF","B",null,"R","$","E"],"character_chosen":"IRONCLAD","items_purchased":["infinitespire:Joker Card","Mayhem","Block Potion","SkillPotion","Membership Card","hubris:TenFootPole","hubris:SlimyHat","Wild Strike+1"],"campfire_rested":0,"item_purchase_floors":[46,46,46,46,47,47,47,55],"current_hp_per_floor":[80,69,69,67,72,38,38,38,38,38,44,32,32,21,26,14,80,64,64,44,44,46,56,29,80,80,77,77,77,80,65,62,62,25,80,62,62,68,68,52,35,36,23,23,23,23,23,29,80,43,80,80,34,0,0],"gold":336,"neow_bonus":"THREE_CARDS","is_daily":false,"chose_seed":false,"campfire_upgraded":9,"win_rate":0.0,"timestamp":1612179420,"path_taken":["M","?","?","?","M","E","?","R","T","R","M","E","?","M","R","BOSS","M","?","?","?","M","R","E","R","T","M","PTL","PTL","R","M","E","R_BF","BOSS","M","?","?","?","M","NM","R","M","T","?","$","R","?","R_BF","BOSS","R","$","E"],"items_purchased_type":["Relic","Card","Potion","Potion","Relic","Relic","Relic","Card"],"build_version":"2020-12-22","purchased_purges":3,"victory":false,"max_hp_per_floor":[80,80,80,80,80,80,80,80,80,80,80,80,80,80,80,80,80,80,80,80,80,80,80,80,80,80,80,80,80,80,80,80,80,80,80,80,80,80,80,80,80,80,80,80,80,80,80,80,80,80,80,80,80,80,80],"card_choices":[{"not_picked":["Body Slam","Iron Wave"],"picked":"ReplayTheSpireMod:LeadingStrike","floor":0.0},{"not_picked":["Flex","Anger","Sword Boomerang"],"picked":"SKIP","floor":1.0},{"not_picked":["Dropkick","Sword Boomerang","Shrug It Off"],"picked":"SKIP","floor":4.0},{"not_picked":["Heavy Blade","jedi:hate"],"picked":"Pommel Strike","floor":5.0},{"not_picked":["Disarm","ReplayTheSpireMod:Limb From Limb","conspire:ExplosiveBarrier"],"picked":"SKIP","floor":6.0},{"not_picked":["infinitespire:OneForAll+1","Havoc"],"picked":"Cleave+1","floor":11.0},{"not_picked":["Hemogenesis+1","Replay:Undeath\u0027s Touch+1","Ghostly Armor"],"picked":"SKIP","floor":12.0},{"not_picked":["Run Through+1","Replay:Undeath\u0027s Touch+1"],"picked":"Wild Strike+1","floor":13.0},{"not_picked":["ReplayReversal","Shrug It Off"],"picked":"Shockwave","floor":14.0},{"not_picked":["Barricade","Exhume"],"picked":"Demon Form","floor":16.0},{"not_picked":["Twin Strike+1","ReplayTheSpireMod:Limb From Limb+1"],"picked":"Perfected Strike+1","floor":18.0},{"not_picked":["infinitespire:TheBestDefense","infinitespire:UltimateForm"],"picked":"infinitespire:SevenWalls","floor":20.0},{"not_picked":["Sentinel","infinitespire:OneForAll+1"],"picked":"Perfected Strike+1","floor":22.0},{"not_picked":["Uppercut+1","Fiend Fire+1","Blood for Blood+1"],"picked":"SKIP","floor":24.0},{"not_picked":["Flame Barrier","Power Through+1"],"picked":"Bloodletting","floor":28.0},{"not_picked":["Run Through+1","Shockwave"],"picked":"Cleave+1","floor":32.0},{"not_picked":["Shockwave","Thunderclap+1"],"picked":"Perfected Strike+1","floor":33.0},{"not_picked":["Rage+1","Hemokinesis+1","Runesmith:RuneHurl+1","ReplayTheSpireMod:Corrosion Curse"],"picked":"SKIP","floor":37.0},{"not_picked":["jedi:fear","Runesmith:LastStand","ReplayReversal"],"picked":"Clash+1","floor":39.0},{"not_picked":["Fire Breathing","Runesmith:HeatExchange+1","Runesmith:HammerTime+1","Runesmith:CraftProtectio+1"],"picked":"SKIP","floor":41.0},{"not_picked":["Runesmith:CraftIncendium","Heavy Blade+1","Runesmith:HeatExchange+1"],"picked":"hubris:SharpeningStone+1","floor":42.0},{"not_picked":["Runesmith:HammerThrow+1","Havoc","Body Slam+1"],"picked":"Runesmith:Refine","floor":44.0},{"not_picked":["True Grit","Runesmith:Overpower+1","Runesmith:CraftReservo+1","Runesmith:Repurpose+1"],"picked":"SKIP","floor":50.0},{"not_picked":[],"picked":"Dramatic Entrance+1","floor":55.0},{"not_picked":[],"picked":"hubris:EnhanceAbility","floor":55.0},{"not_picked":["Runesmith:HeatedChisel+1"],"picked":"SKIP","floor":55.0},{"not_picked":["Runesmith:CraftMagma"],"picked":"SKIP","floor":55.0},{"not_picked":["hubris:ReadiedAction"],"picked":"SKIP","floor":55.0},{"not_picked":["Dark Embrace"],"picked":"SKIP","floor":55.0}],"player_experience":196462,"relics_obtained":[{"floor":6.0,"key":"hubris:64BitClover"},{"floor":9.0,"key":"Oddly Smooth Stone"},{"floor":12.0,"key":"Potion Belt"},{"floor":13.0,"key":"jedi:purplefairy"},{"floor":24.0,"key":"hubris:Teleporter"},{"floor":26.0,"key":"infinitespire:CursedDice"},{"floor":32.0,"key":"infinitespire:PuzzleCube"},{"floor":33.0,"key":"aspiration:TomeofQuesting"},{"floor":42.0,"key":"Vajra"},{"floor":55.0,"key":"reliquary:PartyBalloon"},{"floor":55.0,"key":"Paper Frog"},{"floor":55.0,"key":"OrangePellets"}],"event_choices":[{"damage_healed":0.0,"max_hp_gain":0.0,"max_hp_loss":0.0,"gold_gain":75.0,"event_name":"betterThird:BetterGoop","player_choice":"Gold","floor":2.0,"gold_loss":0.0,"damage_taken":11.0},{"damage_healed":0.0,"max_hp_gain":0.0,"max_hp_loss":0.0,"gold_gain":0.0,"event_name":"Lab","player_choice":"Got Potions","floor":3.0,"gold_loss":0.0,"damage_taken":0.0},{"cards_removed":["Demon Form"],"damage_healed":0.0,"max_hp_gain":0.0,"max_hp_loss":0.0,"gold_gain":0.0,"event_name":"betterNote:BetterNote","player_choice":"Give","floor":19.0,"gold_loss":0.0,"damage_taken":0.0,"cards_obtained":["None"]}],"is_beta":false,"boss_relics":[{"not_picked":["Fusion Hammer","Snecko Eye"],"picked":"Philosopher\u0027s Stone"},{"not_picked":["aspiration:PoetsPen_weak","energizedSpire:MagnifyingGlass"],"picked":"aspiration:RunesmithSkillbook"}],"items_purged_floors":[46,47,55],"is_endless":false,"potions_floor_spawned":[1,16,22,32,39,41,50],"killed_by":"Shield and Spear","ascension_level":0}}