{"host":"kqmpijrcxbgb80ry","time":1612152657,"event":{"mods":["BaseMod","Colored Map","Colored Powertips","Duelist Mod","Hermit","Highlight Path","Hubris","Infinite Spire","Mimic Mod","Minty Spire (QoL Compilation)","Permanent Neow","Replay The Spire","Shop Mod","StSLib","SuperFastMode"],"gold_per_floor":[118,136,155,155,155,184,184,209,236,246,90,108,108,108],"floor_reached":13,"language":"ENG","playtime":908,"items_purged":[],"score":120,"play_id":"9354b13a-255b-48f4-ad9c-9a5cb83d6558","local_time":"20210131231057","is_ascension_mode":false,"campfire_choices":[{"data":"hermit:HighNoon","floor":7,"key":"SMITH"}],"circlet_count":0,"master_deck":["hermit:Strike_Hermit","hermit:Strike_Hermit+1","hermit:Strike_Hermit+1","hermit:Defend_Hermit+1","hermit:Defend_Hermit","hermit:Defend_Hermit","hermit:Defend_Hermit","hermit:Snapshot","hermit:Covet","hermit:Glare","hermit:GhostlyPresence","hermit:HighNoon+1","hermit:Midnight","hermit:Horror"],"relics":["hermit:Momento","Pen Nib","Bag of Preparation","ReplayTheSpireMod:Ninjato","PreservedInsect","Simple Rune"],"acts_visited":["Exordium"],"potions_floor_usage":[13,13],"damage_taken":[{"damage":0,"enemies":"Cultist","floor":1,"turns":3},{"damage":5,"enemies":"2 Louse","floor":2,"turns":2},{"damage":0,"enemies":"Small Slimes","floor":3,"turns":3},{"damage":0,"enemies":"Replay:BlueRogue","floor":6,"turns":6},{"damage":19,"enemies":"Lagavulin","floor":8,"turns":8},{"damage":14,"enemies":"Gremlin Gang","floor":10,"turns":4},{"damage":34,"enemies":"Large Slime","floor":12,"turns":6},{"damage":3,"enemies":"3 Sentries","floor":13,"turns":2}],"seed_played":"4788981114661585069","potions_obtained":[{"floor":1,"key":"AttackPotion"},{"floor":6,"key":"ColorlessPotion"},{"floor":12,"key":"Fire Potion"}],"is_trial":false,"path_per_floor":["M","M","M","?","?","E","R","E","T","M","$","M","E"],"character_chosen":"HERMIT","items_purchased":["Simple Rune"],"campfire_rested":0,"item_purchase_floors":[11],"current_hp_per_floor":[75,70,70,70,70,70,70,51,51,37,37,3,0,0],"gold":108,"neow_bonus":"RANDOM_COMMON_RELIC","is_daily":false,"chose_seed":false,"campfire_upgraded":1,"win_rate":0.0,"timestamp":1612152657,"path_taken":["M","?","M","?","?","E","R","E","T","M","$","M","E"],"items_purchased_type":["Relic"],"build_version":"2020-12-22","purchased_purges":0,"victory":false,"max_hp_per_floor":[75,75,75,75,75,75,75,75,75,75,75,75,75,75],"card_choices":[{"not_picked":["hermit:CalledShot","hermit:TrackingShot"],"picked":"hermit:Glare","floor":1},{"not_picked":["hermit:TrackingShot","hermit:Feint","hermit:Virtue"],"picked":"SKIP","floor":2},{"not_picked":["hermit:Coalescence","hermit:Ricochet"],"picked":"hermit:GhostlyPresence","floor":3},{"not_picked":["hermit:BodyArmor","hermit:FlashPowder"],"picked":"hermit:HighNoon","floor":6},{"not_picked":["hermit:Scavenge","hermit:HoleUp","hermit:SprayPray"],"picked":"SKIP","floor":8},{"not_picked":["hermit:Manifest","hermit:Feint"],"picked":"hermit:Midnight","floor":10},{"not_picked":["hermit:Grudge","hermit:Coalescence"],"picked":"hermit:Horror","floor":12}],"player_experience":370356,"relics_obtained":[{"floor":6,"key":"Bag of Preparation"},{"floor":8,"key":"ReplayTheSpireMod:Ninjato"},{"floor":9,"key":"PreservedInsect"}],"event_choices":[{"cards_removed":["hermit:Strike_Hermit"],"damage_healed":0,"gold_gain":0,"player_choice":"Purged","damage_taken":0,"max_hp_gain":0,"max_hp_loss":0,"event_name":"Purifier","floor":5,"gold_loss":0}],"is_beta":false,"boss_relics":[],"items_purged_floors":[],"is_endless":false,"potions_floor_spawned":[1,6,12],"killed_by":"3 Sentries","ascension_level":0}}