{"host":"pigfart","time":1612147641,"event":{"mods":["BaseMod","Colored Map","Minty Spire (QoL Compilation)","Relic Stats","StSLib"],"gold_per_floor":[110,110,129,143,155,155,188,188,214,214,244,244,254,275,275,350,350,364,364,384,309,320,346,346,23,23,23,43,43,43,57,57,133,133,148,62,80,80,105,137,147,172,172,172,189,189,216,27,27,27,27,27,27,27,62,62],"floor_reached":57,"language":"ENG","playtime":3483,"items_purged":["Writhe","Strike_G","Shame"],"score":2861,"play_id":"fd34f518-3d9c-40f7-ba79-6287b5e879bf","local_time":"20210131204721","is_ascension_mode":true,"campfire_choices":[{"floor":6,"key":"REST"},{"data":"Bouncing Flask","floor":8,"key":"SMITH"},{"data":"Dagger Spray","floor":10,"key":"SMITH"},{"data":"Neutralize","floor":12,"key":"SMITH"},{"data":"Noxious Fumes","floor":15,"key":"SMITH"},{"data":"Leg Sweep","floor":24,"key":"SMITH"},{"data":"Burst","floor":27,"key":"SMITH"},{"data":"Acrobatics","floor":29,"key":"SMITH"},{"data":"Footwork","floor":32,"key":"SMITH"},{"floor":44,"key":"REST"},{"floor":46,"key":"RECALL"},{"data":"Footwork","floor":49,"key":"SMITH"},{"data":"Bouncing Flask","floor":53,"key":"SMITH"}],"circlet_count":0,"master_deck":["AscendersBane","Strike_G","Strike_G","Strike_G","Defend_G","Defend_G+1","Defend_G+1","Defend_G","Defend_G","Survivor","Neutralize+1","Leg Sweep+1","Dagger Spray+1","Dagger Throw","Bouncing Flask+1","Noxious Fumes+1","Acrobatics+1","Tools of the Trade","Underhanded Strike","Burst+1","Footwork+1","Bullet Time","Footwork+1","Reflex","Night Terror","Dodge and Roll","Acrobatics","Dodge and Roll","Bouncing Flask+1","Doppelganger"],"relics":["Cursed Key","War Paint","Snake Skull","MealTicket","Art of War","Odd Mushroom","Snecko Eye","Kunai","SlaversCollar","Ice Cream","Dead Branch","Blood Vial","MawBank"],"acts_visited":["Exordium","TheCity","TheBeyond","TheEnding"],"potions_floor_usage":[31,37,56],"damage_taken":[{"damage":1,"enemies":"Jaw Worm","floor":1,"turns":5},{"damage":0,"enemies":"Small Slimes","floor":3,"turns":5},{"damage":0,"enemies":"Cultist","floor":4,"turns":5},{"damage":4,"enemies":"2 Fungi Beasts","floor":5,"turns":4},{"damage":13,"enemies":"3 Sentries","floor":7,"turns":9},{"damage":3,"enemies":"Gremlin Nob","floor":11,"turns":3},{"damage":10,"enemies":"Exordium Thugs","floor":13,"turns":5},{"damage":0,"enemies":"The Mushroom Lair","floor":14,"turns":4},{"damage":0,"enemies":"Hexaghost","floor":16,"turns":7},{"damage":3,"enemies":"2 Thieves","floor":18,"turns":4},{"damage":6,"enemies":"3 Byrds","floor":20,"turns":4},{"damage":17,"enemies":"Centurion and Healer","floor":22,"turns":4},{"damage":50,"enemies":"Slavers","floor":23,"turns":5},{"damage":0,"enemies":"Snecko","floor":28,"turns":5},{"damage":2,"enemies":"3 Cultists","floor":31,"turns":3},{"damage":16,"enemies":"Collector","floor":33,"turns":9},{"damage":22,"enemies":"3 Shapes","floor":35,"turns":7},{"damage":5,"enemies":"Orb Walker","floor":37,"turns":6},{"damage":9,"enemies":"Mind Bloom Boss Battle","floor":39,"turns":7},{"damage":0,"enemies":"Giant Head","floor":40,"turns":9},{"damage":4,"enemies":"3 Darklings","floor":41,"turns":6},{"damage":15,"enemies":"Nemesis","floor":42,"turns":7},{"damage":0,"enemies":"Maw","floor":45,"turns":8},{"damage":2,"enemies":"Giant Head","floor":47,"turns":8},{"damage":24,"enemies":"Donu and Deca","floor":50,"turns":11},{"damage":33,"enemies":"Time Eater","floor":51,"turns":12},{"damage":20,"enemies":"Shield and Spear","floor":55,"turns":9},{"damage":87,"enemies":"The Heart","floor":56,"turns":9}],"seed_played":"4889763627090266795","potions_obtained":[{"floor":3,"key":"FairyPotion"},{"floor":4,"key":"Energy Potion"},{"floor":18,"key":"FairyPotion"},{"floor":28,"key":"AttackPotion"},{"floor":31,"key":"FearPotion"},{"floor":33,"key":"Block Potion"},{"floor":39,"key":"BlessingOfTheForge"},{"floor":42,"key":"DuplicationPotion"}],"is_trial":false,"path_per_floor":["M","?","M","M","M","R","E","R","T","R","E","R","M","?","R","B",null,"M","?","M","$","M","E","R","$","T","R","M","R","?","M","R","B",null,"M","$","M","?","?","E","M","E","T","R","M","R","E","$","R","B","B",null,"R","$","E","B",null],"character_chosen":"THE_SILENT","items_purchased":["Underhanded Strike","Burst","Footwork","Bouncing Flask"],"campfire_rested":2,"item_purchase_floors":[25,25,36,48],"current_hp_per_floor":[58,32,32,32,28,47,34,34,34,34,31,31,21,21,21,21,55,52,52,46,61,44,19,19,34,34,34,34,34,76,74,74,58,72,50,65,60,60,51,51,47,32,32,53,55,55,55,70,70,48,17,58,58,72,52,8],"gold":62,"neow_bonus":"BOSS_RELIC","is_daily":false,"chose_seed":false,"campfire_upgraded":10,"win_rate":0.0,"timestamp":1612147641,"path_taken":["M","?","M","M","M","R","E","R","T","R","E","R","M","?","R","BOSS","M","?","M","?","M","E","R","$","T","R","M","R","?","?","R","BOSS","M","$","M","?","?","E","M","E","T","R","M","R","E","$","R","BOSS","BOSS","R","$","E","BOSS"],"items_purchased_type":["Card","Card","Card","Card"],"build_version":"2020-12-18","purchased_purges":3,"victory":true,"max_hp_per_floor":[66,66,66,66,66,66,66,66,66,66,66,66,66,66,66,66,66,66,66,66,66,66,66,66,66,66,66,66,66,76,76,76,76,76,76,76,76,72,72,72,72,72,72,72,72,72,72,72,72,72,72,72,72,72,72,72],"relic_stats":{"Blood Vial":10,"counters":[28,180],"Dead Branch":[32],"Snecko Eye":[276,268,305,274],"MealTicket":74,"Snake Skull":[414],"Art of War":[32],"Kunai":[37],"War Paint":["Defend_G","Defend_G"],"Cursed Key":2,"MawBank":12,"obtain_stats":[{"Ice Cream":39,"Dead Branch":40,"Snake Skull":7,"War Paint":2,"Odd Mushroom":14,"Cursed Key":0,"MawBank":47,"Blood Vial":42,"SlaversCollar":34,"Snecko Eye":17,"MealTicket":9,"Art of War":11,"Kunai":23,"Ring of the Snake":0},{"Ice Cream":19,"Dead Branch":20,"Snake Skull":5,"War Paint":1,"Odd Mushroom":8,"Cursed Key":0,"MawBank":24,"Blood Vial":22,"SlaversCollar":16,"Snecko Eye":9,"MealTicket":5,"Art of War":6,"Kunai":13,"Ring of the Snake":0},{"Ice Cream":101,"Dead Branch":110,"Snake Skull":28,"War Paint":5,"Odd Mushroom":40,"Cursed Key":0,"MawBank":139,"Blood Vial":123,"SlaversCollar":81,"Snecko Eye":47,"MealTicket":28,"Art of War":31,"Kunai":64,"Ring of the Snake":0}]},"card_choices":[{"not_picked":["Flying Knee","Slice","Deflect"],"picked":"SKIP","floor":1},{"not_picked":["Poisoned Stab","Flying Knee"],"picked":"Leg Sweep","floor":3},{"not_picked":["Flying Knee","Quick Slash"],"picked":"Dagger Spray","floor":4},{"not_picked":["Storm of Steel","Flechettes"],"picked":"Dagger Throw","floor":5},{"not_picked":["Predator","Sucker Punch"],"picked":"Bouncing Flask","floor":7},{"not_picked":["Choke","Finisher","Dagger Throw"],"picked":"SKIP","floor":11},{"not_picked":["Blade Dance","Skewer"],"picked":"Noxious Fumes","floor":13},{"not_picked":["Prepared","Quick Slash"],"picked":"Acrobatics","floor":14},{"not_picked":["Storm of Steel","Bullet Time"],"picked":"Tools of the Trade","floor":16},{"not_picked":["Bane","Slice","Blade Dance+1"],"picked":"SKIP","floor":18},{"not_picked":["Flechettes","Dagger Spray","Distraction"],"picked":"SKIP","floor":20},{"not_picked":["Concentrate","Dodge and Roll","Outmaneuver"],"picked":"SKIP","floor":22},{"not_picked":["Deadly Poison","Skewer","Quick Slash"],"picked":"SKIP","floor":23},{"not_picked":["Quick Slash","PiercingWail","Setup"],"picked":"SKIP","floor":28},{"not_picked":["Cloak And Dagger","Prepared"],"picked":"Footwork","floor":31},{"not_picked":["Storm of Steel","Die Die Die"],"picked":"Bullet Time","floor":33},{"not_picked":["Poisoned Stab","Endless Agony+1","Deadly Poison+1"],"picked":"SKIP","floor":35},{"not_picked":["Quick Slash+1","Accuracy","Slice"],"picked":"SKIP","floor":37},{"not_picked":["Tactician","Underhanded Strike+1"],"picked":"Reflex","floor":40},{"not_picked":["Blade Dance","Skewer"],"picked":"Night Terror","floor":41},{"not_picked":["Leg Sweep","Flechettes+1"],"picked":"Dodge and Roll","floor":42},{"not_picked":["Cloak And Dagger","Slice+1"],"picked":"Acrobatics","floor":45},{"not_picked":["Deflect","Blade Dance"],"picked":"Dodge and Roll","floor":47},{"not_picked":["Expertise","Deadly Poison+1"],"picked":"Doppelganger","floor":55}],"player_experience":2366663,"relics_obtained":[{"floor":7,"key":"Snake Skull"},{"floor":9,"key":"MealTicket"},{"floor":11,"key":"Art of War"},{"floor":14,"key":"Odd Mushroom"},{"floor":23,"key":"Kunai"},{"floor":39,"key":"Ice Cream"},{"floor":40,"key":"Dead Branch"},{"floor":42,"key":"Blood Vial"},{"floor":47,"key":"MawBank"}],"event_choices":[{"damage_healed":0,"gold_gain":0,"player_choice":"Success","damage_taken":26,"relics_obtained":["War Paint"],"max_hp_gain":0,"max_hp_loss":0,"event_name":"Scrap Ooze","floor":2,"gold_loss":0},{"damage_healed":0,"gold_gain":0,"player_choice":"Fought Mushrooms","damage_taken":0,"max_hp_gain":0,"max_hp_loss":0,"event_name":"Mushrooms","floor":14,"gold_loss":0},{"damage_healed":0,"gold_gain":0,"cards_transformed":["Strike_G"],"player_choice":"Transformed","damage_taken":0,"max_hp_gain":0,"max_hp_loss":0,"event_name":"Transmorgrifier","floor":19,"gold_loss":0,"cards_obtained":["Grand Finale"]},{"cards_removed":["Grand Finale"],"damage_healed":32,"gold_gain":0,"player_choice":"Offered Rare","damage_taken":0,"max_hp_gain":10,"max_hp_loss":0,"event_name":"Bonfire Elementals","floor":30,"gold_loss":0},{"damage_healed":0,"gold_gain":0,"player_choice":"Max HP","damage_taken":0,"max_hp_gain":0,"max_hp_loss":4,"event_name":"Winding Halls","floor":38,"gold_loss":0},{"damage_healed":0,"gold_gain":0,"player_choice":"Fight","damage_taken":0,"max_hp_gain":0,"max_hp_loss":0,"event_name":"MindBloom","floor":39,"gold_loss":0}],"is_beta":true,"boss_relics":[{"not_picked":["Runic Pyramid","Astrolabe"],"picked":"Snecko Eye"},{"not_picked":["Philosopher\u0027s Stone","Velvet Choker"],"picked":"SlaversCollar"}],"items_purged_floors":[21,25,48],"is_endless":false,"potions_floor_spawned":[3,4,7,13,18,28,31,33,35,39,42,45,55],"ascension_level":20}}