{"host":"y76clbnovzmw9ubx","time":1612138270,"event":{"mods":["AchievementEnabler","BaseMod","Minty Spire (QoL Compilation)","Permanent Neow","Relic Stats"],"gold_per_floor":[115,115,135,135,155,155,180,180,203,233,245,270,300,312,324,411,423,451,383,383],"floor_reached":19,"language":"ENG","playtime":1058,"items_purged":[],"score":338,"play_id":"506a5245-1e4d-432b-9fb4-6a9cfc4a2a5a","local_time":"20210131191110","is_ascension_mode":true,"campfire_choices":[{"data":"A Thousand Cuts","floor":6,"key":"SMITH"},{"floor":8,"key":"REST"},{"floor":11,"key":"REST"},{"data":"Noxious Fumes","floor":15,"key":"SMITH"}],"circlet_count":0,"master_deck":["AscendersBane","Strike_G","Strike_G+1","Strike_G","Strike_G+1","Defend_G","Defend_G","Defend_G","Defend_G","Defend_G","Survivor","Neutralize+1","A Thousand Cuts+1","Cloak And Dagger","Caltrops","Slice+1","Noxious Fumes+1","Escape Plan","Cloak And Dagger","Bouncing Flask","Malaise","Dagger Throw"],"relics":["Ring of the Snake","Whetstone","MawBank","HoveringKite"],"acts_visited":["Exordium","TheCity"],"potions_floor_usage":[7,7,16],"damage_taken":[{"damage":1,"enemies":"Small Slimes","floor":1,"turns":4},{"damage":0,"enemies":"2 Louse","floor":3,"turns":4},{"damage":10,"enemies":"Jaw Worm","floor":5,"turns":7},{"damage":8,"enemies":"Gremlin Nob","floor":7,"turns":3},{"damage":18,"enemies":"Lots of Slimes","floor":10,"turns":3},{"damage":3,"enemies":"Blue Slaver","floor":12,"turns":4},{"damage":0,"enemies":"2 Fungi Beasts","floor":13,"turns":3},{"damage":14,"enemies":"The Guardian","floor":16,"turns":8},{"damage":17,"enemies":"Shell Parasite","floor":18,"turns":6},{"damage":8,"enemies":"2 Thieves","floor":19,"turns":3}],"seed_played":"1218842753181889837","potions_obtained":[{"floor":1,"key":"Poison Potion"},{"floor":5,"key":"Strength Potion"},{"floor":13,"key":"AttackPotion"},{"floor":18,"key":"DuplicationPotion"}],"is_trial":false,"path_per_floor":["M","?","M","?","M","R","E","R","T","M","R","M","M","?","R","B",null,"M","M"],"character_chosen":"THE_SILENT","items_purchased":[],"campfire_rested":2,"item_purchase_floors":[],"current_hp_per_floor":[58,40,40,40,30,30,22,40,40,22,40,37,37,30,30,16,49,32,24,24],"gold":383,"neow_bonus":"THREE_RARE_CARDS","is_daily":false,"chose_seed":false,"campfire_upgraded":2,"win_rate":0.0,"timestamp":1612138270,"path_taken":["M","?","M","?","M","R","E","R","T","M","R","M","M","?","R","BOSS","M","M"],"items_purchased_type":[],"build_version":"2020-12-22","purchased_purges":0,"victory":false,"max_hp_per_floor":[60,60,60,60,60,60,60,60,60,60,60,60,60,60,60,60,60,60,60,60],"relic_stats":{"counters":[10,45],"HoveringKite":[4],"Whetstone":["Slice","Neutralize"],"MawBank":120,"obtain_stats":[{"HoveringKite":17,"Whetstone":7,"MawBank":9,"Ring of the Snake":0},{"HoveringKite":8,"Whetstone":4,"MawBank":4,"Ring of the Snake":0},{"HoveringKite":36,"Whetstone":18,"MawBank":18,"Ring of the Snake":0}],"Ring of the Snake":[20]},"card_choices":[{"not_picked":["Burst","Wraith Form v2"],"picked":"A Thousand Cuts","floor":0},{"not_picked":["Riddle With Holes","Flying Knee"],"picked":"Cloak And Dagger","floor":1},{"not_picked":["Cloak And Dagger","Accuracy"],"picked":"Caltrops","floor":3},{"not_picked":["Sucker Punch","Reflex"],"picked":"Slice","floor":5},{"not_picked":["Backstab","Dodge and Roll"],"picked":"Noxious Fumes","floor":7},{"not_picked":["Tactician","Distraction"],"picked":"Escape Plan","floor":10},{"not_picked":["Escape Plan","Slice"],"picked":"Cloak And Dagger","floor":12},{"not_picked":["Quick Slash","Concentrate"],"picked":"Bouncing Flask","floor":13},{"not_picked":["Wraith Form v2","Venomology"],"picked":"Malaise","floor":16},{"not_picked":["Tactician","Dodge and Roll"],"picked":"Dagger Throw","floor":18}],"player_experience":3176667,"relics_obtained":[{"floor":7,"key":"Whetstone"},{"floor":9,"key":"MawBank"}],"event_choices":[{"damage_healed":0,"gold_gain":0,"player_choice":"Entered Light","damage_taken":18,"max_hp_gain":0,"max_hp_loss":0,"event_name":"Shining Light","floor":2,"gold_loss":0,"cards_upgraded":["Strike_G","Strike_G"]},{"damage_healed":0,"gold_gain":0,"player_choice":"Ignored","damage_taken":0,"max_hp_gain":0,"max_hp_loss":0,"event_name":"Liars Game","floor":4,"gold_loss":0},{"cards_removed":["Strike_G"],"damage_healed":0,"gold_gain":0,"player_choice":"Card Removal","damage_taken":7,"max_hp_gain":0,"max_hp_loss":0,"event_name":"Golden Wing","floor":14,"gold_loss":0}],"is_beta":false,"boss_relics":[{"not_picked":["Snecko Eye","Velvet Choker"],"picked":"HoveringKite"}],"items_purged_floors":[],"is_endless":false,"potions_floor_spawned":[1,5,13,18],"killed_by":"2 Thieves","ascension_level":20}}