{"host":"3gs8qmxwk42q8db2","time":1612204504,"event":{"mods":["2.2 Compatiblity","AchievementEnabler","Act Like it!","BaseMod","Better Note","Better Third Choice","Colored Map","Colored Powertips","Defuse TimeMaze Blight","Downfall","Friendly Minions","GifTheSpireLib","Gold Saver","Highlight Path","Hubris","Infinite Spire","Jedi Mod","Marisa????????","Minty Spire (QoL Compilation)","Permanent Neow","Replay The Spire","Shop Mod","Spikes Relics","StSLib","Stuff the Spire","The Animator","The Blackbeard","The Disciple","The Dragon Tamer","yUi"],"gold_per_floor":[3388,3563,3563,2737,2749,2869,2869,2882,2882,2882,2024,2024,2124,2137,2137,2241,2241,2256,2256,2275,2275,1627,1727,1739,1739,1739,1871,1871,1888,1888,1888,1888,1888,1888,1888],"floor_reached":33,"language":"ENG","playtime":3467,"items_purged":["Doubt","animator:Strike","DTMod:Strike"],"score":391,"play_id":"313ee043-f03e-4357-99e1-4056ff4cd0f6","local_time":"20210201193504","is_ascension_mode":false,"metric_token":1939,"campfire_choices":[{"floor":7,"key":"RECALL"},{"data":"DTMod:BalancedStrike","floor":10,"key":"SMITH"},{"data":"DTMod:Threaten","floor":15,"key":"SMITH"},{"data":"DTMod:DoubleHit","floor":25,"key":"SMITH"},{"floor":30,"key":"REST"},{"data":"DTMod:SneakAttack","floor":32,"key":"SMITH"}],"dtmod_dragon_data":[0,50,1,-1,12,0],"circlet_count":0,"master_deck":["DTMod:Strike","DTMod:DoubleHit+1","DTMod:TargetDefense","DTMod:TargetDefense","DTMod:TargetDefense","DTMod:TargetDefense","DTMod:SwitchingTactic","animator:Defend_Overlord","DTMod:BreakAttack+1","DTMod:PurifyingFlame","DTMod:Hide","Dark Shackles","DTMod:Threaten+1","DTMod:BalancedStrike+1","DTMod:BurningForce","DTMod:Shift+1","DTMod:BurningForce","DTMod:FlameSlash","StuffTheSpire:CuriosityCurse","DTMod:TauntingStrike","DTMod:BreakAttack+1","DTMod:FierySynthesis","DTMod:Punisher+1","DTMod:TriAttack+1","DTMod:BizarreTactic+1","DTMod:HeatWave","DTMod:ComboAttack+1","DTMod:DragonDance","DTMod:BurningEnergy","DTMod:DragonDance+1","DTMod:SneakAttack+1"],"relics":["DTMod:PactStone","hubris:FunFungus","hubris:Icosahedron","StuffTheSpire:TintedRock","Replay:Bottled Eggs","MerchantsRug","DTMod:SolidMemories","SpikesRelics:DaevaFist","Strange Spoon","infinitespire:Lychee Nut","Kunai","Juzu Bracelet","Astrolabe","BargainBundle","hubris:GlazedTorus","DTMod:MindBender","infinitespire:Beetle Shell","Replay:Mystery Machine","Thread and Needle"],"acts_visited":["Exordium","TheCity"],"potions_floor_usage":[16,20,24,27,27],"damage_taken":[{"damage":1,"enemies":"Cultist","floor":1,"turns":5},{"damage":0,"enemies":"Small Slimes","floor":5,"turns":3},{"damage":0,"enemies":"Replay:BlueRogue","floor":6,"turns":5},{"damage":0,"enemies":"Jaw Worm","floor":8,"turns":2},{"damage":2,"enemies":"Gremlin Nob","floor":13,"turns":4},{"damage":0,"enemies":"Large Slime","floor":14,"turns":4},{"damage":21,"enemies":"Slime Boss","floor":16,"turns":12},{"damage":0,"enemies":"2 Thieves","floor":18,"turns":4},{"damage":0,"enemies":"3 Byrds","floor":20,"turns":3},{"damage":0,"enemies":"Replay:Snechameleon","floor":23,"turns":4},{"damage":0,"enemies":"Sentry and Sphere","floor":24,"turns":4},{"damage":0,"enemies":"Book of Stabbing","floor":27,"turns":2},{"damage":0,"enemies":"Snake Plant","floor":29,"turns":3},{"damage":35,"enemies":"hubris:MusketHawk","floor":33,"turns":10}],"seed_played":"-2987510262589038106","potions_obtained":[{"floor":5,"key":"DistilledChaos"},{"floor":14,"key":"Elixir"},{"floor":16,"key":"Toxic Potion"},{"floor":18,"key":"Strength Potion"},{"floor":24,"key":"Swift Potion"}],"is_trial":false,"path_per_floor":["M","?","?","$","M","E","R","M","T","R","$","?","E","M","R","B",null,"M","?","M","AVR","$","E","M","R","T","E","?","M","R","?","R","B"],"character_chosen":"THE_DT","items_purchased":["StuffTheSpire:TintedRock","Replay:Bottled Eggs","MerchantsRug","DTMod:PurifyingFlame","DTMod:Hide","Dark Shackles","SpikesRelics:DaevaFist","Strange Spoon","infinitespire:Lychee Nut","DTMod:Shift","DTMod:BurningForce","DTMod:FlameSlash","hubris:GlazedTorus","DTMod:MindBender","DTMod:DragonDance"],"campfire_rested":1,"item_purchase_floors":[4,4,4,4,4,4,11,11,11,11,11,11,22,22,22],"current_hp_per_floor":[44,44,44,44,44,44,44,44,44,44,33,33,32,33,33,12,33,33,33,33,33,33,33,33,33,33,33,33,33,33,33,33,0,0,0],"gold":1888,"neow_bonus":"ONE_RARE_RELIC","is_daily":false,"chose_seed":false,"campfire_upgraded":4,"win_rate":0.0,"timestamp":1612204504,"path_taken":["M","?","?","?","?","E","R","M","T","R","$","?","E","M","R","BOSS","M","?","M","AVR","?","E","M","R","T","E","?","M","R","?","R","BOSS"],"items_purchased_type":["Relic","Relic","Relic","Card","Card","Card","Relic","Relic","Relic","Card","Card","Card","Relic","Relic","Card"],"build_version":"2020-12-22","purchased_purges":3,"victory":false,"max_hp_per_floor":[45,45,45,45,45,45,45,45,45,45,33,33,33,33,33,33,33,33,33,33,33,33,33,33,33,33,33,33,33,33,33,33,33,33,33],"card_choices":[{"not_picked":["DTMod:MasterPlan","DTMod:Cover"],"picked":"DTMod:BreakAttack","floor":1},{"not_picked":["DTMod:Conduct","DTMod:Astonish"],"picked":"DTMod:Threaten","floor":5},{"not_picked":["DTMod:CleansingStrike","DTMod:WarmUp"],"picked":"DTMod:BalancedStrike","floor":6},{"not_picked":["DTMod:Hide","DTMod:MasterPlan"],"picked":"DTMod:BurningForce","floor":8},{"not_picked":["DTMod:ForkedFire","DTMod:Cover"],"picked":"DTMod:TauntingStrike","floor":13},{"not_picked":["DTMod:Haste","DTMod:Cover"],"picked":"DTMod:BreakAttack","floor":14},{"not_picked":["DTMod:RepeatStrike","DTMod:ExcessFootwork"],"picked":"DTMod:FierySynthesis","floor":16},{"not_picked":["DTMod:BuildUp+1","DTMod:RunningTactic"],"picked":"DTMod:HeatWave","floor":18},{"not_picked":["DTMod:MagicField","DTMod:Adaptation"],"picked":"DTMod:ComboAttack+1","floor":20},{"not_picked":["DTMod:MagicField","DTMod:BizarreTactic"],"picked":"DTMod:BurningEnergy","floor":23},{"not_picked":["DTMod:Cover","DTMod:ComboAttack"],"picked":"DTMod:DragonDance+1","floor":24},{"not_picked":["DTMod:QuickFly","DTMod:RecklessFlurry","DTMod:MagiciansMark"],"picked":"SKIP","floor":27},{"not_picked":["DTMod:BurningEnergy","DTMod:DeepFocus+1"],"picked":"DTMod:SneakAttack","floor":29}],"player_experience":136895,"relics_obtained":[{"floor":6,"key":"DTMod:SolidMemories"},{"floor":13,"key":"Juzu Bracelet"},{"floor":23,"key":"infinitespire:Beetle Shell"},{"floor":26,"key":"Replay:Mystery Machine"},{"floor":27,"key":"Thread and Needle"}],"event_choices":[{"damage_healed":0,"gold_gain":175,"player_choice":"AGREE","damage_taken":3388,"max_hp_gain":0,"max_hp_loss":0,"event_name":"betterThird:BetterSerpent","floor":2,"gold_loss":0},{"damage_healed":0,"gold_gain":0,"player_choice":"Forge","damage_taken":0,"max_hp_gain":0,"max_hp_loss":0,"event_name":"Accursed Blacksmith","floor":19,"gold_loss":0,"cards_upgraded":["DTMod:Shift"]},{"cards_removed":["DTMod:Strike"],"damage_healed":0,"gold_gain":0,"player_choice":"Give","damage_taken":0,"max_hp_gain":0,"max_hp_loss":0,"event_name":"betterNote:BetterNote","floor":28,"gold_loss":0,"cards_obtained":["Parasite"]}],"is_beta":false,"boss_relics":[{"not_picked":["Replay:Bronze Core","StuffTheSpire:RunicHypercube"],"picked":"Astrolabe"}],"items_purged_floors":[4,11,22],"is_endless":false,"potions_floor_spawned":[5,14,16,18,24],"killed_by":"hubris:MusketHawk","ascension_level":0}}