{"host":"egskdxp2q9kv48xe","time":1612219458,"event":{"mods":["BaseMod","Colored Powertips","Minty Spire (QoL Compilation)","Slay the Relics Exporter","StSLib"],"gold_per_floor":[115,115,115,129,146,146,61,81,81,92,106,106,117,142,142,244,294,278,278,293,305,305,305,320,320,320,320,320,347,171,189,189,294,294,309,309,359,359,377,406,406,425,473,337,390,390,424,440,440,440,440,440,73,98,98,98],"floor_reached":55,"language":"ENG","playtime":3620,"items_purged":[],"score":844,"play_id":"0d0e1df1-ee76-40b4-a4b0-3d883aecf596","local_time":"20210201154418","is_ascension_mode":true,"campfire_choices":[{"data":"Poisoned Stab","floor":6,"key":"SMITH"},{"floor":12,"key":"REST"},{"data":"Noxious Fumes","floor":15,"key":"SMITH"},{"floor":23,"key":"REST"},{"data":"Catalyst","floor":25,"key":"SMITH"},{"floor":28,"key":"REST"},{"floor":32,"key":"REST"},{"floor":46,"key":"REST"},{"floor":49,"key":"RECALL"},{"data":"Burst","floor":52,"key":"SMITH"}],"circlet_count":0,"master_deck":["Survivor","Neutralize","PiercingWail","Leg Sweep","Backflip","Poisoned Stab+1","Poisoned Stab","Concentrate","Bane","Deadly Poison","Noxious Fumes+1","Burst","Deflect","Envenom+1","Dagger Throw","Catalyst+1","Cloak And Dagger","Burst+1","Heel Hook+1","Cloak And Dagger","Deadly Poison","Noxious Fumes","Malaise","Caltrops","Unload+1","Crippling Poison","Distraction","Well Laid Plans","Accuracy","Dagger Spray","Skewer+1","Dagger Throw","Bouncing Flask+1","Concentrate+1","Deflect+1","PiercingWail+1","Sadistic Nature","Discovery","Infinite Blades","Master of Strategy"],"relics":["Ring of the Snake","NeowsBlessing","Ice Cream","Torii","Happy Flower","Tiny House","Mummified Hand","Meat on the Bone","Oddly Smooth Stone","Tiny Chest","Pandora\u0027s Box","Gambling Chip","Art of War","MealTicket","Mercury Hourglass","Anchor","Shuriken","Whetstone"],"acts_visited":["Exordium","TheCity","TheBeyond","TheEnding"],"potions_floor_usage":[10,14,14,14,21,29,29,33,33,40,47,47,48,54,54],"damage_taken":[{"damage":0,"enemies":"2 Louse","floor":1,"turns":1},{"damage":0,"enemies":"Jaw Worm","floor":4,"turns":1},{"damage":0,"enemies":"Cultist","floor":5,"turns":1},{"damage":8,"enemies":"Large Slime","floor":8,"turns":7},{"damage":3,"enemies":"Gremlin Gang","floor":10,"turns":4},{"damage":15,"enemies":"3 Louse","floor":11,"turns":3},{"damage":1,"enemies":"Blue Slaver","floor":13,"turns":3},{"damage":6,"enemies":"Gremlin Nob","floor":14,"turns":3},{"damage":35,"enemies":"The Guardian","floor":16,"turns":10},{"damage":10,"enemies":"2 Thieves","floor":18,"turns":4},{"damage":1,"enemies":"3 Byrds","floor":20,"turns":6},{"damage":38,"enemies":"Centurion and Healer","floor":21,"turns":6},{"damage":3,"enemies":"Sentry and Sphere","floor":24,"turns":6},{"damage":13,"enemies":"Slavers","floor":29,"turns":7},{"damage":20,"enemies":"3 Cultists","floor":31,"turns":6},{"damage":11,"enemies":"Champ","floor":33,"turns":6},{"damage":0,"enemies":"3 Shapes","floor":35,"turns":4},{"damage":1,"enemies":"Mind Bloom Boss Battle","floor":37,"turns":6},{"damage":3,"enemies":"3 Darklings","floor":39,"turns":7},{"damage":24,"enemies":"Nemesis","floor":40,"turns":5},{"damage":1,"enemies":"Maw","floor":42,"turns":7},{"damage":7,"enemies":"Reptomancer","floor":47,"turns":5},{"damage":9,"enemies":"Sphere and 2 Shapes","floor":48,"turns":4},{"damage":33,"enemies":"Donu and Deca","floor":50,"turns":7},{"damage":51,"enemies":"Shield and Spear","floor":54,"turns":6},{"damage":49,"enemies":"The Heart","floor":55,"turns":2}],"seed_played":"8839031769432380262","potions_obtained":[{"floor":4,"key":"CultistPotion"},{"floor":5,"key":"PowerPotion"},{"floor":8,"key":"Swift Potion"},{"floor":10,"key":"FearPotion"},{"floor":16,"key":"Ancient Potion"},{"floor":17,"key":"Poison Potion"},{"floor":18,"key":"Strength Potion"},{"floor":19,"key":"PowerPotion"},{"floor":19,"key":"AttackPotion"},{"floor":24,"key":"EssenceOfSteel"},{"floor":31,"key":"Energy Potion"},{"floor":39,"key":"EssenceOfSteel"},{"floor":40,"key":"LiquidMemories"},{"floor":42,"key":"ColorlessPotion"},{"floor":47,"key":"DistilledChaos"}],"is_trial":false,"path_per_floor":["M","?","?","M","M","R","$","M","T","M","M","R","M","E","R","B",null,"M","?","M","M","?","R","M","R","T","?","R","E","$","M","R","B",null,"M","?","?","T","M","E","?","M","T","?","T","R","E","M","R","B",null,"R","$","E","B"],"character_chosen":"THE_SILENT","items_purchased":["Poisoned Stab","Concentrate","Deadly Poison","Tiny Chest","Infinite Blades","SkillPotion","Strength Potion","Master of Strategy"],"campfire_rested":5,"item_purchase_floors":[7,7,30,30,53,53,53,53],"current_hp_per_floor":[70,70,52,52,52,52,52,44,44,41,26,47,46,40,40,5,75,65,65,64,26,26,48,45,45,45,45,67,54,54,46,68,57,75,75,75,74,74,71,47,42,41,41,41,41,63,56,47,47,26,75,75,75,36,0,0],"gold":98,"neow_bonus":"THREE_ENEMY_KILL","is_daily":false,"chose_seed":false,"campfire_upgraded":4,"win_rate":0.0,"timestamp":1612219458,"path_taken":["M","?","?","M","?","R","?","M","T","M","M","R","M","E","R","BOSS","M","?","?","M","?","R","M","R","T","?","R","E","?","?","R","BOSS","M","?","?","?","M","E","?","?","T","?","?","R","E","M","R","BOSS","R","$","E","BOSS"],"items_purchased_type":["Card","Card","Card","Relic","Card","Potion","Potion","Card"],"build_version":"2020-12-22","purchased_purges":0,"victory":false,"max_hp_per_floor":[70,70,70,70,70,70,70,70,70,70,70,70,70,70,70,70,75,75,75,75,75,75,75,75,75,75,75,75,75,75,75,75,75,75,75,75,75,75,75,75,75,75,75,75,75,75,75,75,75,75,75,75,75,75,75,75],"card_choices":[{"not_picked":["Underhanded Strike","Dagger Spray"],"picked":"PiercingWail","floor":1},{"not_picked":["Poisoned Stab","Quick Slash"],"picked":"Backflip","floor":4},{"not_picked":["Backflip","All Out Attack"],"picked":"Poisoned Stab","floor":5},{"not_picked":["Poisoned Stab","Underhanded Strike"],"picked":"Bane","floor":8},{"not_picked":["Acrobatics","Backstab"],"picked":"Deadly Poison","floor":10},{"not_picked":["Bane","Dagger Spray"],"picked":"Noxious Fumes","floor":11},{"not_picked":["PiercingWail","Prepared"],"picked":"Burst","floor":13},{"not_picked":["Expertise","Malaise"],"picked":"Deflect","floor":14},{"not_picked":["Doppelganger","Wraith Form v2"],"picked":"Envenom","floor":16},{"not_picked":["Masterful Stab","Predator"],"picked":"Dagger Throw","floor":17},{"not_picked":["Deadly Poison","Prepared"],"picked":"Catalyst","floor":18},{"not_picked":["Masterful Stab","Distraction"],"picked":"Cloak And Dagger","floor":20},{"not_picked":["PiercingWail","Sucker Punch+1"],"picked":"Burst","floor":21},{"not_picked":["Skewer","Sucker Punch"],"picked":"Heel Hook+1","floor":24},{"not_picked":["Prepared+1","Calculated Gamble"],"picked":"Cloak And Dagger","floor":29},{"not_picked":["Eviscerate+1","PiercingWail"],"picked":"Noxious Fumes","floor":31},{"not_picked":["Wraith Form v2","Tools of the Trade"],"picked":"Malaise","floor":33},{"not_picked":["Choke+1","Riddle With Holes"],"picked":"Bouncing Flask+1","floor":35},{"not_picked":["Masterful Stab","Acrobatics"],"picked":"Concentrate+1","floor":37},{"not_picked":["Deadly Poison+1","Dash"],"picked":"Deflect+1","floor":39},{"not_picked":["Poisoned Stab+1","Deadly Poison"],"picked":"PiercingWail+1","floor":40},{"not_picked":["Swift Strike","Discovery"],"picked":"Sadistic Nature","floor":41},{"not_picked":["Chrysalis","Bandage Up"],"picked":"Discovery","floor":41},{"not_picked":["Bouncing Flask+1","Masterful Stab+1","Deadly Poison+1"],"picked":"SKIP","floor":42},{"not_picked":["Acrobatics","Distraction","Blade Dance"],"picked":"SKIP","floor":47},{"not_picked":["Deflect","Dagger Spray+1","Sucker Punch+1"],"picked":"SKIP","floor":48},{"not_picked":["Underhanded Strike","Deflect+1","Malaise"],"picked":"SKIP","floor":54}],"player_experience":447309,"relics_obtained":[{"floor":9,"key":"Torii"},{"floor":14,"key":"Happy Flower"},{"floor":26,"key":"Mummified Hand"},{"floor":29,"key":"Oddly Smooth Stone"},{"floor":37,"key":"Gambling Chip"},{"floor":38,"key":"Art of War"},{"floor":40,"key":"MealTicket"},{"floor":45,"key":"Anchor"},{"floor":47,"key":"Shuriken"},{"floor":54,"key":"Whetstone"}],"event_choices":[{"damage_healed":0,"gold_gain":0,"cards_transformed":["Defend_G"],"player_choice":"Change","damage_taken":0,"max_hp_gain":0,"max_hp_loss":0,"event_name":"Living Wall","floor":2,"gold_loss":0,"cards_obtained":["Leg Sweep"]},{"damage_healed":0,"gold_gain":0,"player_choice":"Success","damage_taken":18,"relics_obtained":["Ice Cream"],"max_hp_gain":0,"max_hp_loss":0,"event_name":"Scrap Ooze","floor":3,"gold_loss":0},{"damage_healed":0,"gold_gain":0,"player_choice":"Got Potions","damage_taken":0,"max_hp_gain":0,"max_hp_loss":0,"event_name":"Lab","floor":19,"gold_loss":0},{"damage_healed":0,"gold_gain":0,"player_choice":"Ignored","damage_taken":0,"max_hp_gain":0,"max_hp_loss":0,"event_name":"Ghosts","floor":22,"gold_loss":0},{"damage_healed":0,"gold_gain":0,"player_choice":"Opened","damage_taken":0,"relics_obtained":["Meat on the Bone"],"max_hp_gain":0,"max_hp_loss":0,"event_name":"The Mausoleum","floor":27,"gold_loss":0},{"damage_healed":0,"gold_gain":0,"player_choice":"Ignored","damage_taken":0,"max_hp_gain":0,"max_hp_loss":0,"event_name":"Mysterious Sphere","floor":36,"gold_loss":0},{"damage_healed":0,"gold_gain":0,"player_choice":"Fight","damage_taken":0,"max_hp_gain":0,"max_hp_loss":0,"event_name":"MindBloom","floor":37,"gold_loss":0},{"damage_healed":0,"gold_gain":0,"player_choice":"Memory 2","damage_taken":5,"max_hp_gain":0,"max_hp_loss":0,"event_name":"SensoryStone","floor":41,"gold_loss":0},{"damage_healed":0,"gold_gain":0,"player_choice":"Paid Gold","damage_taken":0,"relics_obtained":["Mercury Hourglass"],"max_hp_gain":0,"max_hp_loss":0,"event_name":"WeMeetAgain","floor":44,"gold_loss":136}],"is_beta":false,"boss_relics":[{"not_picked":["HoveringKite","Ectoplasm"],"picked":"Tiny House"},{"not_picked":["WristBlade","Cursed Key"],"picked":"Pandora\u0027s Box"}],"items_purged_floors":[],"is_endless":false,"potions_floor_spawned":[4,5,8,10,16,18,20,24,31,39,40,42,47],"killed_by":"The Heart","ascension_level":2}}