{"host":"if46sxignvy4ka0k","time":1612151562,"event":{"mods":["BaseMod","Minty Spire (QoL Compilation)","StSLib","The Cursed"],"gold_per_floor":[112,125,200,58,75,75,92,92,92,92,105,139,139,170,170,266,266,276,375,388,86,101,132,132,148,199,224,224,258,258,269,269,364,364,382,392,356,356,356,391,391,391,463,463,274,274,289,299,299,299,299],"floor_reached":50,"language":"ENG","playtime":2755,"items_purged":[],"score":590,"play_id":"b37bd82f-6bbf-4142-b24a-0ab8e80ca07a","local_time":"20210131215242","is_ascension_mode":false,"campfire_choices":[{"data":"TheCursedMod:CircleOfCorruption","floor":6,"key":"SMITH"},{"data":"TheCursedMod:StingEye","floor":8,"key":"SMITH"},{"data":"TheCursedMod:VitalStrike","floor":10,"key":"SMITH"},{"data":"TheCursedMod:HellfireBreathing","floor":13,"key":"SMITH"},{"floor":15,"key":"REST"},{"floor":28,"key":"REST"},{"data":"TheCursedMod:VoidForm","floor":32,"key":"SMITH"},{"floor":42,"key":"REST"},{"floor":44,"key":"REST"},{"floor":46,"key":"RECALL"},{"floor":49,"key":"REST"}],"circlet_count":0,"master_deck":["TheCursedMod:Strike_TheCursed","TheCursedMod:Strike_TheCursed","TheCursedMod:Defend_TheCursed","TheCursedMod:Defend_TheCursed","TheCursedMod:Defend_TheCursed","TheCursedMod:Defend_TheCursed","TheCursedMod:CursedWand","TheCursedMod:CleanUpWorkshop","TheCursedMod:Dregs","Parasite","TheCursedMod:NeowsMight","TheCursedMod:CircleOfCorruption+1","TheCursedMod:CursedMace","TheCursedMod:HellfireBreathing+1","TheCursedMod:StingEye+1","TheCursedMod:VitalStrike+1","TheCursedMod:CursedArmor","TheCursedMod:ReleasedKnowledge","TheCursedMod:SpitefulStrike","TheCursedMod:VoidForm+1","TheCursedMod:CircleOfFlame","TheCursedMod:ShockAndAwe","TheCursedMod:Stigma+1","TheCursedMod:CursedBlade","Panache","TheCursedMod:SpreadPlague","TheCursedMod:EmpowerCircles","TheCursedMod:WearCloak","TheCursedMod:SpitefulPray","TheCursedMod:Grudge+1","Normality","TheCursedMod:NeowsMight","TheCursedMod:SpitefulPlan","TheCursedMod:CircleOfFlame+1","TheCursedMod:OutForBlood","TheCursedMod:Hemoplague","TheCursedMod:CircleOfCorruption+1","TheCursedMod:StingEye","TheCursedMod:RapidMovement+1","Writhe","TheCursedMod:HellfireBreathing","TheCursedMod:LuckyCharm","TheCursedMod:SoulReap","TheCursedMod:SoulReap","TheCursedMod:EmpowerCircles+1"],"relics":["TheCursedMod:BlackMagicAdvanced","Blue Candle","Bag of Preparation","Dream Catcher","Cursed Key","Mercury Hourglass","Bag of Marbles","Kunai","Matryoshka","Centennial Puzzle","TheCursedMod:Tack"],"acts_visited":["Exordium","TheCity","TheBeyond"],"potions_floor_usage":[23,23,27,35,39,39,40,48,50],"damage_taken":[{"damage":1,"enemies":"Jaw Worm","floor":1,"turns":5},{"damage":0,"enemies":"Cultist","floor":2,"turns":2},{"damage":0,"enemies":"Small Slimes","floor":5,"turns":2},{"damage":0,"enemies":"3 Louse","floor":7,"turns":1},{"damage":8,"enemies":"Exordium Thugs","floor":11,"turns":4},{"damage":22,"enemies":"3 Sentries","floor":12,"turns":5},{"damage":16,"enemies":"Lagavulin","floor":14,"turns":5},{"damage":39,"enemies":"The Guardian","floor":16,"turns":7},{"damage":4,"enemies":"Shell Parasite","floor":18,"turns":3},{"damage":0,"enemies":"2 Thieves","floor":20,"turns":3},{"damage":6,"enemies":"Centurion and Healer","floor":22,"turns":6},{"damage":10,"enemies":"Gremlin Leader","floor":23,"turns":5},{"damage":1,"enemies":"Chosen and Byrds","floor":25,"turns":3},{"damage":7,"enemies":"Slavers","floor":27,"turns":2},{"damage":2,"enemies":"Gremlin Leader","floor":29,"turns":5},{"damage":0,"enemies":"Cultist and Chosen","floor":31,"turns":4},{"damage":40,"enemies":"Automaton","floor":33,"turns":5},{"damage":26,"enemies":"3 Shapes","floor":35,"turns":3},{"damage":21,"enemies":"3 Darklings","floor":36,"turns":4},{"damage":0,"enemies":"Jaw Worm Horde","floor":39,"turns":2},{"damage":25,"enemies":"Reptomancer","floor":40,"turns":4},{"damage":0,"enemies":"Spire Growth","floor":47,"turns":2},{"damage":11,"enemies":"3 Darklings","floor":48,"turns":3},{"damage":81,"enemies":"Time Eater","floor":50,"turns":8}],"seed_played":"4104430891243495649","potions_obtained":[{"floor":5,"key":"EssenceOfSteel"},{"floor":11,"key":"PowerPotion"},{"floor":14,"key":"TheCursedMod:DregsPotion"},{"floor":20,"key":"Fire Potion"},{"floor":23,"key":"DistilledChaos"},{"floor":27,"key":"Explosive Potion"},{"floor":33,"key":"SmokeBomb"},{"floor":36,"key":"Explosive Potion"},{"floor":40,"key":"FearPotion"}],"is_trial":false,"path_per_floor":["M","M","?","$","M","R","M","R","T","R","M","E","R","E","R","B",null,"M","?","M","$","M","E","?","M","T","E","R","E","?","M","R","B",null,"M","M","$","?","M","E","?","R","T","R","$","R","M","M","R","B"],"character_chosen":"THE_CURSED","items_purchased":["TheCursedMod:HellfireBreathing","TheCursedMod:StingEye","Panache","TheCursedMod:SpreadPlague","TheCursedMod:EmpowerCircles","TheCursedMod:Hemoplague","TheCursedMod:LuckyCharm","Energy Potion","TheCursedMod:SoulReap"],"campfire_rested":5,"item_purchase_floors":[4,4,21,21,21,37,45,45,45],"current_hp_per_floor":[74,74,67,67,67,67,67,67,67,67,59,37,37,21,43,4,75,71,71,71,71,65,55,55,54,54,47,69,67,67,67,67,27,75,49,28,28,28,28,3,3,25,25,47,47,47,47,36,58,0,0],"gold":299,"neow_bonus":"THREE_RARE_CARDS","is_daily":false,"chose_seed":false,"campfire_upgraded":5,"win_rate":0.0,"timestamp":1612151562,"path_taken":["M","M","?","$","M","R","M","R","T","R","?","E","R","E","R","BOSS","M","?","M","$","M","E","?","?","T","E","R","E","?","?","R","BOSS","M","M","$","?","M","E","?","R","T","R","$","R","?","?","R","BOSS"],"items_purchased_type":["Card","Card","Card","Card","Card","Card","Card","Potion","Card"],"build_version":"2020-12-22","purchased_purges":0,"victory":false,"max_hp_per_floor":[75,75,75,75,75,75,75,75,75,75,75,75,75,75,75,75,75,75,75,75,75,75,75,75,75,75,75,75,75,75,75,75,75,75,75,75,75,75,75,75,75,75,75,75,75,75,75,75,75,75,75],"card_choices":[{"not_picked":["TheCursedMod:CollectTribute","TheCursedMod:AntiAging"],"picked":"TheCursedMod:NeowsMight","floor":0},{"not_picked":["TheCursedMod:CursedShiv","TheCursedMod:SurpriseAttack"],"picked":"TheCursedMod:CircleOfCorruption","floor":1},{"not_picked":["TheCursedMod:SpitefulPray","TheCursedMod:Wield"],"picked":"TheCursedMod:CursedMace","floor":2},{"not_picked":["TheCursedMod:CursedShiv","TheCursedMod:Obscuration"],"picked":"TheCursedMod:VitalStrike","floor":5},{"not_picked":["TheCursedMod:StunningStrike","TheCursedMod:CursedAmulet"],"picked":"TheCursedMod:CursedArmor","floor":7},{"not_picked":["TheCursedMod:Stretching","TheCursedMod:RapidMovement"],"picked":"TheCursedMod:ReleasedKnowledge","floor":11},{"not_picked":["TheCursedMod:AshesToAshes","TheCursedMod:ForbiddenAlchemy"],"picked":"TheCursedMod:SpitefulStrike","floor":12},{"not_picked":["TheCursedMod:RavingStaff","TheCursedMod:Stretching"],"picked":"TheCursedMod:VoidForm","floor":14},{"not_picked":["TheCursedMod:StingEye","TheCursedMod:RapidMovement"],"picked":"TheCursedMod:CircleOfFlame","floor":15},{"not_picked":["TheCursedMod:StunningStrike","TheCursedMod:AntiAging"],"picked":"TheCursedMod:ShockAndAwe","floor":16},{"not_picked":["TheCursedMod:Obscuration","TheCursedMod:SpitefulPlan"],"picked":"TheCursedMod:Stigma+1","floor":18},{"not_picked":["TheCursedMod:TacticalStrike","TheCursedMod:SoulReap"],"picked":"TheCursedMod:CursedBlade","floor":20},{"not_picked":["TheCursedMod:CursedArmor","TheCursedMod:Torture"],"picked":"TheCursedMod:WearCloak","floor":22},{"not_picked":["TheCursedMod:CursedStaff","TheCursedMod:ShockAndAwe"],"picked":"TheCursedMod:SpitefulPray","floor":23},{"not_picked":["TheCursedMod:Obscuration","TheCursedMod:VitalStrike+1"],"picked":"TheCursedMod:Grudge+1","floor":25},{"not_picked":["TheCursedMod:RavingStaff+1","TheCursedMod:Obscuration"],"picked":"TheCursedMod:NeowsMight","floor":27},{"not_picked":["TheCursedMod:SmokeScreen","TheCursedMod:SurpriseAttack"],"picked":"TheCursedMod:SpitefulPlan","floor":29},{"not_picked":["TheCursedMod:Stretching","TheCursedMod:Grudge"],"picked":"TheCursedMod:CircleOfFlame+1","floor":31},{"not_picked":["TheCursedMod:ShockAndAwe","TheCursedMod:CircleOfAbyss"],"picked":"TheCursedMod:OutForBlood","floor":33},{"not_picked":["TheCursedMod:FleshFromBone+1","TheCursedMod:CursedMace+1","TheCursedMod:AbyssShockwave"],"picked":"SKIP","floor":35},{"not_picked":["TheCursedMod:CursedBoomerang","TheCursedMod:WearCloak"],"picked":"TheCursedMod:DoubleShield+1","floor":36},{"not_picked":["TheCursedMod:SmokeScreen","TheCursedMod:WearCloak"],"picked":"TheCursedMod:CircleOfCorruption+1","floor":40},{"not_picked":["TheCursedMod:WearCloak+1","TheCursedMod:Wield"],"picked":"TheCursedMod:RapidMovement+1","floor":42},{"not_picked":["TheCursedMod:Mangle","TheCursedMod:Stretching"],"picked":"TheCursedMod:HellfireBreathing","floor":44},{"not_picked":["TheCursedMod:CircleOfFocus","TheCursedMod:WearCloak","TheCursedMod:SpitefulPray"],"picked":"SKIP","floor":47},{"not_picked":["TheCursedMod:CircleOfFlame+1","TheCursedMod:CircleOfWindfury+1"],"picked":"TheCursedMod:SoulReap","floor":48},{"not_picked":["TheCursedMod:CircleOfFlame+1","TheCursedMod:CircleOfFocus+1"],"picked":"TheCursedMod:EmpowerCircles+1","floor":49}],"player_experience":2120622,"relics_obtained":[{"floor":9,"key":"Blue Candle"},{"floor":12,"key":"Bag of Preparation"},{"floor":14,"key":"Dream Catcher"},{"floor":23,"key":"Mercury Hourglass"},{"floor":26,"key":"Bag of Marbles"},{"floor":27,"key":"Kunai"},{"floor":29,"key":"Matryoshka"},{"floor":40,"key":"Centennial Puzzle"},{"floor":43,"key":"TheCursedMod:Tack"}],"event_choices":[{"damage_healed":0,"gold_gain":75,"player_choice":"Touch","damage_taken":7,"max_hp_gain":0,"max_hp_loss":0,"event_name":"FaceTrader","floor":3,"gold_loss":0},{"damage_healed":0,"gold_gain":99,"player_choice":"Stole From Cult","damage_taken":0,"max_hp_gain":0,"max_hp_loss":0,"event_name":"Nest","floor":19,"gold_loss":0},{"cards_removed":["TheCursedMod:Strike_TheCursed"],"damage_healed":0,"gold_gain":0,"player_choice":"Card Removal","damage_taken":0,"max_hp_gain":0,"max_hp_loss":0,"event_name":"Wheel of Change","floor":24,"gold_loss":0},{"damage_healed":0,"gold_gain":0,"player_choice":"Ignored","damage_taken":0,"max_hp_gain":0,"max_hp_loss":0,"event_name":"Fountain of Cleansing","floor":30,"gold_loss":0},{"cards_removed":["TheCursedMod:DoubleShield"],"damage_healed":0,"gold_gain":0,"player_choice":"Removed Skill","damage_taken":0,"max_hp_gain":0,"max_hp_loss":0,"event_name":"Falling","floor":38,"gold_loss":0},{"damage_healed":0,"gold_gain":0,"cards_transformed":["TheCursedMod:Strike_TheCursed"],"player_choice":"Transformed","damage_taken":0,"max_hp_gain":0,"max_hp_loss":0,"event_name":"Transmorgrifier","floor":41,"gold_loss":0,"cards_obtained":["TheCursedMod:StingEye"]}],"is_beta":false,"boss_relics":[{"not_picked":["Empty Cage","Snecko Eye"],"picked":"Cursed Key"},{"not_picked":["Black Star","Fusion Hammer"],"picked":"TheCursedMod:BlackMagicAdvanced"}],"items_purged_floors":[],"is_endless":false,"potions_floor_spawned":[5,11,14,16,20,23,27,33,36,40],"killed_by":"Time Eater","ascension_level":0}}