{"host":"v9ordiuf4xzdpttp","time":1612151585,"event":{"mods":["AchievementEnabler","Act Like it!","Aspiration","BaseMod","Better Third Choice","Better Vampires","BetterRewards","CCEM2","Colored Map","Gold Saver","Halation","Hubris","Infinite Spire","Jedi Mod","Marked Mod","Minty Spire (QoL Compilation)","Reliquary","Remove Card Discount Mod","Replay The Spire","Shop Mod","Spicy Shops","StSLib"],"gold_per_floor":[241,101,101,118,118,153,153,153,153,188,203,216,124,141,141,242,242,261,3,13,29,329,329,341,375,401,401,11,131,131,131,131,331,331,368,368,368,44,67,98,98,122,197,197,220,254,289,327,327,327,327],"floor_reached":50,"language":"ENG","playtime":2150,"items_purged":["Defend_R","Strike_R","Strike_R","Strike_R","Strike_R","Strike_R","Defend_R","Defend_R","Bash","Flex","jedi:strikingstrike","Deep Breath"],"score":746,"play_id":"8a85fefd-02c5-4c5d-9cc2-dc048a76ad4e","local_time":"20210131225305","is_ascension_mode":false,"campfire_choices":[{"data":"hubris:Fate","floor":7,"key":"SMITH"},{"floor":23,"key":"REST"},{"floor":32,"key":"REST"},{"floor":41,"key":"REST"},{"floor":49,"key":"REST"}],"circlet_count":0,"master_deck":["Defend_R+1","Anger","Rampage","Wild Strike","hubris:Fate+1","Juggernaut","Anger","Anger","Shrug It Off","Rage","Berserk","Anger","Rage","Metallicize","Dual Wield+1","Rampage+1","Anger","Armaments","Double Tap","jedi:MakeshiftSword","Secret Weapon","jedi:MakeshiftSword","Fire Breathing","Inflame","Double Tap","Metallicize","Barricade","Combust","hubris:ReadiedAction+1","jedi:MakeshiftSword+1","Seeing Red","jedi:fear"],"relics":["Burning Blood","Juzu Bracelet","hubris:HollowSoul","hubris:Potato","aspiration:ArtOfWarUpgrade","jedi:Pinwheel","hubris:CrystalStatue","CCEMRelics:HistoryBook","aspiration:FetidBarrel","CCEMRelics:SpiritsEdge","hubris:Icosahedron","CCEMRelics:Sandal","Ginger","infinitespire:EvilPickle","infinitespire:Burning Sword","halation:PinkSoulGem","hubris:SphereOfDissonance","InkBottle","jedi:ironblood"],"acts_visited":["Exordium","TheCity","TheBeyond"],"potions_floor_usage":[6,10,14,22,24,35,42,42,45,47,50],"damage_taken":[{"damage":3.0,"enemies":"Small Slimes","floor":1.0,"turns":3.0},{"damage":6,"enemies":"Jaw Worm","floor":4,"turns":2},{"damage":26,"enemies":"Lagavulin","floor":6,"turns":5},{"damage":2,"enemies":"2 Louse","floor":10,"turns":2},{"damage":1,"enemies":"Exordium Wildlife","floor":11,"turns":2},{"damage":16,"enemies":"Blue Slaver","floor":12,"turns":3},{"damage":7,"enemies":"Exordium Thugs","floor":14,"turns":2},{"damage":37,"enemies":"The Guardian","floor":16,"turns":6},{"damage":4,"enemies":"Spheric Guardian","floor":18,"turns":3},{"damage":4,"enemies":"Shell Parasite","floor":20,"turns":3},{"damage":13,"enemies":"Cultist and Chosen","floor":21,"turns":4},{"damage":20,"enemies":"hubris:Merchant","floor":22,"turns":4},{"damage":14,"enemies":"Snecko","floor":24,"turns":4},{"damage":0,"enemies":"Gremlin Leader","floor":25,"turns":4},{"damage":20,"enemies":"Shelled Parasite and Fungi","floor":29,"turns":3},{"damage":43,"enemies":"Pondfish","floor":33,"turns":7},{"damage":32,"enemies":"3 Darklings","floor":35,"turns":4},{"damage":7,"enemies":"Orb Walker","floor":39,"turns":2},{"damage":35,"enemies":"Reptomancer","floor":40,"turns":3},{"damage":37,"enemies":"Jaw Worm Horde","floor":42,"turns":3},{"damage":28,"enemies":"3 Darklings","floor":45,"turns":3},{"damage":7,"enemies":"Transient","floor":46,"turns":5},{"damage":25,"enemies":"4 Shapes","floor":47,"turns":2},{"damage":37,"enemies":"3 Darklings","floor":48,"turns":3},{"damage":23,"enemies":"Awakened One","floor":50,"turns":1}],"seed_played":"2283496967152332732","potions_obtained":[{"floor":4,"key":"Energy Potion"},{"floor":6,"key":"ColorlessPotion"},{"floor":12,"key":"Toxic Potion"},{"floor":14,"key":"ElixirPotion"},{"floor":16,"key":"SteroidPotion"},{"floor":18,"key":"Venom Potion"},{"floor":22,"key":"CultistPotion"},{"floor":33,"key":"PowerPotion"},{"floor":35,"key":"EntropicBrew"},{"floor":39,"key":"ElixirPotion"},{"floor":46,"key":"Explosive Potion"},{"floor":48,"key":"Regen Potion"}],"is_trial":false,"path_per_floor":["M","$","?","M","?","E","R","?","T","M","M","M","$","M","R_BF","B",null,"M","$","M","M","$","R","M","E","T","?","$","M","R","?","R","B",null,"M","?","?","$","M","E","R","M","T","R","M","M","M","M","R","B"],"character_chosen":"IRONCLAD","items_purchased":["Rampage","Wild Strike","Anger","Shrug It Off","Anger","Rage","Metallicize","Dual Wield","Fire Breathing","CCEMRelics:Sandal","Ginger","Metallicize","hubris:SphereOfDissonance"],"campfire_rested":4,"item_purchase_floors":[2,2,13,13,19,19,19,19,28,28,28,38,38],"current_hp_per_floor":[88,88,66,66,88,83,83,83,83,87,88,78,78,77,77,46,88,88,88,88,81,67,88,80,86,86,86,86,72,72,55,82,45,93,67,67,67,67,66,37,64,51,51,51,71,70,51,20,47,0,0],"gold":327,"neow_bonus":"TEN_PERCENT_HP_BONUS","is_daily":false,"chose_seed":false,"campfire_upgraded":1,"win_rate":0.0,"timestamp":1612151585,"path_taken":["M","$","?","M","?","E","R","?","T","M","M","M","$","M","R_BF","BOSS","M","$","M","M","$","R","M","E","T","?","?","M","R","?","R","BOSS","M","?","?","$","M","E","R","M","T","R","M","M","M","M","R","BOSS"],"items_purchased_type":["Card","Card","Card","Card","Card","Card","Card","Card","Card","Relic","Relic","Card","Relic"],"build_version":"2020-12-22","purchased_purges":12,"victory":false,"max_hp_per_floor":[88,88,88,88,88,88,88,88,88,88,88,88,88,88,88,88,88,88,88,88,88,88,88,88,88,88,88,88,88,88,93,93,93,93,93,93,93,93,93,93,93,93,93,93,93,93,93,93,93,93,93],"card_choices":[{"not_picked":["Spot Weakness","Iron Wave"],"picked":"Anger","floor":1.0},{"not_picked":["infinitespire:Fortify","infinitespire:SealOfDarkness+"],"picked":"hubris:Fate","floor":3},{"not_picked":["Body Slam","Shockwave"],"picked":"Flex","floor":4},{"not_picked":["Headbutt","Entrench"],"picked":"Juggernaut","floor":6},{"not_picked":["Wild Strike","Sentinel","ReplayTheSpireMod:Stacked"],"picked":"SKIP","floor":10},{"not_picked":["Searing Blow","Sever Soul"],"picked":"Anger","floor":11},{"not_picked":["Warcry","Clothesline","Ghostly Armor"],"picked":"SKIP","floor":12},{"not_picked":["Anger","Body Slam"],"picked":"Rage","floor":14},{"not_picked":["Brutality","Immolate"],"picked":"Berserk","floor":16},{"not_picked":["ReplayTheSpireMod:Strike From Hell","Sword Boomerang","Wild Strike"],"picked":"SKIP","floor":18},{"not_picked":["Havoc+1","Replay:Undeath\u0027s Touch"],"picked":"Rampage+1","floor":20},{"not_picked":["Second Wind+1","Infernal Blade+1"],"picked":"Anger","floor":21},{"not_picked":[],"picked":"jedi:strikingstrike","floor":22},{"not_picked":[],"picked":"Armaments","floor":22},{"not_picked":[],"picked":"Double Tap","floor":22},{"not_picked":[],"picked":"jedi:MakeshiftSword","floor":22},{"not_picked":[],"picked":"Deep Breath","floor":22},{"not_picked":[],"picked":"Secret Weapon","floor":22},{"not_picked":["Cleave"],"picked":"SKIP","floor":22},{"not_picked":["Run Through","Shrug It Off"],"picked":"jedi:MakeshiftSword","floor":24},{"not_picked":["Run Through+1","True Grit","Pommel Strike"],"picked":"SKIP","floor":25},{"not_picked":["ReplayTheSpireMod:LeadingStrike","Headbutt"],"picked":"Inflame","floor":29},{"not_picked":["Bludgeon","Impervious"],"picked":"Double Tap","floor":33},{"not_picked":["Twin Strike","ReplayTheSpireMod:Stacked","Sever Soul+1"],"picked":"SKIP","floor":35},{"not_picked":["Heavy Blade+1","Armaments","Second Wind"],"picked":"SKIP","floor":39},{"not_picked":["Defy Death","Massacre"],"picked":"Barricade","floor":40},{"not_picked":["Havoc+1","Flex+1"],"picked":"Combust","floor":42},{"not_picked":["Flex+1","Blood for Blood"],"picked":"hubris:ReadiedAction+1","floor":45},{"not_picked":["Sword Boomerang","Combust+1"],"picked":"jedi:MakeshiftSword+1","floor":46},{"not_picked":["Carnage","Disarm+1"],"picked":"Seeing Red","floor":47},{"not_picked":["Warcry","Hemokinesis+1"],"picked":"jedi:fear","floor":48}],"player_experience":253612,"relics_obtained":[{"floor":6,"key":"Juzu Bracelet"},{"floor":22,"key":"hubris:Potato"},{"floor":22,"key":"Art of War"},{"floor":22,"key":"jedi:Pinwheel"},{"floor":22,"key":"hubris:CrystalStatue"},{"floor":22,"key":"CCEMRelics:HistoryBook"},{"floor":25,"key":"aspiration:FetidBarrel"},{"floor":26,"key":"CCEMRelics:SpiritsEdge"},{"floor":40,"key":"InkBottle"},{"floor":43,"key":"jedi:ironblood"}],"event_choices":[{"damage_healed":0,"gold_gain":0,"player_choice":"Shed Blood","damage_taken":22,"max_hp_gain":5,"max_hp_loss":0,"event_name":"Forgotten Altar","floor":31,"gold_loss":0},{"damage_healed":0,"gold_gain":0,"player_choice":"Forge","damage_taken":0,"max_hp_gain":0,"max_hp_loss":0,"event_name":"Accursed Blacksmith","floor":37,"gold_loss":0,"cards_upgraded":["Dual Wield"]}],"is_beta":false,"boss_relics":[{"not_picked":["Honey Jar","halation:PlatinumPhoenix"],"picked":"hubris:HollowSoul"},{"not_picked":["hubris:TerracottaHorce","Painkiller Herb"],"picked":"infinitespire:Burning Sword"}],"items_purged_floors":[13,13,13,13,13,13,19,28,28,28,28,28],"is_endless":false,"potions_floor_spawned":[4,6,12,14,16,18,33,35,39,46,48],"killed_by":"Awakened One","ascension_level":0}}