{"host":"zsnmfqgcm92hlreo","time":1612161167,"event":{"mods":["AchievementEnabler","Act Like it!","BaseMod","Beaked The Cultist","Bestiary","Block Reminder","Colored Map","Colored Powertips","Downfall","Gensokyo","Gremlin Mod","Hermit","Jorbs\u0027s Wanderer Trilogy","Koishi","Marisa????????","Minty Spire (QoL Compilation)","Permanent Neow","Quick Restart","Relic Stats","StSLib","The Animator","The Cursed","The Forsaken","The Hierophant","The Judge","The Jungle","The Necromancer","The Senshi","The Servant 0.9.4","Weighted Paths"],"gold_per_floor":[359,509,376,376,394,424,424,451,477,492,492,511,256,282,282,282,282],"floor_reached":16,"language":"ENG","playtime":579,"items_purged":["Doubt","Strike_P"],"score":236,"play_id":"c4d3f697-65d9-4ca1-a56b-84e72f0f260f","local_time":"20210201003247","is_ascension_mode":true,"campfire_choices":[{"floor":7,"key":"REST"},{"floor":11,"key":"REST"},{"floor":15,"key":"REST"}],"circlet_count":0,"master_deck":["AscendersBane","Strike_P","Strike_P","Strike_P","Defend_P","Defend_P","Defend_P","Defend_P","Eruption","Vigilance","BowlingBash","CutThroughFate","CutThroughFate","ThirdEye","Consecrate","SignatureMove","Protect+1","LessonLearned","Tantrum"],"relics":["PureWater","Dream Catcher","beaked:ShinyBauble","Bronze Scales","theForsaken:Gavel"],"acts_visited":["Exordium"],"potions_floor_usage":[14,16,16],"damage_taken":[{"damage":5.0,"enemies":"Small Slimes","floor":1.0,"turns":4.0},{"damage":0,"enemies":"2 Louse","floor":5,"turns":2},{"damage":16,"enemies":"Gremlin Nob","floor":6,"turns":3},{"damage":33,"enemies":"3 Sentries","floor":8,"turns":9},{"damage":0,"enemies":"Cultist","floor":10,"turns":2},{"damage":0,"enemies":"2 Fungi Beasts","floor":12,"turns":2},{"damage":40,"enemies":"Lagavulin","floor":14,"turns":3},{"damage":43,"enemies":"The Guardian","floor":16,"turns":7}],"seed_played":"-7191772451827122621","potions_obtained":[{"floor":5,"key":"PowerPotion"},{"floor":12,"key":"Fire Potion"},{"floor":14,"key":"Weak Potion"}],"is_trial":false,"path_per_floor":["M","?","$","?","M","E","R","E","T","M","R","M","$","E","R","B"],"character_chosen":"WATCHER","items_purchased":["CutThroughFate","LessonLearned"],"campfire_rested":3,"item_purchase_floors":[3,13],"current_hp_per_floor":[56,56,56,61,61,45,65,32,32,32,52,52,52,12,32,0,0],"gold":282,"neow_bonus":"TWO_FIFTY_GOLD","is_daily":false,"chose_seed":false,"campfire_upgraded":0,"win_rate":0.0,"timestamp":1612161167,"path_taken":["M","?","$","?","M","E","R","E","T","M","R","M","$","E","R","BOSS"],"items_purchased_type":["Card","Card"],"build_version":"2020-12-22","purchased_purges":2,"victory":false,"max_hp_per_floor":[62,62,62,67,67,67,67,67,67,67,67,67,67,67,67,67,67],"relic_stats":{"Dream Catcher":3,"counters":[8,32],"Bronze Scales":[18],"obtain_stats":[{"Dream Catcher":6,"beaked:ShinyBauble":8,"Bronze Scales":9,"PureWater":0,"theForsaken:Gavel":14},{"Dream Catcher":3,"beaked:ShinyBauble":4,"Bronze Scales":4,"PureWater":0,"theForsaken:Gavel":7},{"Dream Catcher":9,"beaked:ShinyBauble":18,"Bronze Scales":18,"PureWater":0,"theForsaken:Gavel":25}]},"card_choices":[{"not_picked":["Prostrate","PathToVictory"],"picked":"BowlingBash","floor":1.0},{"not_picked":["ReachHeaven","CrushJoints"],"picked":"CutThroughFate","floor":5},{"not_picked":["Alpha","Crescendo","Swivel"],"picked":"SKIP","floor":6},{"not_picked":["WreathOfFlame","WindmillStrike"],"picked":"ThirdEye","floor":7},{"not_picked":["Swivel","ForeignInfluence","FlyingSleeves"],"picked":"SKIP","floor":8},{"not_picked":["Prostrate","InnerPeace"],"picked":"Consecrate","floor":10},{"not_picked":["PathToVictory","Wallop"],"picked":"SignatureMove","floor":11},{"not_picked":["MentalFortress","CutThroughFate"],"picked":"Protect","floor":12},{"not_picked":["CrushJoints","WreathOfFlame","Crescendo"],"picked":"SKIP","floor":14},{"not_picked":["FlurryOfBlows","Crescendo"],"picked":"Tantrum","floor":15}],"player_experience":982608,"relics_obtained":[{"floor":6,"key":"Dream Catcher"},{"floor":8,"key":"beaked:ShinyBauble"},{"floor":9,"key":"Bronze Scales"},{"floor":14,"key":"theForsaken:Gavel"}],"event_choices":[{"damage_healed":0.0,"max_hp_gain":0.0,"max_hp_loss":0.0,"gold_gain":150.0,"event_name":"Liars Game","player_choice":"AGREE","floor":2.0,"gold_loss":0.0,"damage_taken":0.0,"cards_obtained":["Doubt"]},{"damage_healed":0,"gold_gain":0,"player_choice":"Donut","damage_taken":0,"max_hp_gain":5,"max_hp_loss":0,"event_name":"Big Fish","floor":4,"gold_loss":0}],"is_beta":false,"boss_relics":[],"items_purged_floors":[3,13],"is_endless":false,"potions_floor_spawned":[5,12,14],"killed_by":"The Guardian","ascension_level":20}}