{"host":"wfkvcf4y4vkrpwe0","time":1612184587,"event":{"mods":["BaseMod","Conspire","Downfall","Hermit","Minty Spire (QoL Compilation)","StSLib","The Construct","The Cursed","The Disciple","The Hierophant","The Necromancer"],"gold_per_floor":[359,359,359,436,447,447,460,460,532,482,482,500,530,60,60,160,160,171,46,46,46,59,59,87,87,110,138,167,195,207,207],"floor_reached":30,"language":"ENG","playtime":6502,"items_purged":["construct:Strike_Gold","construct:Strike_Gold"],"score":266,"play_id":"5b928feb-cd8d-4c5e-bd96-09b0d293e29f","local_time":"20210201130307","is_ascension_mode":false,"campfire_choices":[{"floor":6,"key":"REST"},{"data":"construct:GuardCore","floor":8,"key":"SMITH"},{"data":"construct:Synchronize","floor":11,"key":"SMITH"},{"data":"construct:Autoturret","floor":15,"key":"SMITH"},{"floor":25,"key":"REST"}],"circlet_count":0,"master_deck":["construct:Strike_Gold+1","construct:Strike_Gold+1","construct:Strike_Gold+1","construct:Defend_Gold+1","construct:Defend_Gold+1","construct:Defend_Gold+1","construct:Defend_Gold+1","construct:DefenseMode","construct:GuardCore+1","construct:Synchronize+1","construct:Autoturret","construct:Autoturret+1","construct:Autoturret","downfall:Bewildered","construct:FlameCore+1","construct:Synchronize","construct:Backup","construct:Reinforce+1","construct:GuardCore"],"relics":["construct:Cogwheel","Ornamental Fan","Happy Flower","Lee\u0027s Waffle","conspire:DeflatedDodgeball","SacredBark","sneckomod:BabySnecko","FossilizedHelix","Omamori","MawBank"],"acts_visited":["Exordium","TheCity"],"potions_floor_usage":[29,29,30],"damage_taken":[{"damage":1,"enemies":"Small Slimes","floor":1,"turns":10},{"damage":5,"enemies":"2 Louse","floor":5,"turns":4},{"damage":11,"enemies":"Jaw Worm","floor":7,"turns":3},{"damage":14,"enemies":"Large Slime","floor":12,"turns":4},{"damage":14,"enemies":"Gremlin Nob","floor":13,"turns":4},{"damage":16,"enemies":"Slime Boss","floor":16,"turns":7},{"damage":11,"enemies":"Chosen","floor":18,"turns":6},{"damage":6,"enemies":"Spheric Guardian","floor":22,"turns":6},{"damage":26,"enemies":"Book of Stabbing","floor":24,"turns":5},{"damage":6,"enemies":"conspire:Head Lice","floor":27,"turns":6},{"damage":34,"enemies":"3 Cultists","floor":28,"turns":6},{"damage":29,"enemies":"Shelled Parasite and Fungi","floor":29,"turns":5},{"damage":9,"enemies":"Book of Stabbing","floor":30,"turns":2}],"seed_played":"-1188900894642464921","potions_obtained":[{"floor":1,"key":"conspire:TimeTravelPotion"},{"floor":5,"key":"PowerPotion"},{"floor":13,"key":"Fire Potion"}],"is_trial":false,"path_per_floor":["M","?","?","T","M","R","M","R","T","?","R","M","E","$","R","B",null,"M","$","?","?","M","?","E","R","T","E","M","M","E"],"character_chosen":"THE_CONSTRUCT_MOD","items_purchased":["Lee\u0027s Waffle","conspire:DeflatedDodgeball","construct:Autoturret"],"campfire_rested":2,"item_purchase_floors":[14,14,19],"current_hp_per_floor":[60,53,53,53,48,73,62,62,62,62,62,48,34,92,92,76,92,81,81,81,81,75,75,49,76,76,70,36,7,0,0],"gold":207,"neow_bonus":"TWO_FIFTY_GOLD","is_daily":false,"chose_seed":false,"campfire_upgraded":3,"win_rate":0.0,"timestamp":1612184587,"path_taken":["M","?","?","?","M","R","M","R","T","?","R","M","E","?","R","BOSS","M","$","?","?","M","?","E","R","T","E","M","?","E"],"items_purchased_type":["Relic","Relic","Card"],"build_version":"2020-12-22","purchased_purges":2,"victory":false,"max_hp_per_floor":[85,85,85,85,85,85,85,85,85,85,85,85,85,92,92,92,92,92,92,92,92,92,92,92,92,92,92,92,92,92,92],"card_choices":[{"not_picked":["construct:Chainstrike","construct:HeavyBolt"],"picked":"construct:GuardCore","floor":1},{"not_picked":["construct:SyphonStrike","construct:Versatility"],"picked":"construct:Synchronize","floor":5},{"not_picked":["construct:SaveState","construct:Dampening"],"picked":"construct:Autoturret","floor":7},{"not_picked":["construct:ModeShift","construct:Isolate"],"picked":"construct:Autoturret","floor":12},{"not_picked":["construct:Analyze","construct:Backfire","construct:FocusedBeam"],"picked":"SKIP","floor":13},{"not_picked":["construct:FocusedBeam","construct:Forcefield","construct:Isolate"],"picked":"SKIP","floor":18},{"not_picked":["construct:HeavyBolt","construct:Versatility"],"picked":"construct:FlameCore+1","floor":22},{"not_picked":["construct:SyphonStrike","construct:SweepLaser+1"],"picked":"construct:Backup","floor":24},{"not_picked":["construct:Versatility+1","construct:HeavyBolt+1"],"picked":"construct:Reinforce+1","floor":27},{"not_picked":["construct:Analyze","construct:HeavyBolt","construct:Stasis"],"picked":"SKIP","floor":28},{"not_picked":["construct:Forcefield","construct:Anticipate+1"],"picked":"construct:GuardCore","floor":29}],"player_experience":565069,"relics_obtained":[{"floor":4,"key":"Ornamental Fan"},{"floor":13,"key":"Happy Flower"},{"floor":24,"key":"FossilizedHelix"},{"floor":26,"key":"Omamori"},{"floor":27,"key":"MawBank"}],"event_choices":[{"cards_removed":["construct:Defend_Gold"],"damage_healed":0,"gold_gain":0,"player_choice":"Card Removal","damage_taken":7,"max_hp_gain":0,"max_hp_loss":0,"event_name":"Golden Wing","floor":2,"gold_loss":0},{"damage_healed":0,"gold_gain":0,"player_choice":"Leave","damage_taken":0,"max_hp_gain":0,"max_hp_loss":0,"event_name":"conspire:Investor","floor":3,"gold_loss":0},{"cards_removed":["construct:AttackMode"],"damage_healed":0,"gold_gain":0,"player_choice":"Card Removal","damage_taken":0,"max_hp_gain":0,"max_hp_loss":0,"event_name":"The Cleric","floor":10,"gold_loss":50},{"damage_healed":0,"gold_gain":0,"player_choice":"Simplicity","damage_taken":0,"max_hp_gain":0,"max_hp_loss":0,"event_name":"Back to Basics","floor":21,"gold_loss":0,"cards_upgraded":["construct:Strike_Gold","construct:Strike_Gold","construct:Strike_Gold","construct:Defend_Gold","construct:Defend_Gold","construct:Defend_Gold","construct:Defend_Gold"]},{"damage_healed":0,"gold_gain":0,"player_choice":"Read","damage_taken":0,"max_hp_gain":0,"max_hp_loss":0,"event_name":"The Library","floor":23,"gold_loss":0,"cards_obtained":["construct:Synchronize"]}],"is_beta":false,"boss_relics":[{"not_picked":["Cursed Key","Velvet Choker"],"picked":"SacredBark"}],"items_purged_floors":[14,19],"is_endless":false,"potions_floor_spawned":[1,5,13,24,28],"killed_by":"Book of Stabbing","ascension_level":0}}