{"host":"3asmp5aovk69ekg9","time":1612162987,"event":{"mods":["100% Spire Juice","BaseMod","BetterRewards","Colored Map","Colored Powertips","Dark Map","Hermit","Koishi","Magitek Elite","Minty Spire (QoL Compilation)","Permanent Neow","Remove Card Discount Mod","Shade Mod","StSLib","The Alterego","The Cursed","The Death Knight","The Fake Hero","The IronCluck","The Marked","The Senshi","The Wild Card"],"gold_per_floor":[511,511,258,278,296,324,166,196,196,206,232,232,248,268,268,365,365,376,291,305,305,305,334,334,82,108,144,167,206,315,327,327,431,431,451,451,467,483,510,545,561,598,623,735,767,821,859,898,910,922,934,946,67,105,105],"floor_reached":56,"language":"ENG","playtime":8226,"items_purged":["luka_mod:Wait","luka_mod:Edging","luka_mod:FlailWildly","luka_mod:Surrender","luka_mod:EarthSlash"],"score":1968,"play_id":"08617d1a-103c-49c5-8f37-7ac8cc1c6440","local_time":"20210131230307","is_ascension_mode":true,"campfire_choices":[{"data":"Apotheosis","floor":12,"key":"SMITH"},{"floor":15,"key":"RECALL"},{"data":"luka_mod:Determination","floor":24,"key":"SMITH"},{"data":"luka_mod:Sylph","floor":32,"key":"SMITH"},{"data":"luka_mod:Optimistic","floor":49,"key":"SMITH"},{"data":"luka_mod:Sylph","floor":52,"key":"SMITH"}],"circlet_count":0,"master_deck":["luka_mod:StrikeLukaOne","luka_mod:StrikeLukaTwo+1","luka_mod:StrikeLukaThree","luka_mod:StrikeLukaFour","luka_mod:StrikeLukaFive","luka_mod:StrikeLukaSix","luka_mod:Salt","luka_mod:Guard","luka_mod:Meditation","Apotheosis+1","Finesse","luka_mod:Gnome+1","luka_mod:Struggle","luka_mod:RestrictedStrike","luka_mod:Gnome+1","luka_mod:GuardTraining","luka_mod:Sylph+1","luka_mod:Struggle","Finesse+1","luka_mod:CriticalHit","luka_mod:Optimistic+1","luka_mod:SmallBody","luka_mod:Struggle","luka_mod:Sylph+1","Finesse","luka_mod:Gnome+1","luka_mod:Determination+1","luka_mod:Alice+1","luka_mod:Feel+1","luka_mod:SmallBody","luka_mod:BladeOfHowlingWind","luka_mod:BladeOfSolidEarth+1","luka_mod:Struggle+1","luka_mod:Feel+1","luka_mod:AlmaElma+1","luka_mod:Sara+1","luka_mod:Sara+1","luka_mod:SmallBody+1","luka_mod:AlicesGuard+1","luka_mod:HeroicStrike+1","luka_mod:Salamander+1","luka_mod:BladeOfSolidEarth","luka_mod:Salamander+1","Apotheosis+1","luka_mod:AngryLuka+1"],"relics":["luka_mod:KeepsakeRing","Matryoshka","Bronze Scales","Tintinnabulum","Medical Kit","Lantern","Blue Candle","FossilizedHelix","Blood Vial","Toxic Egg 2","Philosopher\u0027s Stone","Anchor","Vajra","Mummified Hand","CeramicFish","Eternal Feather","StrikeDummy","Guard_Bracelet","Ribbon","Frozen Egg 2","SlaversCollar","Oddly Smooth Stone","Regal Pillow","MawBank","theSenshi:FeatherClipsRelic","The Courier","Genji_Glove","theSenshi:SailorFukuRelic","Thread and Needle","DeathKnight:PutricidesVial","Lizard Tail"],"acts_visited":["Exordium","TheCity","TheBeyond","TheEnding"],"potions_floor_usage":[18,23,23,23,50,54,55,55],"damage_taken":[{"damage":0,"enemies":"Small Slimes","floor":1,"turns":2},{"damage":7,"enemies":"2 Louse","floor":4,"turns":2},{"damage":8,"enemies":"Jaw Worm","floor":5,"turns":4},{"damage":17,"enemies":"3 Sentries","floor":6,"turns":7},{"damage":9,"enemies":"Gremlin Nob","floor":8,"turns":4},{"damage":0,"enemies":"Looter","floor":10,"turns":3},{"damage":0,"enemies":"Lagavulin","floor":11,"turns":4},{"damage":0,"enemies":"Large Slime","floor":13,"turns":5},{"damage":0,"enemies":"2 Fungi Beasts","floor":14,"turns":3},{"damage":0,"enemies":"Slime Boss","floor":16,"turns":6},{"damage":0,"enemies":"Shell Parasite","floor":18,"turns":4},{"damage":16,"enemies":"Spheric Guardian","floor":20,"turns":5},{"damage":20,"enemies":"Slavers","floor":23,"turns":7},{"damage":20,"enemies":"Gremlin Leader","floor":27,"turns":5},{"damage":7,"enemies":"Chosen and Byrds","floor":28,"turns":4},{"damage":0,"enemies":"Book of Stabbing","floor":29,"turns":3},{"damage":1,"enemies":"Colosseum Slavers","floor":30,"turns":3},{"damage":0,"enemies":"Colosseum Nobs","floor":30,"turns":3},{"damage":0,"enemies":"Centurion and Healer","floor":31,"turns":3},{"damage":0,"enemies":"Champ","floor":33,"turns":4},{"damage":0,"enemies":"Orb Walker","floor":35,"turns":3},{"damage":12,"enemies":"3 Shapes","floor":37,"turns":4},{"damage":0,"enemies":"Spire Growth","floor":38,"turns":3},{"damage":27,"enemies":"3 Darklings","floor":39,"turns":4},{"damage":0,"enemies":"Giant Head","floor":40,"turns":4},{"damage":9,"enemies":"Sphere and 2 Shapes","floor":41,"turns":5},{"damage":35,"enemies":"Reptomancer","floor":42,"turns":4},{"damage":0,"enemies":"Transient","floor":45,"turns":5},{"damage":8,"enemies":"Nemesis","floor":46,"turns":5},{"damage":0,"enemies":"4 Shapes","floor":47,"turns":4},{"damage":0,"enemies":"Giant Head","floor":48,"turns":3},{"damage":30,"enemies":"Donu and Deca","floor":50,"turns":5},{"damage":0,"enemies":"Shield and Spear","floor":54,"turns":3},{"damage":16,"enemies":"The Heart","floor":55,"turns":5}],"seed_played":"346222736606240982","potions_obtained":[{"floor":10,"key":"Regen Potion"},{"floor":11,"key":"Block Potion"},{"floor":14,"key":"ColorlessPotion"},{"floor":20,"key":"Strength Potion"},{"floor":27,"key":"Energy Potion"},{"floor":28,"key":"Ancient Potion"},{"floor":33,"key":"GamblersBrew"},{"floor":38,"key":"DistilledChaos"},{"floor":45,"key":"Block Potion"}],"is_trial":false,"path_per_floor":["M","?","$","M","M","E","$","E","T","M","E","R","M","M","R","B",null,"M","?","M","?","?","E","R","$","T","E","M","E","?","M","R","B",null,"M","?","M","M","M","E","M","E","T","?","M","E","M","E","R","B",null,"R","$","E","B",null],"character_chosen":"LUKA_CLASS","items_purchased":["Matryoshka","Apotheosis","Finesse","luka_mod:Gnome","Bronze Scales","Tintinnabulum","luka_mod:Struggle","luka_mod:RestrictedStrike","Medical Kit","luka_mod:Gnome","luka_mod:GuardTraining","luka_mod:Sylph","luka_mod:Struggle","Finesse","luka_mod:CriticalHit","luka_mod:EarthSlash","Lantern","luka_mod:SmallBody","Finesse","luka_mod:Gnome","Mummified Hand","luka_mod:BladeOfSolidEarth","Genji_Glove","luka_mod:Salamander+1","Apotheosis+1","Swift Potion","theSenshi:SailorFukuRelic","Thread and Needle","DeathKnight:PutricidesVial"],"campfire_rested":0,"item_purchase_floors":[0,0,0,0,0,0,0,0,0,0,0,0,0,0,0,3,3,3,7,7,25,53,53,53,53,53,53,53,53],"current_hp_per_floor":[17,10,11,25,21,40,40,31,32,35,40,40,40,40,40,40,40,40,40,40,28,24,45,45,45,45,45,45,45,45,45,45,45,45,45,45,45,45,44,45,45,45,45,45,45,45,45,45,45,45,45,45,45,45,45],"gold":105,"neow_bonus":"","is_daily":false,"chose_seed":false,"campfire_upgraded":5,"win_rate":0.0,"timestamp":1612162987,"path_taken":["M","?","$","M","M","E","$","E","T","M","E","R","M","M","R","BOSS","M","?","M","?","?","E","R","$","T","E","M","E","?","M","R","BOSS","M","?","M","M","M","E","?","E","T","?","?","E","M","E","R","BOSS","R","$","E","BOSS"],"items_purchased_type":["Relic","Card","Card","Card","Relic","Relic","Card","Card","Relic","Card","Card","Card","Card","Card","Card","Card","Relic","Card","Card","Card","Relic","Card","Relic","Card","Card","Potion","Relic","Relic","Relic"],"build_version":"2020-12-22","purchased_purges":5,"victory":true,"max_hp_per_floor":[40,40,40,40,40,40,40,40,40,40,40,40,40,40,40,40,40,40,40,40,40,45,45,45,45,45,45,45,45,45,45,45,45,45,45,45,45,45,45,45,45,45,45,45,45,45,45,45,45,45,45,45,45,45,45],"card_choices":[{"not_picked":["luka_mod:Intense","luka_mod:GuardedStrike"],"picked":"luka_mod:Optimistic","floor":1},{"not_picked":["luka_mod:BladeOfStillWater","luka_mod:FireSlash"],"picked":"luka_mod:Struggle","floor":4},{"not_picked":["luka_mod:Intense","luka_mod:GuardedStrike"],"picked":"luka_mod:Sylph","floor":5},{"not_picked":["luka_mod:EarthRumblingDecapitation","luka_mod:DemonDecapitation","luka_mod:Undine"],"picked":"SKIP","floor":6},{"not_picked":["luka_mod:StressRelief","luka_mod:Intense","luka_mod:AlicesFist"],"picked":"SKIP","floor":8},{"not_picked":["luka_mod:UnusedPoison","luka_mod:FireSlash","luka_mod:IliasesJudgement"],"picked":"SKIP","floor":10},{"not_picked":["luka_mod:RestrictedStrike","luka_mod:Overexert"],"picked":"luka_mod:Determination","floor":11},{"not_picked":["luka_mod:FireSlash","luka_mod:Request+1","luka_mod:HeavenlyDemonRevival"],"picked":"SKIP","floor":13},{"not_picked":["luka_mod:Calm+1","luka_mod:WaterSlash","luka_mod:Undine"],"picked":"SKIP","floor":14},{"not_picked":["luka_mod:NinefoldRakshasa","luka_mod:Granberia"],"picked":"luka_mod:Alice+1","floor":16},{"not_picked":["luka_mod:NeverSurrender+1","luka_mod:PeacePreach+1"],"picked":"luka_mod:Feel+1","floor":18},{"not_picked":["luka_mod:Request+1","luka_mod:DemonSkullBeheading"],"picked":"luka_mod:SmallBody","floor":20},{"not_picked":["luka_mod:Intense+1","luka_mod:ThunderThrust+1","luka_mod:NotVerySharp+1"],"picked":"SKIP","floor":23},{"not_picked":["luka_mod:Intense+1","luka_mod:ThunderThrust+1","luka_mod:NotVerySharp+1"],"picked":"SKIP","floor":23},{"not_picked":["luka_mod:PrayToIlias+1","luka_mod:Undine+1"],"picked":"luka_mod:BladeOfHowlingWind","floor":27},{"not_picked":["luka_mod:DemonSkullBeheading+1","luka_mod:GuardedStrike"],"picked":"luka_mod:BladeOfSolidEarth+1","floor":28},{"not_picked":["luka_mod:SpoilerDance+1","luka_mod:PrayToIlias+1"],"picked":"luka_mod:Struggle+1","floor":29},{"not_picked":["luka_mod:WaterSlash","luka_mod:Overexert+1"],"picked":"luka_mod:Feel+1","floor":30},{"not_picked":["luka_mod:Overexert","luka_mod:GuardedStrike","luka_mod:EarthSlash"],"picked":"SKIP","floor":31},{"not_picked":["luka_mod:SuperAttack","luka_mod:AlicesFist"],"picked":"luka_mod:AlmaElma+1","floor":33},{"not_picked":["luka_mod:WindSlash","luka_mod:WaterSlash"],"picked":"luka_mod:Sara+1","floor":35},{"not_picked":["luka_mod:PerfectTiming+1","luka_mod:PrayToIlias+1","luka_mod:IliasesJudgement+1"],"picked":"SKIP","floor":37},{"not_picked":["luka_mod:DemonSkullBeheading+1","luka_mod:Intense+1","luka_mod:IliasesJudgement"],"picked":"SKIP","floor":38},{"not_picked":["luka_mod:Intense+1","luka_mod:DemonDecapitation+1"],"picked":"luka_mod:Sara+1","floor":39},{"not_picked":["luka_mod:FireSlash+1","luka_mod:BladeOfRagingFire"],"picked":"luka_mod:SmallBody+1","floor":40},{"not_picked":["luka_mod:EarthSlash","luka_mod:PrayToIlias+1","luka_mod:DemonSkullBeheading+1"],"picked":"SKIP","floor":41},{"not_picked":["luka_mod:UnusedPoison+1","luka_mod:NotVerySharp+1"],"picked":"luka_mod:AlicesGuard+1","floor":42},{"not_picked":["luka_mod:UnusedPoison+1","luka_mod:HeroicStrike+1","luka_mod:VaporizingRebellionSword+1"],"picked":"SKIP","floor":45},{"not_picked":["luka_mod:FireSlash+1","luka_mod:Request+1"],"picked":"luka_mod:HeroicStrike+1","floor":46},{"not_picked":["luka_mod:FlashKill","luka_mod:RestrictedStrike+1"],"picked":"luka_mod:Salamander+1","floor":47},{"not_picked":["luka_mod:Sensitive+1","luka_mod:WaterSlash+1","luka_mod:BladeOfRagingFire+1"],"picked":"SKIP","floor":48},{"not_picked":["luka_mod:EarthSlash+1","luka_mod:Determination+1"],"picked":"luka_mod:AngryLuka+1","floor":54}],"player_experience":1247015,"relics_obtained":[{"floor":6,"key":"Blue Candle"},{"floor":8,"key":"FossilizedHelix"},{"floor":9,"key":"Blood Vial"},{"floor":11,"key":"Toxic Egg 2"},{"floor":23,"key":"Vajra"},{"floor":26,"key":"CeramicFish"},{"floor":26,"key":"Eternal Feather"},{"floor":27,"key":"StrikeDummy"},{"floor":29,"key":"Guard_Bracelet"},{"floor":30,"key":"Ribbon"},{"floor":30,"key":"Frozen Egg 2"},{"floor":40,"key":"Oddly Smooth Stone"},{"floor":42,"key":"Regal Pillow"},{"floor":43,"key":"MawBank"},{"floor":46,"key":"theSenshi:FeatherClipsRelic"},{"floor":48,"key":"The Courier"},{"floor":54,"key":"Lizard Tail"}],"event_choices":[{"damage_healed":0,"gold_gain":0,"player_choice":"Entered Light","damage_taken":8,"max_hp_gain":0,"max_hp_loss":0,"event_name":"Shining Light","floor":2,"gold_loss":0,"cards_upgraded":["Finesse","luka_mod:StrikeLukaTwo"]},{"damage_healed":0,"gold_gain":0,"player_choice":"Obtained Relic","damage_taken":0,"relics_obtained":["Anchor"],"max_hp_gain":0,"max_hp_loss":0,"event_name":"Addict","floor":19,"gold_loss":85},{"damage_healed":0,"gold_gain":0,"player_choice":"Shed Blood","damage_taken":10,"max_hp_gain":5,"max_hp_loss":0,"event_name":"Forgotten Altar","floor":22,"gold_loss":0},{"damage_healed":0,"gold_gain":0,"player_choice":"Fight","damage_taken":0,"max_hp_gain":0,"max_hp_loss":0,"event_name":"Colosseum","floor":30,"gold_loss":0},{"damage_healed":0,"gold_gain":0,"player_choice":"Fought Nobs","damage_taken":0,"max_hp_gain":0,"max_hp_loss":0,"event_name":"Colosseum","floor":30,"gold_loss":0},{"damage_healed":0,"gold_gain":0,"player_choice":"Bought 0 Potions","damage_taken":0,"max_hp_gain":0,"max_hp_loss":0,"event_name":"The Woman in Blue","floor":36,"gold_loss":0},{"damage_healed":0,"gold_gain":100,"player_choice":"Pray","damage_taken":0,"max_hp_gain":0,"max_hp_loss":0,"event_name":"Golden Shrine","floor":44,"gold_loss":0}],"is_beta":false,"boss_relics":[{"not_picked":["Runic Dome","Busted Crown"],"picked":"Philosopher\u0027s Stone"},{"not_picked":["Tiny House","SacredBark"],"picked":"SlaversCollar"}],"items_purged_floors":[0,0,0,0,7],"is_endless":false,"potions_floor_spawned":[10,11,14,20,27,28,30,33,38,39,41,45],"ascension_level":5}}