{"host":"ohzd90ieay82el1q","time":1612171603,"event":{"mods":["Act Like it!","Arknights","Aspiration","BaseMod","Chen","Colored Map","Colored Powertips","DeckTracker","Gensokyo","Highlight Path","Hubris","Infinite Spire","Koishi","Marisa£®ÏF”Í°°ƒß¿Ì…≥£©","Minty Spire (QoL Compilation)","Quick Restart","Random Character Button","Reimu£®≤©¿ˆ¡È√Œ£©","Relic Sorter","Remilia£®¿Ÿ√◊¿Ú—«£©","Replay The Spire","StSLib","SuperFastMode","Synergy Search","The Cursed","The Gatherer","The Jungle","The Runesmith","The Servant 0.9.4","Youmu£®ªÍ∆«—˝√Œ£©","[IsaacMod]“‘»ˆº‚À˛","[JumpMod]ŒË∂Øº‚À˛","°æ“≈ŒÔø®≈∆°øREMEMod"],"gold_per_floor":[115,130,205,205,79,79,104,104,104,104,23,49,49,60,60,164,164,176,196,45,56,56,87,87,121,121,156,174,174,174,186,186,283,283,300,300,317,317,317,317,352,60,60,72,150,169,169,200,200,200],"floor_reached":51,"language":"ZHS","playtime":3457,"items_purged":["Defend_RM","Strike_RM","Strike_RM"],"score":823,"play_id":"ea6217be-4b97-4258-9518-54830821c4b4","local_time":"20210201172643","is_ascension_mode":true,"campfire_choices":[{"data":"ScarletShoot","floor":6.0,"key":"SMITH"},{"data":"MastersStateliness","floor":8.0,"key":"SMITH"},{"data":"RedMoon","floor":10.0,"key":"SMITH"},{"data":"LeisurelyOfLord","floor":13.0,"key":"SMITH"},{"data":"CharismaGuard","floor":15.0,"key":"SMITH"},{"data":"CharismaGuard","floor":24.0,"key":"SMITH"},{"floor":30.0,"key":"REST"},{"data":"KillingBlow","floor":32.0,"key":"SMITH"},{"floor":40.0,"key":"REST"},{"data":"EternalNight","floor":47,"key":"SMITH"},{"data":"ScarletSymphony","floor":49,"key":"SMITH"}],"circlet_count":0,"master_deck":["Strike_RM","Strike_RM+1","Defend_RM","Defend_RM","RedMoon+1","ScarletShoot+1","LeisurelyOfLord+1","MastersStateliness+1","SuperhumanBloodyKnife+1","VampirishNight","VampireKiss","CharismaGuard+1","KillingBlow+1","ScarletSymphony+1","BloodHunter+1","CharismaGuard+1","RedRainbow","EndlessAdversity+1","RedRainbow+1","VampireKiss+1","DevilSight+1","Gash+1","CharismaGuard","EternalNight+1","CharismaGuard","VampireClaw+1","BombardNight+1"],"relics":["ScarletHat","YumHeart","PunchingBag","HushsDoor","KeepersGift","HowToJump","REME_ComplimentaryCards","ReplayTheSpireMod:Shallot","Mirror","aspiration:DefectSkillbook","Gremlin Food","Chameleon Ring","REME_IWantAll","D4","HornCleat","Strange Spoon","Eternal Feather","Gambling Chip"],"acts_visited":["Exordium","TheCity","TheBeyond"],"potions_floor_usage":[],"damage_taken":[{"damage":0.0,"enemies":"Jaw Worm","floor":1.0,"turns":3.0},{"damage":0.0,"enemies":"Small Slimes","floor":2.0,"turns":3.0},{"damage":2.0,"enemies":"Replay:BlueRogue","floor":7.0,"turns":6.0},{"damage":1.0,"enemies":"3 Sentries","floor":12.0,"turns":3.0},{"damage":0.0,"enemies":"infinitespire:Voidling","floor":14.0,"turns":4.0},{"damage":45.0,"enemies":"Hexaghost","floor":16.0,"turns":12.0},{"damage":1.0,"enemies":"Shell Parasite","floor":18.0,"turns":4.0},{"damage":0.0,"enemies":"Chosen","floor":19.0,"turns":4.0},{"damage":0.0,"enemies":"Shelled Parasite and Fungi","floor":21.0,"turns":5.0},{"damage":36.0,"enemies":"Slavers","floor":23.0,"turns":6.0},{"damage":19.0,"enemies":"Replay:Snechameleon","floor":25.0,"turns":3.0},{"damage":23.0,"enemies":"REME_1_Revenger","floor":27.0,"turns":6.0},{"damage":12.0,"enemies":"Snake Plant","floor":28.0,"turns":4.0},{"damage":0.0,"enemies":"Snecko","floor":31.0,"turns":6.0},{"damage":60.0,"enemies":"hubris:MusketHawk","floor":33.0,"turns":5.0},{"damage":18.0,"enemies":"Orb Walker","floor":35.0,"turns":5.0},{"damage":17.0,"enemies":"3 Darklings","floor":37.0,"turns":4.0},{"damage":56.0,"enemies":"Giant Head","floor":41.0,"turns":11.0},{"damage":41.0,"enemies":"4 Shapes","floor":44.0,"turns":7.0},{"damage":2,"enemies":"Maw","floor":46,"turns":7},{"damage":16,"enemies":"Reptomancer","floor":48,"turns":7},{"damage":112,"enemies":"Replay:Hell Engine","floor":50,"turns":8}],"seed_played":"-2078114092358105681","potions_obtained":[{"floor":1.0,"key":"Swift Potion"},{"floor":12.0,"key":"Dexterity Potion"},{"floor":18.0,"key":"EssenceOfSteel"},{"floor":23.0,"key":"Swift Potion"},{"floor":28.0,"key":"Swift Potion"},{"floor":33.0,"key":"SpeedPotion"},{"floor":35.0,"key":"Explosive Potion"},{"floor":37.0,"key":"LifebloodPotion"},{"floor":45,"key":"FairyPotion"},{"floor":45,"key":"FairyPotion"},{"floor":45,"key":"FairyPotion"}],"is_trial":false,"path_per_floor":["M","M","?","?","$","R","E","R","T","R","$","E","R","M","R","B",null,"M","M","$","M","$","E","R","E","T","E","M","?","R","M","R","B",null,"M","?","M","?","AVR","R","E","$","T","M","?","M","R","E","R","B",null],"character_chosen":"REMILIA","items_purchased":["SuperhumanBloodyKnife+1","VampirishNight","Gremlin Food","CharismaGuard","Strange Spoon"],"campfire_rested":2,"item_purchase_floors":[5,11,20,42,42],"current_hp_per_floor":[75,75,64,49,49,49,50,50,50,50,50,55,55,59,59,28,70,69,70,70,70,70,64,64,51,51,43,38,38,59,68,68,44,70,54,54,43,43,43,64,48,48,48,38,38,55,70,61,70,43],"gold":200,"neow_bonus":"REMOVE_CARD","is_daily":false,"chose_seed":false,"campfire_upgraded":9,"win_rate":0.0,"timestamp":1612171603,"path_taken":["M","M","?","?","$","R","E","R","T","R","$","E","R","M","R","BOSS","M","M","?","M","$","E","R","E","T","E","?","?","R","M","R","BOSS","M","?","?","?","AVR","R","E","$","T","M","?","M","R","E","R","BOSS"],"items_purchased_type":["Card","Card","Relic","Card","Relic"],"build_version":"2020-12-22","purchased_purges":3,"victory":true,"max_hp_per_floor":[75,75,75,75,75,75,75,75,75,75,75,75,75,75,75,75,70,70,70,70,70,70,70,70,70,70,70,70,70,70,70,70,70,70,70,70,70,70,70,70,70,70,70,70,70,70,70,70,70,70],"card_choices":[{"not_picked":[],"picked":"ChaosCard","floor":0.0},{"not_picked":["MastersStateliness","NightDance"],"picked":"LeisurelyOfLord","floor":1.0},{"not_picked":["MiserableFate","ReincarnationDial"],"picked":"MastersStateliness","floor":2.0},{"not_picked":["EndlessAdversity","EmergencyRegeneration"],"picked":"NightDance","floor":7.0},{"not_picked":["VampireFantasy","ScarletDevil"],"picked":"VampireKiss","floor":12.0},{"not_picked":["BloodyHallows","VampireSweep"],"picked":"CharismaGuard","floor":14.0},{"not_picked":["ScarletMeister","HeartBreak"],"picked":"KillingBlow","floor":16.0},{"not_picked":["Hologram","BasicCrystalCard","Storm","Sweeping Beam"],"picked":"SKIP","floor":18.0},{"not_picked":["VampireKiss","Double Energy","White Noise"],"picked":"ScarletSymphony","floor":19.0},{"not_picked":["Turbo","Ball Lightning","Auto Shields"],"picked":"BloodHunter","floor":21.0},{"not_picked":["ScarletDream","BloodyTrap","Gash"],"picked":"CharismaGuard","floor":23.0},{"not_picked":["Chaos","Doom and Gloom","Maim"],"picked":"RedRainbow","floor":25.0},{"not_picked":["ReplayTheSpireMod:GoodbyeWorld+1","White Noise","Tempest+1"],"picked":"EndlessAdversity+1","floor":27.0},{"not_picked":["ScarletDevil","QueenOfMidnight","Undo"],"picked":"RedRainbow+1","floor":28.0},{"not_picked":["DiffusionOfMisfortune","Turbo","Septette"],"picked":"VampireKiss+1","floor":31.0},{"not_picked":["Compile Driver+1","Chaos","Self Repair"],"picked":"DevilSight+1","floor":35.0},{"not_picked":["DiffusionOfMisfortune","Blizzard+1","Stigmanizer+1"],"picked":"Gash+1","floor":37.0},{"not_picked":["Turbo+1","EndlessAdversity","Go for the Eyes+1","BloodyMagicSquare+1"],"picked":"SKIP","floor":41.0},{"not_picked":["NightDance+1","RedRainbow","Barrage+1"],"picked":"EternalNight","floor":44},{"not_picked":["Sweeping Beam","EndlessAdversity","Coolheaded"],"picked":"CharismaGuard","floor":45},{"not_picked":["BasicCrystalCard+1","Sweeping Beam","Beam Cell"],"picked":"VampireClaw+1","floor":46},{"not_picked":["Mirror Shield","StarOfDavid+1","ReplayTheSpireMod:Calculation Training"],"picked":"BombardNight+1","floor":48}],"player_experience":107694,"relics_obtained":[{"floor":7.0,"key":"YumHeart"},{"floor":9.0,"key":"ReplayTheSpireMod:Shallot"},{"floor":12.0,"key":"Mirror"},{"floor":23.0,"key":"Chameleon Ring"},{"floor":25.0,"key":"REME_IWantAll"},{"floor":26.0,"key":"PunchingBag"},{"floor":27.0,"key":"D4"},{"floor":41.0,"key":"HornCleat"},{"floor":43.0,"key":"Eternal Feather"},{"floor":48,"key":"Gambling Chip"}],"event_choices":[{"damage_healed":0.0,"max_hp_gain":0.0,"max_hp_loss":0.0,"gold_gain":75.0,"event_name":"World of Goop","player_choice":"Gather Gold","floor":3.0,"gold_loss":0.0,"damage_taken":11.0},{"cards_removed":["NightDance"],"damage_healed":0.0,"max_hp_gain":0.0,"max_hp_loss":0.0,"gold_gain":0.0,"event_name":"Falling","player_choice":"Removed Attack","floor":36.0,"gold_loss":0.0,"damage_taken":0.0}],"is_beta":false,"boss_relics":[{"not_picked":["hubris:TerracottaHorce","SacredBark"],"picked":"aspiration:DefectSkillbook"},{"not_picked":[]},{"not_picked":["infinitespire:Cupcake","Runesmith:UraniumAnvil","aspiration:RitualDagger"]}],"items_purged_floors":[5,17,42],"is_endless":false,"potions_floor_spawned":[1,12,18,19,21,23,28,33,35,37,46],"ascension_level":4}}