{"host":"suaetoo57rt99mh0","time":1612151898,"event":{"mods":["Act Like it!","Arknights","Aspiration","BaseMod","CapriCore","CatGirl Mod","Conspire","Defuse TimeMaze Blight","Downfall","Elementarium","Energized Spire","Hermit","Hubris","Infinite Spire","Jedi Mod","Marisa????????","Minty Spire (QoL Compilation)","Potionbrewer","Quarter Circle Forward PUNCH!","Quick Restart","Relic Filter","Reliquary","Remilia??????","Replay The Spire","StSLib","The Animator","The Bladedancer","The Construct","The Cursed","The Immortal","The Jungle","The Marked","The Mystic","The Necromancer","The Poker Player","The Runesmith","The Sage","The Servant 0.9.4","TheHeartMod","Uncapped","UnlockEverythingMod","Useless Jewels Mod"],"gold_per_floor":[117,117,165,185,85,85,102,130,211,237,266,266,346,51,51,252,252,268,268,294,294,294],"floor_reached":21,"language":"ENG","playtime":1233,"items_purged":[],"score":212,"play_id":"6dab791d-394c-4854-a0f2-d740fcb4170d","local_time":"20210131215818","daily_mods":["Vintage"],"is_ascension_mode":false,"campfire_choices":[{"data":"KidneyShot","floor":6,"key":"SMITH"},{"data":"SilverBlades","floor":12,"key":"SMITH"},{"floor":15,"key":"REST"}],"circlet_count":0,"master_deck":["Strike_S","Strike_S","Strike_S","Strike_S","Defend_S","Defend_S","Defend_S","Defend_S","KidneyShot+1","Exchange","conspire:SpireCoStock","conspire:SpireCoStock","Pot Of Greed","Pot Of Greed","SilverBlades+1","Spin","BottledTime","RealityMarble","Ricochet","Sunlight","DoubleEdge"],"relics":["Uniform","StrikeDummy","potionbrewer:Torch","infinitespire:Lucky Rock","potionbrewer:WarMedal","qcfpunch:White_Boots","Grinning Jar","infinitespire:Broken Mirror","Anchor","qcfpunch:Army_Boots","Juzu Bracelet","Strange Spoon","conspire:SlowCooker","jedi:shrinkray","Red Mask"],"acts_visited":["Exordium","TheCity"],"potions_floor_usage":[10,16,16,20],"damage_taken":[{"damage":1,"enemies":"Jaw Worm","floor":1,"turns":5},{"damage":0,"enemies":"Small Slimes","floor":4,"turns":4},{"damage":0,"enemies":"Cultist","floor":7,"turns":3},{"damage":2,"enemies":"Large Slime","floor":8,"turns":5},{"damage":0,"enemies":"Lagavulin","floor":10,"turns":2},{"damage":3,"enemies":"2 Fungi Beasts","floor":11,"turns":3},{"damage":20,"enemies":"Gremlin Nob","floor":13,"turns":4},{"damage":14,"enemies":"Fading Forest","floor":16,"turns":11},{"damage":7,"enemies":"Shell Parasite","floor":18,"turns":3},{"damage":45,"enemies":"Masked Bandits","floor":20,"turns":5},{"damage":0,"enemies":"Spheric Guardian","floor":21,"turns":2}],"seed_played":"4805608219731857960","potions_obtained":[{"floor":7,"key":"jedi:StrikingPotion"},{"floor":11,"key":"Elixir"},{"floor":13,"key":"Adrenaline Potion"},{"floor":18,"key":"Weak Potion"}],"is_trial":true,"path_per_floor":["M","?","T","M","?","R","M","M","T","E","M","R","E","$","R","B",null,"M","?","?","M"],"character_chosen":"THE_SERVANT","items_purchased":["Strange Spoon","BottledTime","RealityMarble","Ricochet"],"campfire_rested":1,"item_purchase_floors":[14,14,14,14],"current_hp_per_floor":[64,64,64,64,64,64,64,62,62,62,59,59,39,39,58,44,65,58,47,2,2,2],"gold":294,"neow_bonus":"","is_daily":false,"chose_seed":false,"campfire_upgraded":2,"win_rate":0.0,"timestamp":1612151898,"path_taken":["M","?","?","M","?","R","M","?","T","E","M","R","E","$","R","BOSS","M","?","?","M"],"items_purchased_type":["Relic","Card","Card","Card"],"build_version":"2020-12-22","purchased_purges":0,"victory":false,"max_hp_per_floor":[65,65,65,65,65,65,65,65,65,65,65,65,65,65,65,65,65,65,70,70,70,70],"card_choices":[{"not_picked":["ShatteredReality","DoubleEdge"],"picked":"SilverBlades","floor":10},{"not_picked":["MoonPhase","Replace"],"picked":"Spin","floor":13},{"not_picked":["Duplication","Solidify"],"picked":"Sunlight","floor":16},{"not_picked":["Defy","Revamp"],"picked":"DoubleEdge","floor":20}],"player_experience":121183,"relics_obtained":[{"floor":1,"key":"StrikeDummy"},{"floor":2,"key":"potionbrewer:Torch"},{"floor":3,"key":"infinitespire:Lucky Rock"},{"floor":4,"key":"potionbrewer:WarMedal"},{"floor":7,"key":"qcfpunch:White_Boots"},{"floor":8,"key":"Grinning Jar"},{"floor":9,"key":"infinitespire:Broken Mirror"},{"floor":10,"key":"Anchor"},{"floor":11,"key":"qcfpunch:Army_Boots"},{"floor":13,"key":"Juzu Bracelet"},{"floor":18,"key":"jedi:shrinkray"},{"floor":20,"key":"Red Mask"}],"event_choices":[{"damage_healed":0,"gold_gain":0,"player_choice":"Invest 2","damage_taken":0,"max_hp_gain":0,"max_hp_loss":0,"event_name":"conspire:Investor","floor":5,"gold_loss":0},{"damage_healed":0,"gold_gain":0,"player_choice":"Shed Blood","damage_taken":16,"max_hp_gain":5,"max_hp_loss":0,"event_name":"Forgotten Altar","floor":19,"gold_loss":0},{"damage_healed":0,"gold_gain":0,"player_choice":"Fought Bandits","damage_taken":0,"max_hp_gain":0,"max_hp_loss":0,"event_name":"Masked Bandits","floor":20,"gold_loss":0}],"is_beta":false,"boss_relics":[{"not_picked":["energizedSpire:RedRose","SlaversCollar"],"picked":"conspire:SlowCooker"}],"items_purged_floors":[],"is_endless":false,"potions_floor_spawned":[7,11,13,18],"killed_by":"Spheric Guardian","ascension_level":0}}