{"host":"erjc6dqs793djrmy","time":1612210951,"event":{"mods":["BaseMod","Minty Spire (QoL Compilation)","StSLib","The Animator"],"gold_per_floor":[215,17,17,92,0,33,53,53,79,119,119,130,148,185,185,292,292,312,312,312,329,354,354,354,354],"floor_reached":24,"language":"ENG","playtime":2415,"items_purged":[],"score":332,"play_id":"a243e90d-20ea-43bf-bed4-312acb53e60d","local_time":"20210201152231","is_ascension_mode":true,"campfire_choices":[{"floor":11,"key":"REST"},{"floor":15,"key":"REST"},{"floor":23,"key":"REST"}],"circlet_count":0,"master_deck":["AscendersBane","animator:Strike_TenSura+1","animator:Defend_TenSura+1","animator:Benimaru+1","animator:Shuna","animator:Elsword","animator:ChaikaBohdan+1","animator:Strike_GATE+1","animator:Strike_GoblinSlayer+1","animator:Strike_OnePunchMan+1","animator:Defend_AccelWorld+1","animator:Defend_NoGameNoLife+1","animator:Defend_OwariNoSeraph+1","animator:Mitsurugi","animator:UneriGinkaku","animator:Shizu","animator:WinryRockbell","animator:Chris","animator:Elesis","animator:Benimaru","animator:Kazuma","animator:Vanir+1"],"relics":["animator:LivingPicture","animator:TheMissingPiece","PreservedInsect","Oddly Smooth Stone","Juzu Bracelet","Paper Frog","Mummified Hand","animator:HolyGrailRelic","animator:BattleDrones"],"acts_visited":["Exordium","TheCity"],"potions_floor_usage":[6,10,14,16,24],"damage_taken":[{"damage":1,"enemies":"Jaw Worm","floor":1,"turns":4},{"damage":25,"enemies":"3 Sentries","floor":6,"turns":7},{"damage":0,"enemies":"2 Louse","floor":7,"turns":2},{"damage":9,"enemies":"Gremlin Nob","floor":10,"turns":3},{"damage":0,"enemies":"Cultist","floor":12,"turns":3},{"damage":5,"enemies":"3 Louse","floor":13,"turns":3},{"damage":5,"enemies":"3 Sentries","floor":14,"turns":5},{"damage":23,"enemies":"The Guardian","floor":16,"turns":8},{"damage":12,"enemies":"Chosen","floor":18,"turns":3},{"damage":12,"enemies":"3 Byrds","floor":21,"turns":3},{"damage":36,"enemies":"Shelled Parasite and Fungi","floor":22,"turns":5},{"damage":29,"enemies":"Gremlin Leader","floor":24,"turns":3}],"seed_played":"-7544181553928896947","potions_obtained":[{"floor":1,"key":"SkillPotion"},{"floor":7,"key":"Weak Potion"},{"floor":12,"key":"ColorlessPotion"},{"floor":13,"key":"SmokeBomb"},{"floor":14,"key":"SteroidPotion"},{"floor":22,"key":"AttackPotion"}],"is_trial":false,"path_per_floor":["M","$","?","?","?","E","M","?","T","E","R","M","M","E","R","B",null,"M","T","?","M","M","R","E"],"character_chosen":"THE_ANIMATOR","items_purchased":["PreservedInsect","animator:ChaikaBohdan"],"campfire_rested":3,"item_purchase_floors":[2,2],"current_hp_per_floor":[58,58,58,47,47,22,22,22,22,13,32,32,27,22,41,18,62,52,52,52,42,6,28,0,0],"gold":354,"neow_bonus":"HUNDRED_GOLD","is_daily":false,"chose_seed":false,"campfire_upgraded":0,"win_rate":0.0,"timestamp":1612210951,"path_taken":["M","$","?","?","?","E","M","?","T","E","R","M","M","E","R","BOSS","M","?","?","M","M","R","E"],"items_purchased_type":["Relic","Card"],"build_version":"2020-12-22","purchased_purges":0,"victory":false,"max_hp_per_floor":[66,66,66,66,66,66,66,66,66,66,66,66,66,66,66,66,74,76,76,76,78,75,75,75,75],"card_choices":[{"not_picked":["animator:Chris","animator:AcuraTooru"],"picked":"animator:Elsword","floor":1},{"not_picked":["animator:Scar","animator:TsurugaMeisai"],"picked":"animator:Mitsurugi","floor":6},{"not_picked":["animator:MaesHughes","animator:Sloth"],"picked":"animator:UneriGinkaku","floor":7},{"not_picked":["animator:Shion","animator:Vesta"],"picked":"animator:Shizu","floor":10},{"not_picked":["animator:Chung","animator:YuiTsuruno"],"picked":"animator:WinryRockbell","floor":12},{"not_picked":["animator:Azekura","animator:Ciel"],"picked":"animator:Chris","floor":13},{"not_picked":["animator:Togame","animator:Sloth","animator:Gluttony"],"picked":"SKIP","floor":14},{"not_picked":["animator:Eve","animator:ChaikaTrabant"],"picked":"animator:Elesis","floor":16},{"not_picked":["animator:Shion","animator:GazelDwargon"],"picked":"animator:Benimaru","floor":18},{"not_picked":["animator:AcuraAkari","animator:Konayuki+1"],"picked":"animator:Kazuma","floor":21},{"not_picked":["animator:YunYun","animator:SuzuneAmano+1"],"picked":"animator:Vanir+1","floor":22}],"player_experience":356416,"relics_obtained":[{"floor":6,"key":"Oddly Smooth Stone"},{"floor":9,"key":"Juzu Bracelet"},{"floor":10,"key":"Paper Frog"},{"floor":14,"key":"Mummified Hand"},{"floor":19,"key":"animator:BattleDrones"}],"event_choices":[{"damage_healed":0,"gold_gain":0,"player_choice":"Grow","damage_taken":0,"max_hp_gain":0,"max_hp_loss":0,"event_name":"Living Wall","floor":3,"gold_loss":0,"cards_upgraded":["animator:ChaikaBohdan"]},{"damage_healed":0,"gold_gain":75,"player_choice":"Gather Gold","damage_taken":11,"max_hp_gain":0,"max_hp_loss":0,"event_name":"World of Goop","floor":4,"gold_loss":0},{"damage_healed":0,"gold_gain":0,"player_choice":"Upgraded","damage_taken":0,"max_hp_gain":0,"max_hp_loss":0,"event_name":"Upgrade Shrine","floor":8,"gold_loss":0,"cards_upgraded":["animator:Benimaru"]},{"damage_healed":0,"gold_gain":0,"player_choice":"Simplicity","damage_taken":0,"max_hp_gain":0,"max_hp_loss":0,"event_name":"Back to Basics","floor":20,"gold_loss":0,"cards_upgraded":["animator:Strike_TenSura","animator:Defend_TenSura","animator:Strike_GATE","animator:Strike_GoblinSlayer","animator:Strike_OnePunchMan","animator:Defend_AccelWorld","animator:Defend_NoGameNoLife","animator:Defend_OwariNoSeraph"]}],"is_beta":false,"boss_relics":[{"not_picked":["animator:RacePiece","Calling Bell"],"picked":"animator:HolyGrailRelic"}],"items_purged_floors":[],"is_endless":false,"potions_floor_spawned":[1,7,12,13,14,22],"killed_by":"Gremlin Leader","ascension_level":11}}