{"host":"y3h3n3f7seyagppx","time":1612147163,"event":{"mods":["AlwaysNeverKeys","BaseMod","Better Vampires","Colored Powertips","DeckTracker","Emptier Cage","Minty Spire (QoL Compilation)","Permanent Neow","Quick Restart","Rare Cards Sparkle","Relic Sorter","Relic Stats","StSLib","Transform Curses"],"gold_per_floor":[112,112,162,178,189,223,242,275,321,15,15,15],"floor_reached":11,"language":"ENG","playtime":960,"items_purged":[],"score":166,"play_id":"76cd8940-e091-4824-b694-3470acea6da0","local_time":"20210131213923","is_ascension_mode":true,"campfire_choices":[],"circlet_count":0,"master_deck":["AscendersBane","Strike_R","Strike_R","Strike_R","Strike_R","Defend_R","Defend_R","Defend_R","Defend_R","Bash","Fire Breathing","Armaments","Headbutt","Shrug It Off","Twin Strike","Feed"],"relics":["Burning Blood","Vajra","Eternal Feather","Bag of Preparation","MawBank","Lantern"],"acts_visited":["Exordium"],"potions_floor_usage":[11],"damage_taken":[{"damage":6.0,"enemies":"Cultist","floor":1.0,"turns":3.0},{"damage":9.0,"enemies":"Small Slimes","floor":4.0,"turns":4.0},{"damage":2.0,"enemies":"Jaw Worm","floor":5.0,"turns":6.0},{"damage":2.0,"enemies":"3 Sentries","floor":6.0,"turns":4.0},{"damage":11.0,"enemies":"Looter","floor":7.0,"turns":5.0},{"damage":33.0,"enemies":"Lagavulin","floor":8.0,"turns":8.0},{"damage":31,"enemies":"Gremlin Nob","floor":11,"turns":3}],"seed_played":"7696082044515954843","potions_obtained":[{"floor":1.0,"key":"ElixirPotion"},{"floor":5.0,"key":"SkillPotion"},{"floor":7.0,"key":"FearPotion"}],"is_trial":false,"path_per_floor":["M","?","?","M","M","E","M","E","T","$","E"],"character_chosen":"IRONCLAD","items_purchased":["Lantern","Feed"],"campfire_rested":0,"item_purchase_floors":[10,10],"current_hp_per_floor":[68,57,50,47,51,55,50,23,23,23,0,0],"gold":15,"neow_bonus":"REMOVE_CARD","is_daily":false,"chose_seed":false,"campfire_upgraded":0,"win_rate":0.0,"timestamp":1612147163,"path_taken":["M","?","?","M","M","E","M","E","T","$","E"],"items_purchased_type":["Relic","Card"],"build_version":"2020-12-22","purchased_purges":0,"victory":false,"max_hp_per_floor":[75,75,75,75,75,75,75,75,75,75,75,75],"relic_stats":{"counters":[7,33],"Eternal Feather":0,"Bag of Preparation":[2],"MawBank":12,"obtain_stats":[{"Lantern":10,"Vajra":2,"Eternal Feather":6,"Bag of Preparation":8,"MawBank":9,"Burning Blood":0},{"Lantern":6,"Vajra":1,"Eternal Feather":4,"Bag of Preparation":6,"MawBank":6,"Burning Blood":0},{"Lantern":30,"Vajra":3,"Eternal Feather":17,"Bag of Preparation":30,"MawBank":30,"Burning Blood":0}],"Burning Blood":36},"card_choices":[{"not_picked":["Evolve","Disarm"],"picked":"Fire Breathing","floor":1.0},{"not_picked":["Ghostly Armor","Warcry"],"picked":"Armaments","floor":4.0},{"not_picked":["Rupture","Evolve"],"picked":"Headbutt","floor":5.0},{"not_picked":["True Grit","Second Wind","Armaments"],"picked":"SKIP","floor":6.0},{"not_picked":["Evolve","Bloodletting"],"picked":"Shrug It Off","floor":7.0},{"not_picked":["Shrug It Off","Intimidate"],"picked":"Twin Strike","floor":8.0}],"player_experience":21871181,"relics_obtained":[{"floor":6.0,"key":"Eternal Feather"},{"floor":8.0,"key":"Bag of Preparation"},{"floor":9.0,"key":"MawBank"}],"event_choices":[{"damage_healed":0.0,"max_hp_gain":0.0,"max_hp_loss":0.0,"gold_gain":0.0,"event_name":"Scrap Ooze","player_choice":"Success","floor":2.0,"gold_loss":0.0,"damage_taken":11.0,"relics_obtained":["Vajra"]},{"damage_healed":0.0,"max_hp_gain":0.0,"max_hp_loss":0.0,"gold_gain":50.0,"event_name":"FaceTrader","player_choice":"Touch","floor":3.0,"gold_loss":0.0,"damage_taken":7.0}],"is_beta":false,"boss_relics":[],"items_purged_floors":[],"is_endless":false,"potions_floor_spawned":[1,5,7],"killed_by":"Gremlin Nob","ascension_level":20}}