{"host":"2x189hkb4impm2gi","time":1612220296,"event":{"mods":["BaseMod","Colored Map","Colored Powertips","Minty Spire (QoL Compilation)"],"gold_per_floor":[109,119,44,56,68,68,93,93,93,93,150,174,207,219,231,340,352,383,395,407,419,446,458,470,512,602,627,657,679,616,654,666,778,790,815,843,51,61,76,105,105,105,105,123,123,157,172,200,200,200],"floor_reached":51,"language":"ENG","playtime":2405,"items_purged":["Strike_R","Strike_R"],"score":985,"play_id":"f8dd01a4-dac6-4300-9b6f-f58c406372d6","local_time":"20210201175816","is_ascension_mode":false,"campfire_choices":[{"data":"Juggernaut","floor":6,"key":"SMITH"},{"data":"Searing Blow","floor":8,"key":"SMITH"},{"data":"Searing Blow+1","floor":10,"key":"SMITH"},{"data":"Searing Blow+3","floor":15,"key":"SMITH"},{"data":"Searing Blow+4","floor":23,"key":"SMITH"},{"data":"Searing Blow+5","floor":32,"key":"SMITH"},{"data":"Searing Blow+6","floor":42,"key":"SMITH"},{"data":"Searing Blow+7","floor":49,"key":"SMITH"}],"circlet_count":0,"master_deck":["Strike_R","Strike_R","Defend_R","Defend_R","Defend_R","Defend_R","Bash","Hemokinesis","Cleave","Searing Blow+8","Juggernaut+1","Headbutt","Warcry","Fiend Fire","Demon Form","Rampage+1","Shrug It Off","Necronomicurse","Evolve+1","Corruption","Fire Breathing+1","Seeing Red","Second Wind","Feed","Wild Strike+1","Warcry","Rupture","Flex","Iron Wave","Body Slam","Flame Barrier+1","Ghostly Armor+1","Berserk+1","Doubt","Inflame+1","Jack Of All Trades","Battle Trance+1","Limit Break"],"relics":["Burning Blood","Bag of Marbles","Matryoshka","Bird Faced Urn","Bottled Flame","Orichalcum","MawBank","Mark of Pain","Necronomicon","MutagenicStrength","Calipers","Gremlin Horn","Mummified Hand","Regal Pillow","Cursed Key","Charon\u0027s Ashes","Chemical X","Frozen Egg 2","InkBottle","Red Skull","Mango"],"acts_visited":["Exordium","TheCity","TheBeyond"],"potions_floor_usage":[7,16,16,28,33,38,40,46,50,50],"damage_taken":[{"damage":6,"enemies":"Cultist","floor":1,"turns":3},{"damage":3,"enemies":"2 Louse","floor":2,"turns":2},{"damage":8,"enemies":"Jaw Worm","floor":4,"turns":4},{"damage":9,"enemies":"Looter","floor":5,"turns":4},{"damage":28,"enemies":"Gremlin Nob","floor":7,"turns":4},{"damage":10,"enemies":"Gremlin Nob","floor":11,"turns":3},{"damage":11,"enemies":"3 Sentries","floor":13,"turns":4},{"damage":25,"enemies":"Hexaghost","floor":16,"turns":6},{"damage":25,"enemies":"3 Byrds","floor":18,"turns":5},{"damage":6,"enemies":"2 Thieves","floor":22,"turns":3},{"damage":0,"enemies":"Book of Stabbing","floor":25,"turns":1},{"damage":2,"enemies":"Centurion and Healer","floor":27,"turns":2},{"damage":0,"enemies":"3 Cultists","floor":28,"turns":3},{"damage":0,"enemies":"Sentry and Sphere","floor":29,"turns":2},{"damage":0,"enemies":"Gremlin Leader","floor":31,"turns":1},{"damage":6,"enemies":"Champ","floor":33,"turns":4},{"damage":12,"enemies":"3 Darklings","floor":35,"turns":5},{"damage":0,"enemies":"Orb Walker","floor":36,"turns":1},{"damage":3,"enemies":"Sphere and 2 Shapes","floor":38,"turns":2},{"damage":22,"enemies":"Jaw Worm Horde","floor":39,"turns":3},{"damage":0,"enemies":"Reptomancer","floor":40,"turns":1},{"damage":19,"enemies":"Maw","floor":44,"turns":3},{"damage":7,"enemies":"Giant Head","floor":46,"turns":5},{"damage":0,"enemies":"Spire Growth","floor":47,"turns":1},{"damage":0,"enemies":"Reptomancer","floor":48,"turns":1},{"damage":36,"enemies":"Time Eater","floor":50,"turns":4}],"seed_played":"-1388465839091215838","potions_obtained":[{"floor":2,"key":"FearPotion"},{"floor":7,"key":"DistilledChaos"},{"floor":11,"key":"FairyPotion"},{"floor":13,"key":"DistilledChaos"},{"floor":16,"key":"Energy Potion"},{"floor":22,"key":"DistilledChaos"},{"floor":28,"key":"Fruit Juice"},{"floor":31,"key":"Strength Potion"},{"floor":35,"key":"Strength Potion"},{"floor":39,"key":"LiquidMemories"},{"floor":44,"key":"PowerPotion"},{"floor":47,"key":"Weak Potion"}],"is_trial":false,"path_per_floor":["M","M","$","M","M","R","E","R","T","R","?","T","E","?","R","B",null,"M","?","?","?","M","R","?","E","T","M","M","M","?","E","R","B",null,"M","M","$","M","M","E","?","R","T","M","?","E","M","E","R","B",null],"character_chosen":"IRONCLAD","items_purchased":["Warcry","Rupture","Flex","Iron Wave","Body Slam","Charon\u0027s Ashes","Chemical X"],"campfire_rested":0,"item_purchase_floors":[37,37,37,37,37,37,37],"current_hp_per_floor":[88,88,88,86,83,83,61,61,61,61,57,57,54,54,54,37,88,71,71,55,55,55,55,55,61,61,65,78,86,86,92,92,93,93,93,93,93,96,82,88,88,88,88,77,77,88,91,105,105,75],"gold":200,"neow_bonus":"TEN_PERCENT_HP_BONUS","is_daily":false,"chose_seed":false,"campfire_upgraded":8,"win_rate":0.0,"timestamp":1612220296,"path_taken":["M","M","?","M","M","R","E","R","T","R","?","?","E","?","R","BOSS","M","?","?","?","M","R","?","E","T","M","M","M","?","E","R","BOSS","M","M","$","M","M","E","?","R","T","M","?","E","M","E","R","BOSS"],"items_purchased_type":["Card","Card","Card","Card","Card","Relic","Relic"],"build_version":"2020-12-22","purchased_purges":2,"victory":true,"max_hp_per_floor":[88,88,88,88,88,88,88,88,88,88,88,88,88,88,88,88,88,88,88,88,88,88,88,88,88,88,88,93,93,93,93,93,93,93,93,93,93,96,96,96,91,91,91,91,91,91,91,105,105,105],"card_choices":[{"not_picked":["Clash","Sword Boomerang"],"picked":"Hemokinesis","floor":1},{"not_picked":["Anger","Twin Strike"],"picked":"Cleave","floor":2},{"not_picked":["True Grit","Heavy Blade"],"picked":"Searing Blow","floor":4},{"not_picked":["Fire Breathing","Perfected Strike"],"picked":"Juggernaut","floor":5},{"not_picked":["Thunderclap","Flex"],"picked":"Headbutt","floor":7},{"not_picked":["Intimidate","Reckless Charge"],"picked":"Warcry","floor":11},{"not_picked":["Heavy Blade","Perfected Strike"],"picked":"Fiend Fire","floor":13},{"not_picked":["Immolate","Berserk"],"picked":"Demon Form","floor":16},{"not_picked":["Pummel","Cleave"],"picked":"Rampage+1","floor":18},{"not_picked":["Perfected Strike","Searing Blow"],"picked":"Evolve+1","floor":22},{"not_picked":["Perfected Strike","Reckless Charge"],"picked":"Corruption","floor":25},{"not_picked":["Twin Strike","Blood for Blood","Anger"],"picked":"SKIP","floor":27},{"not_picked":["Seeing Red","Body Slam"],"picked":"Fire Breathing+1","floor":28},{"not_picked":["Heavy Blade","Intimidate"],"picked":"Seeing Red","floor":29},{"not_picked":["Dropkick+1","Pommel Strike+1"],"picked":"Second Wind","floor":31},{"not_picked":["Double Tap","Bludgeon"],"picked":"Feed","floor":33},{"not_picked":["Cleave+1","Clothesline"],"picked":"Wild Strike+1","floor":35},{"not_picked":["Dropkick","Clash","Hemokinesis"],"picked":"SKIP","floor":36},{"not_picked":["Second Wind","Searing Blow+1"],"picked":"Flame Barrier+1","floor":38},{"not_picked":["Headbutt","Twin Strike"],"picked":"Ghostly Armor+1","floor":39},{"not_picked":["Warcry","Iron Wave"],"picked":"Berserk+1","floor":40},{"not_picked":["Body Slam","Flex+1"],"picked":"Inflame+1","floor":44},{"not_picked":["Forethought","Purity"],"picked":"Jack Of All Trades","floor":45},{"not_picked":["Shrug It Off+1","Entrench+1"],"picked":"Battle Trance+1","floor":46},{"not_picked":["True Grit","Clothesline","Thunderclap"],"picked":"SKIP","floor":47},{"not_picked":["Wild Strike+1","Dual Wield"],"picked":"Limit Break","floor":48}],"player_experience":44171,"relics_obtained":[{"floor":7,"key":"Bag of Marbles"},{"floor":9,"key":"Matryoshka"},{"floor":11,"key":"Bird Faced Urn"},{"floor":12,"key":"Bottled Flame"},{"floor":12,"key":"Orichalcum"},{"floor":13,"key":"MawBank"},{"floor":20,"key":"Necronomicon"},{"floor":25,"key":"Calipers"},{"floor":26,"key":"Gremlin Horn"},{"floor":26,"key":"Mummified Hand"},{"floor":31,"key":"Regal Pillow"},{"floor":40,"key":"Frozen Egg 2"},{"floor":43,"key":"InkBottle"},{"floor":46,"key":"Red Skull"},{"floor":48,"key":"Mango"}],"event_choices":[{"damage_healed":0,"gold_gain":0,"player_choice":"Searched \u00272\u0027 times","damage_taken":0,"max_hp_gain":0,"max_hp_loss":0,"event_name":"Dead Adventurer","floor":11,"gold_loss":0},{"damage_healed":0,"gold_gain":0,"player_choice":"Grow","damage_taken":0,"max_hp_gain":0,"max_hp_loss":0,"event_name":"Living Wall","floor":14,"gold_loss":0,"cards_upgraded":["Searing Blow"]},{"damage_healed":0,"gold_gain":0,"player_choice":"Read","damage_taken":0,"max_hp_gain":0,"max_hp_loss":0,"event_name":"The Library","floor":19,"gold_loss":0,"cards_obtained":["Shrug It Off"]},{"damage_healed":0,"gold_gain":0,"player_choice":"Obtained Book","damage_taken":16,"max_hp_gain":0,"max_hp_loss":0,"event_name":"Cursed Tome","floor":20,"gold_loss":0},{"damage_healed":0,"gold_gain":0,"player_choice":"Inject Mutagens","damage_taken":0,"relics_obtained":["MutagenicStrength"],"max_hp_gain":0,"max_hp_loss":0,"event_name":"Drug Dealer","floor":21,"gold_loss":0},{"damage_healed":0,"gold_gain":0,"player_choice":"Ignored","damage_taken":0,"max_hp_gain":0,"max_hp_loss":0,"event_name":"Ghosts","floor":24,"gold_loss":0},{"cards_removed":["Strike_R"],"damage_healed":0,"gold_gain":0,"player_choice":"Gave Gold","damage_taken":0,"max_hp_gain":0,"max_hp_loss":0,"event_name":"Beggar","floor":30,"gold_loss":75},{"damage_healed":0,"gold_gain":0,"player_choice":"Max HP","damage_taken":0,"max_hp_gain":0,"max_hp_loss":5,"event_name":"Winding Halls","floor":41,"gold_loss":0},{"damage_healed":0,"gold_gain":0,"player_choice":"Memory 1","damage_taken":0,"max_hp_gain":0,"max_hp_loss":0,"event_name":"SensoryStone","floor":45,"gold_loss":0}],"is_beta":false,"boss_relics":[{"not_picked":["Busted Crown","Velvet Choker"],"picked":"Mark of Pain"},{"not_picked":["Calling Bell","Empty Cage"],"picked":"Cursed Key"}],"items_purged_floors":[3,37],"is_endless":false,"potions_floor_spawned":[2,7,11,13,16,22,28,31,35,39,44,47],"ascension_level":0}}