{"host":"2q4w55ev63ot6isg","time":1612169206,"event":{"mods":["Aspiration","BaseMod","Downfall","Hubris","Marisa????????","Minty Spire (QoL Compilation)","Replay The Spire","StSLib","The Cursed","The Jungle","The Servant 0.9.4"],"gold_per_floor":[115,115,115,115,135,135,155,181,181,181,229,5,32,50,50,149,149,164,164,114,14,32,32,50,85,85,85,95,95,115,115,115,220,220,230,246,4,21,41,41,41,41,41,41,91,117,117,38,38,38],"floor_reached":51,"language":"ENG","playtime":1652,"items_purged":["Strike_R","Pain"],"score":861,"play_id":"566450e3-9ce2-4fe0-b720-c3b343aecbbe","local_time":"20210201004646","is_ascension_mode":true,"campfire_choices":[{"data":"Shrug It Off","floor":6,"key":"SMITH"},{"data":"Uppercut","floor":10,"key":"SMITH"},{"floor":15,"key":"REST"},{"data":"Hemogenesis","floor":23,"key":"SMITH"},{"floor":32,"key":"REST"},{"floor":40,"key":"REST"},{"data":"Demon Form","floor":42,"key":"SMITH"},{"floor":49,"key":"REST"}],"circlet_count":0,"master_deck":["Strike_R","Strike_R","Strike_R+1","Strike_R","Defend_R","Defend_R+1","Defend_R","Defend_R","Bash","Exhume","Twin Strike","Shrug It Off+1","Uppercut+1","Impervious","Infernal Blade","ReplayTheSpireMod:Muscle Training","Shrug It Off","Hemogenesis+1","Cleave","Bloodletting","Heavy Blade","Shrug It Off","Pommel Strike","Demon Form+1","Parasite","Madness","Madness","Inflame+1","Uppercut","Sword Boomerang+1"],"relics":["Burning Blood","Mirror","Dream Catcher","Centennial Puzzle","Juzu Bracelet","Replay:WaspNest","Busted Crown","WarpedTongs","Bottled Flame","Slimebound:PreparedRelic","ReplayTheSpireMod:Ring of Exchange","Ring of Hypnosis","Replay:Fungal Core","Snack Pack","Mummified Hand","Girya","Replay:Bottled Flurry","hubris:Icosahedron"],"acts_visited":["Exordium","TheCity","TheBeyond"],"potions_floor_usage":[8,13,16,16,33,33,38,50],"damage_taken":[{"damage":8,"enemies":"2 Louse","floor":1,"turns":3},{"damage":7,"enemies":"Jaw Worm","floor":5,"turns":3},{"damage":5,"enemies":"Small Slimes","floor":7,"turns":5},{"damage":15,"enemies":"Gremlin Nob","floor":8,"turns":4},{"damage":12,"enemies":"3 Sentries","floor":13,"turns":9},{"damage":3,"enemies":"Looter","floor":14,"turns":3},{"damage":44,"enemies":"Fading Forest","floor":16,"turns":11},{"damage":1,"enemies":"Shell Parasite","floor":18,"turns":4},{"damage":2,"enemies":"Spheric Guardian","floor":22,"turns":5},{"damage":6,"enemies":"Shelled Parasite and Fungi","floor":24,"turns":6},{"damage":15,"enemies":"Replay:Snechameleon","floor":25,"turns":5},{"damage":6,"enemies":"Chosen and Byrds","floor":28,"turns":5},{"damage":24,"enemies":"Sentry and Sphere","floor":30,"turns":6},{"damage":77,"enemies":"Champ","floor":33,"turns":10},{"damage":29,"enemies":"3 Shapes","floor":35,"turns":6},{"damage":36,"enemies":"3 Darklings","floor":36,"turns":5},{"damage":43,"enemies":"Transient","floor":38,"turns":5},{"damage":40,"enemies":"Writhing Mass","floor":39,"turns":6},{"damage":54,"enemies":"2 Orb Walkers","floor":45,"turns":5},{"damage":33,"enemies":"Nemesis","floor":46,"turns":5},{"damage":45,"enemies":"Time Eater","floor":50,"turns":7}],"seed_played":"2652669416089463665","potions_obtained":[{"floor":5,"key":"LiquidMemories"},{"floor":11,"key":"Swift Potion"},{"floor":11,"key":"SneckoOil"},{"floor":11,"key":"hexamod:SoulburnPotion"},{"floor":14,"key":"DuplicationPotion"},{"floor":25,"key":"hexamod:SoulburnPotion"},{"floor":28,"key":"BlessingOfTheForge"},{"floor":33,"key":"Adrenaline Potion"},{"floor":35,"key":"DuplicationPotion"},{"floor":38,"key":"FairyPotion"}],"is_trial":false,"path_per_floor":["M","?","?","T","M","R","M","E","T","R","?","$","E","M","R","B",null,"M","?","?","$","M","R","M","E","T","?","M","?","M","?","R","B",null,"M","M","$","M","M","R","?","R","T","?","?","E","?","$","R","B",null],"character_chosen":"IRONCLAD","items_purchased":["Juzu Bracelet","Snack Pack","Uppercut"],"campfire_rested":4,"item_purchase_floors":[12,37,48],"current_hp_per_floor":[78,83,66,66,65,65,66,57,57,57,36,36,30,33,58,28,85,85,85,85,85,85,85,85,85,85,85,85,85,67,67,85,25,85,70,40,40,21,7,32,74,74,74,65,19,33,33,33,55,33],"gold":38,"neow_bonus":"ONE_RANDOM_RARE_CARD","is_daily":false,"chose_seed":false,"campfire_upgraded":4,"win_rate":0.0,"timestamp":1612169206,"path_taken":["M","?","?","?","?","R","M","E","T","R","?","$","E","M","R","BOSS","M","?","?","$","M","R","M","E","T","?","M","?","M","?","R","BOSS","M","M","$","M","M","R","?","R","T","?","?","E","?","$","R","BOSS"],"items_purchased_type":["Relic","Relic","Card"],"build_version":"2020-12-22","purchased_purges":2,"victory":true,"max_hp_per_floor":[80,85,85,85,85,85,85,85,85,85,85,85,85,85,85,85,85,85,85,85,85,85,85,85,85,85,85,85,85,85,85,85,85,85,85,85,85,85,85,85,74,74,74,74,74,74,74,74,74,74],"card_choices":[{"not_picked":["Heavy Blade","Headbutt"],"picked":"Twin Strike","floor":1},{"not_picked":["Rampage","True Grit"],"picked":"Shrug It Off","floor":5},{"not_picked":["Thunderclap","Clothesline"],"picked":"Uppercut","floor":7},{"not_picked":["Cleave","Armaments"],"picked":"Impervious","floor":8},{"not_picked":["Iron Wave","Fire Breathing"],"picked":"Infernal Blade","floor":13},{"not_picked":["Flex","Pommel Strike"],"picked":"ReplayTheSpireMod:Muscle Training","floor":14},{"not_picked":["Pommel Strike","Twin Strike"],"picked":"Shrug It Off","floor":15},{"not_picked":["Reaper","Immolate"],"picked":"Hemogenesis","floor":16},{"not_picked":[],"picked":"Cleave","floor":18},{"not_picked":[],"picked":"Bloodletting","floor":22},{"not_picked":[],"picked":"Heavy Blade","floor":24},{"not_picked":["Body Slam"],"picked":"SKIP","floor":25},{"not_picked":[],"picked":"Shrug It Off","floor":28},{"not_picked":["True Grit"],"picked":"SKIP","floor":30},{"not_picked":[],"picked":"Pommel Strike","floor":32},{"not_picked":[],"picked":"Demon Form","floor":33},{"not_picked":["Massacre"],"picked":"SKIP","floor":35},{"not_picked":["Shrug It Off"],"picked":"SKIP","floor":36},{"not_picked":["Cleave"],"picked":"SKIP","floor":38},{"not_picked":["Wild Strike+1"],"picked":"SKIP","floor":39},{"not_picked":[],"picked":"Inflame+1","floor":46},{"not_picked":[],"picked":"Sword Boomerang+1","floor":49}],"player_experience":191311,"relics_obtained":[{"floor":4,"key":"Mirror"},{"floor":8,"key":"Dream Catcher"},{"floor":9,"key":"Centennial Puzzle"},{"floor":13,"key":"Replay:WaspNest"},{"floor":25,"key":"Bottled Flame"},{"floor":26,"key":"Slimebound:PreparedRelic"},{"floor":27,"key":"ReplayTheSpireMod:Ring of Exchange"},{"floor":27,"key":"Ring of Hypnosis"},{"floor":43,"key":"Mummified Hand"},{"floor":45,"key":"Girya"},{"floor":46,"key":"Replay:Bottled Flurry"}],"event_choices":[{"damage_healed":0,"gold_gain":0,"player_choice":"Donut","damage_taken":0,"max_hp_gain":5,"max_hp_loss":0,"event_name":"Big Fish","floor":2,"gold_loss":0},{"damage_healed":0,"gold_gain":0,"player_choice":"Entered Light","damage_taken":17,"max_hp_gain":0,"max_hp_loss":0,"event_name":"Shining Light","floor":3,"gold_loss":0,"cards_upgraded":["Strike_R","Defend_R"]},{"damage_healed":0,"gold_gain":0,"player_choice":"Rummage","damage_taken":0,"relics_obtained":["WarpedTongs"],"max_hp_gain":0,"max_hp_loss":0,"event_name":"Accursed Blacksmith","floor":19,"gold_loss":0,"cards_obtained":["Pain"]},{"damage_healed":0,"gold_gain":0,"player_choice":"Bet on Murderer","damage_taken":0,"max_hp_gain":0,"max_hp_loss":0,"event_name":"The Joust","floor":20,"gold_loss":50},{"damage_healed":0,"gold_gain":0,"player_choice":"Ignored","damage_taken":0,"max_hp_gain":0,"max_hp_loss":0,"event_name":"Ghosts","floor":31,"gold_loss":0},{"damage_healed":74,"gold_gain":0,"player_choice":"Heal","damage_taken":0,"max_hp_gain":0,"max_hp_loss":11,"event_name":"The Moai Head","floor":41,"gold_loss":0},{"damage_healed":0,"gold_gain":0,"player_choice":"Embrace Madness","damage_taken":9,"max_hp_gain":0,"max_hp_loss":0,"event_name":"Winding Halls","floor":44,"gold_loss":0,"cards_obtained":["Madness","Madness"]},{"damage_healed":0,"gold_gain":0,"player_choice":"Fight","damage_taken":0,"max_hp_gain":0,"max_hp_loss":0,"event_name":"Mysterious Sphere","floor":45,"gold_loss":0}],"is_beta":false,"boss_relics":[{"not_picked":["Philosopher\u0027s Stone","Honey Jar"],"picked":"Busted Crown"},{"not_picked":["Mark of Pain","hubris:HollowSoul"],"picked":"Replay:Fungal Core"}],"items_purged_floors":[12,21],"is_endless":false,"potions_floor_spawned":[5,14,25,28,33,35,38,39,45],"ascension_level":4}}