{"host":"wuernuywc9gl215o","time":1612169676,"event":{"mods":["AchievementEnabler","BaseMod","Block Reminder","Key Reminder","Minty Spire (QoL Compilation)","Permanent Neow","Potion Indicator Mod","Quick Restart","Relic Stats"],"gold_per_floor":[118,118,137,152,169,196,260,260,260,270,296,296,313,348,348,443,443,457,473,208,222,222,222,252,167,194,194,194,218,237,272,272,373,373,385,385,385,398,412,441,441,457,480,526,538,550,3,21,21,21,21,21,21,55,55,55],"floor_reached":55,"language":"ENG","playtime":4077,"items_purged":["Strike_G","Pain"],"score":1229,"play_id":"09d76600-3cd2-48a3-9a30-e2efae2caf80","local_time":"20210201085436","is_ascension_mode":true,"campfire_choices":[{"floor":8.0,"key":"REST"},{"data":"Catalyst","floor":15.0,"key":"SMITH"},{"data":"Phantasmal Killer","floor":23.0,"key":"SMITH"},{"data":"Footwork","floor":27.0,"key":"SMITH"},{"data":"Crippling Poison","floor":32.0,"key":"SMITH"},{"floor":41.0,"key":"RECALL"},{"data":"Blade Dance","floor":45.0,"key":"SMITH"},{"data":"Blur","floor":49.0,"key":"SMITH"},{"data":"Survivor","floor":52.0,"key":"SMITH"}],"circlet_count":0,"master_deck":["Defend_G","Defend_G","Defend_G","Defend_G","Defend_G","Survivor+1","Neutralize+1","Crippling Poison+1","Flying Knee","Poisoned Stab","Predator","Catalyst+1","Blur+1","Blade Dance+1","Deadly Poison","Footwork+1","Phantasmal Killer+1","Heel Hook","Backflip+1","Adrenaline+1","PiercingWail+1","Dodge and Roll+1","Corpse Explosion+1","Noxious Fumes+1","Blur+1","Deflect+1","Outmaneuver+1","Well Laid Plans+1","After Image+1","Escape Plan+1","Caltrops+1","Terror+1","PiercingWail+1","Distraction+1","Dash+1","Burst+1","Deflect+1","Well Laid Plans+1","Accuracy+1"],"relics":["Ring of the Snake","CultistMask","Du-Vu Doll","Ninja Scroll","Eternal Feather","Frozen Egg 2","Thread and Needle","Toxic Egg 2","Empty Cage","Bottled Lightning","Ice Cream","PreservedInsect","Juzu Bracelet","Philosopher\u0027s Stone","WarpedTongs","Bag of Preparation","MawBank","Molten Egg 2","Membership Card","Vajra","Ornamental Fan","Strawberry"],"acts_visited":["Exordium","TheCity","TheBeyond","TheEnding"],"potions_floor_usage":[55,55],"damage_taken":[{"damage":0.0,"enemies":"Cultist","floor":1.0,"turns":4.0},{"damage":1.0,"enemies":"2 Louse","floor":3.0,"turns":4.0},{"damage":0.0,"enemies":"Jaw Worm","floor":4.0,"turns":3.0},{"damage":0.0,"enemies":"Blue Slaver","floor":5.0,"turns":5.0},{"damage":19.0,"enemies":"3 Sentries","floor":6.0,"turns":13.0},{"damage":10.0,"enemies":"3 Sentries","floor":7.0,"turns":10.0},{"damage":1.0,"enemies":"Large Slime","floor":10.0,"turns":5.0},{"damage":6.0,"enemies":"Gremlin Nob","floor":11.0,"turns":3.0},{"damage":0.0,"enemies":"Looter","floor":13.0,"turns":3.0},{"damage":15.0,"enemies":"Lagavulin","floor":14.0,"turns":4.0},{"damage":18.0,"enemies":"Slime Boss","floor":16.0,"turns":12.0},{"damage":0.0,"enemies":"3 Byrds","floor":18.0,"turns":4.0},{"damage":4.0,"enemies":"2 Thieves","floor":19.0,"turns":4.0},{"damage":4.0,"enemies":"Snake Plant","floor":21.0,"turns":4.0},{"damage":16.0,"enemies":"Gremlin Leader","floor":24.0,"turns":5.0},{"damage":1.0,"enemies":"Snecko","floor":30.0,"turns":3.0},{"damage":0.0,"enemies":"Slavers","floor":31.0,"turns":3.0},{"damage":31.0,"enemies":"Collector","floor":33.0,"turns":8.0},{"damage":0.0,"enemies":"3 Darklings","floor":35.0,"turns":2.0},{"damage":1.0,"enemies":"3 Shapes","floor":38.0,"turns":4.0},{"damage":11.0,"enemies":"Jaw Worm Horde","floor":39.0,"turns":3.0},{"damage":2.0,"enemies":"Reptomancer","floor":40.0,"turns":5.0},{"damage":0.0,"enemies":"4 Shapes","floor":42.0,"turns":5.0},{"damage":4.0,"enemies":"Giant Head","floor":44.0,"turns":7.0},{"damage":0.0,"enemies":"Maw","floor":48.0,"turns":4.0},{"damage":3.0,"enemies":"Donu and Deca","floor":50.0,"turns":6.0},{"damage":0.0,"enemies":"Shield and Spear","floor":54.0,"turns":7.0},{"damage":121,"enemies":"The Heart","floor":55,"turns":9}],"seed_played":"-3353132959781488352","potions_obtained":[{"floor":6.0,"key":"FairyPotion"},{"floor":7.0,"key":"Dexterity Potion"},{"floor":10.0,"key":"Energy Potion"},{"floor":11.0,"key":"SteroidPotion"},{"floor":19.0,"key":"LiquidBronze"},{"floor":30.0,"key":"CunningPotion"},{"floor":31.0,"key":"GamblersBrew"},{"floor":40.0,"key":"PowerPotion"}],"is_trial":false,"path_per_floor":["M","?","M","M","M","E","?","R","T","M","E","T","M","E","R","B",null,"M","M","$","M","?","R","E","?","T","R","?","T","M","E","R","B",null,"M","?","?","M","M","E","R","M","T","E","R","?","$","M","R","B",null,"R","$","E","B"],"character_chosen":"THE_SILENT","items_purchased":["Corpse Explosion+1","Noxious Fumes+1","Membership Card","Burst+1","Vajra","Ornamental Fan","Deflect+1","SpeedPotion","Well Laid Plans+1"],"campfire_rested":1,"item_purchase_floors":[20,20,47,47,47,47,47,47,47],"current_hp_per_floor":[63,63,62,62,62,43,33,51,51,50,44,44,44,29,41,23,53,53,49,49,45,45,60,44,44,44,59,59,59,58,58,63,32,55,55,55,55,54,43,41,59,59,59,55,63,63,63,63,63,60,62,63,63,70,0,0],"gold":55,"neow_bonus":"TRANSFORM_TWO_CARDS","is_daily":false,"chose_seed":false,"campfire_upgraded":7,"win_rate":0.0,"timestamp":1612169676,"path_taken":["M","?","M","M","?","E","?","R","T","M","E","?","M","E","R","BOSS","M","M","$","M","?","R","E","?","T","R","?","?","?","E","R","BOSS","M","?","?","M","M","E","R","M","T","E","R","?","$","M","R","BOSS","R","$","E","BOSS"],"items_purchased_type":["Card","Card","Relic","Card","Relic","Relic","Card","Potion","Card"],"build_version":"2020-12-22","purchased_purges":2,"victory":false,"max_hp_per_floor":[63,63,63,63,63,63,63,63,63,63,63,63,63,63,63,63,63,63,63,63,63,63,63,63,63,63,63,63,63,63,63,63,63,63,63,63,63,63,63,63,63,63,63,63,63,63,63,63,63,63,63,63,63,70,70,70],"relic_stats":{"counters":[28,149],"Ornamental Fan":[36],"Eternal Feather":74,"PreservedInsect":308,"Juzu Bracelet":2,"Bag of Preparation":[0],"MawBank":48,"obtain_stats":[{"Ice Cream":25,"Vajra":47,"Eternal Feather":9,"Thread and Needle":12,"PreservedInsect":26,"Juzu Bracelet":31,"Bag of Preparation":40,"Frozen Egg 2":11,"Empty Cage":17,"MawBank":43,"WarpedTongs":36,"Du-Vu Doll":6,"keyreminder:keyreminder":29,"Ninja Scroll":7,"Ornamental Fan":47,"Strawberry":54,"Philosopher\u0027s Stone":34,"Molten Egg 2":44,"CultistMask":2,"Bottled Lightning":24,"Membership Card":47,"Toxic Egg 2":14,"Ring of the Snake":0},{"Ice Cream":15,"Vajra":24,"Eternal Feather":6,"Thread and Needle":8,"PreservedInsect":15,"Juzu Bracelet":17,"Bag of Preparation":22,"Frozen Egg 2":8,"Empty Cage":11,"MawBank":23,"WarpedTongs":19,"Du-Vu Doll":5,"keyreminder:keyreminder":15,"Ninja Scroll":5,"Ornamental Fan":24,"Strawberry":27,"Philosopher\u0027s Stone":18,"Molten Egg 2":24,"CultistMask":1,"Bottled Lightning":15,"Membership Card":24,"Toxic Egg 2":10,"Ring of the Snake":0},{"Ice Cream":83,"Vajra":123,"Eternal Feather":39,"Thread and Needle":47,"PreservedInsect":83,"Juzu Bracelet":89,"Bag of Preparation":111,"Frozen Egg 2":47,"Empty Cage":66,"MawBank":116,"WarpedTongs":99,"Du-Vu Doll":29,"keyreminder:keyreminder":83,"Ninja Scroll":29,"Ornamental Fan":123,"Strawberry":140,"Philosopher\u0027s Stone":97,"Molten Egg 2":123,"CultistMask":4,"Bottled Lightning":83,"Membership Card":123,"Toxic Egg 2":54,"Ring of the Snake":0}],"Ring of the Snake":[56],"WarpedTongs":[45]},"card_choices":[{"not_picked":["Acrobatics","Prepared"],"picked":"Poisoned Stab","floor":1.0},{"not_picked":["Dagger Throw","Underhanded Strike"],"picked":"Predator","floor":3.0},{"not_picked":["Flying Knee","Dagger Throw"],"picked":"Catalyst","floor":4.0},{"not_picked":["Heel Hook","Flying Knee"],"picked":"Blur","floor":5.0},{"not_picked":["Quick Slash","Tactician"],"picked":"Blade Dance","floor":6.0},{"not_picked":["Dagger Throw","Doppelganger"],"picked":"Deadly Poison","floor":7.0},{"not_picked":["Dash","Deadly Poison"],"picked":"Footwork","floor":10.0},{"not_picked":["Finisher","Sucker Punch"],"picked":"Phantasmal Killer","floor":11.0},{"not_picked":["Choke","Flying Knee"],"picked":"Heel Hook","floor":13.0},{"not_picked":["Slice","Dash"],"picked":"Backflip+1","floor":14.0},{"not_picked":["Doppelganger+1","Envenom+1"],"picked":"Adrenaline+1","floor":16.0},{"not_picked":["Blur+1","Concentrate+1"],"picked":"PiercingWail+1","floor":18.0},{"not_picked":["Sucker Punch","Flying Knee"],"picked":"Dodge and Roll+1","floor":19.0},{"not_picked":["Masterful Stab","Eviscerate"],"picked":"Blur+1","floor":21.0},{"not_picked":["Dodge and Roll+1","Dagger Spray"],"picked":"Deflect+1","floor":24.0},{"not_picked":["Poisoned Stab+1","Slice"],"picked":"Outmaneuver+1","floor":30.0},{"not_picked":["Outmaneuver+1","Expertise+1"],"picked":"Well Laid Plans+1","floor":31.0},{"not_picked":["Corpse Explosion+1","A Thousand Cuts+1"],"picked":"After Image+1","floor":33.0},{"not_picked":["Dagger Throw","Poisoned Stab"],"picked":"Escape Plan+1","floor":35.0},{"not_picked":["Poisoned Stab","Choke"],"picked":"Caltrops+1","floor":38.0},{"not_picked":["Dagger Throw+1","Flying Knee+1"],"picked":"Terror+1","floor":39.0},{"not_picked":["Dagger Spray+1","Blade Dance+1"],"picked":"PiercingWail+1","floor":40.0},{"not_picked":["Endless Agony+1","Finisher+1"],"picked":"Distraction+1","floor":42.0},{"not_picked":["Prepared+1","Underhanded Strike+1"],"picked":"Dash+1","floor":44.0},{"not_picked":["Flying Knee+1","Sucker Punch+1"],"picked":"Accuracy+1","floor":48.0},{"not_picked":["Deflect+1","Unload+1","Flying Knee+1"],"picked":"SKIP","floor":54.0}],"player_experience":735620,"relics_obtained":[{"floor":6.0,"key":"Du-Vu Doll"},{"floor":9.0,"key":"Eternal Feather"},{"floor":11.0,"key":"Frozen Egg 2"},{"floor":12.0,"key":"Thread and Needle"},{"floor":14.0,"key":"Toxic Egg 2"},{"floor":24.0,"key":"Bottled Lightning"},{"floor":26.0,"key":"PreservedInsect"},{"floor":31.0,"key":"Juzu Bracelet"},{"floor":40.0,"key":"Bag of Preparation"},{"floor":43.0,"key":"MawBank"},{"floor":44.0,"key":"Molten Egg 2"},{"floor":54.0,"key":"Strawberry"}],"event_choices":[{"damage_healed":0.0,"max_hp_gain":0.0,"max_hp_loss":0.0,"gold_gain":0.0,"event_name":"FaceTrader","player_choice":"Trade","floor":2.0,"gold_loss":0.0,"damage_taken":0.0,"relics_obtained":["CultistMask"]},{"damage_healed":0.0,"max_hp_gain":0.0,"max_hp_loss":0.0,"gold_gain":0.0,"event_name":"Dead Adventurer","player_choice":"Searched \u00272\u0027 times","floor":7.0,"gold_loss":0.0,"damage_taken":0.0,"relics_obtained":["Ninja Scroll"]},{"damage_healed":0.0,"max_hp_gain":0.0,"max_hp_loss":0.0,"gold_gain":0.0,"event_name":"Vampires","player_choice":"Ignored","floor":22.0,"gold_loss":0.0,"damage_taken":0.0},{"damage_healed":0.0,"max_hp_gain":0.0,"max_hp_loss":0.0,"gold_gain":0.0,"event_name":"Addict","player_choice":"Obtained Relic","floor":25.0,"gold_loss":85.0,"damage_taken":0.0,"relics_obtained":["Ice Cream"]},{"damage_healed":0.0,"max_hp_gain":0.0,"max_hp_loss":0.0,"gold_gain":0.0,"event_name":"Beggar","player_choice":"Ignored","floor":28.0,"gold_loss":0.0,"damage_taken":0.0},{"damage_healed":0.0,"max_hp_gain":0.0,"max_hp_loss":0.0,"gold_gain":0.0,"event_name":"Accursed Blacksmith","player_choice":"Rummage","floor":36.0,"gold_loss":0.0,"damage_taken":0.0,"relics_obtained":["WarpedTongs"],"cards_obtained":["Pain"]},{"damage_healed":0.0,"max_hp_gain":0.0,"max_hp_loss":0.0,"gold_gain":0.0,"event_name":"Match and Keep!","player_choice":"0 cards matched","floor":37.0,"gold_loss":0.0,"damage_taken":0.0,"cards_obtained":[]},{"damage_healed":0.0,"max_hp_gain":0.0,"max_hp_loss":0.0,"gold_gain":0.0,"event_name":"Upgrade Shrine","player_choice":"Upgraded","floor":46.0,"gold_loss":0.0,"damage_taken":0.0,"cards_upgraded":["Neutralize"]}],"is_beta":false,"boss_relics":[{"not_picked":["Coffee Dripper","Velvet Choker"],"picked":"Empty Cage"},{"not_picked":["Calling Bell","Snecko Eye"],"picked":"Philosopher\u0027s Stone"}],"items_purged_floors":[20,47],"is_endless":false,"potions_floor_spawned":[6,7,10,11,13,19,30,31,40],"killed_by":"The Heart","ascension_level":8}}