{"host":"2q4w55ev63ot6isg","time":1612197512,"event":{"mods":["Aspiration","BaseMod","Downfall","Hubris","Marisa????????","Minty Spire (QoL Compilation)","Replay The Spire","StSLib","The Cursed","The Jungle","The Servant 0.9.4"],"gold_per_floor":[109,109,124,124,135,135,161,193,193,193,220,220,237,249,249,350,350,365,354,354,354,37,37,70,82,94,124,136,176,201,224,236,248,248],"floor_reached":33,"language":"ENG","playtime":1052,"items_purged":[],"score":384,"play_id":"86cb1f48-3d60-4fe9-8bd1-608b618ba96e","local_time":"20210201083832","is_ascension_mode":true,"campfire_choices":[{"data":"Iron Wave","floor":6,"key":"SMITH"},{"data":"Bash","floor":10,"key":"SMITH"},{"data":"Exhume","floor":12,"key":"SMITH"},{"data":"Carnage","floor":15,"key":"SMITH"},{"data":"Master of Strategy","floor":23,"key":"SMITH"},{"data":"Warcry","floor":25,"key":"SMITH"},{"floor":32,"key":"REST"}],"circlet_count":0,"master_deck":["Strike_R+1","Strike_R","Strike_R","Strike_R","Defend_R","Defend_R","Defend_R+1","Defend_R","Bash+1","Warcry+1","Iron Wave+1","ReplayTheSpireMod:Strike From Hell","Exhume+1","Impervious","Carnage+1","Sever Soul+1","Juggernaut+1","Rampage+1","Master of Strategy+1","Limit Break","Sentinel","Brutality+1","Flame Barrier","Blood for Blood"],"relics":["Black Blood","Simple Rune","bronze:BronzeIdol","aspiration:FrozenJewel","Nunchaku","Replay:Wax Seal","hubris:Towel","champ:Barbells","MawBank","hubris:IronBody","Calipers"],"acts_visited":["Exordium","TheCity"],"potions_floor_usage":[8,14,24],"damage_taken":[{"damage":0,"enemies":"Small Slimes","floor":1,"turns":3},{"damage":0,"enemies":"Cultist","floor":3,"turns":2},{"damage":9,"enemies":"Jaw Worm","floor":5,"turns":3},{"damage":11,"enemies":"Replay:BlueRogue","floor":8,"turns":5},{"damage":8,"enemies":"3 Sentries","floor":11,"turns":10},{"damage":0,"enemies":"Large Slime","floor":13,"turns":4},{"damage":18,"enemies":"Exordium Thugs","floor":14,"turns":6},{"damage":47,"enemies":"Fading Forest","floor":16,"turns":11},{"damage":7,"enemies":"Chosen","floor":18,"turns":4},{"damage":0,"enemies":"2 Thieves","floor":19,"turns":4},{"damage":51,"enemies":"Book of Stabbing","floor":24,"turns":6},{"damage":5,"enemies":"Cultist and Chosen","floor":27,"turns":7},{"damage":20,"enemies":"Slavers","floor":29,"turns":5},{"damage":20,"enemies":"Centurion and Healer","floor":30,"turns":6},{"damage":18,"enemies":"Snake Plant","floor":31,"turns":4},{"damage":84,"enemies":"Collector","floor":33,"turns":7}],"seed_played":"-7222634592976227254","potions_obtained":[{"floor":3,"key":"Fire Potion"},{"floor":8,"key":"SpeedPotion"},{"floor":19,"key":"hexamod:SoulburnPotion"},{"floor":27,"key":"SteroidPotion"},{"floor":30,"key":"SteroidPotion"}],"is_trial":false,"path_per_floor":["M","?","M","?","M","R","T","E","T","R","E","R","M","M","R","B",null,"M","M","?","?","$","R","E","R","T","M","$","E","M","M","R","B"],"character_chosen":"IRONCLAD","items_purchased":["champ:Barbells","Master of Strategy"],"campfire_rested":1,"item_purchase_floors":[22,22],"current_hp_per_floor":[78,78,80,85,82,82,82,77,77,77,75,75,81,69,69,32,72,77,85,85,85,85,85,46,46,46,53,53,45,37,31,56,0,0],"gold":248,"neow_bonus":"RANDOM_COMMON_RELIC","is_daily":false,"chose_seed":false,"campfire_upgraded":6,"win_rate":0.0,"timestamp":1612197512,"path_taken":["M","?","?","?","M","R","?","E","T","R","E","R","M","M","R","BOSS","M","M","?","?","$","R","E","R","T","M","$","E","M","?","R","BOSS"],"items_purchased_type":["Relic","Card"],"build_version":"2020-12-22","purchased_purges":0,"victory":false,"max_hp_per_floor":[80,80,80,85,85,85,85,85,85,85,85,85,85,85,85,85,85,85,85,85,85,85,85,85,85,85,85,85,85,85,85,85,85,85],"card_choices":[{"not_picked":["Sever Soul","Heavy Blade"],"picked":"Warcry","floor":1},{"not_picked":["Headbutt","Anger"],"picked":"Iron Wave","floor":3},{"not_picked":["Clothesline","Cleave"],"picked":"ReplayTheSpireMod:Strike From Hell","floor":5},{"not_picked":["hubris:CleavingFinish","Clothesline"],"picked":"Exhume","floor":8},{"not_picked":["Heavy Blade","Pummel"],"picked":"Impervious","floor":11},{"not_picked":["Thunderclap","Pommel Strike"],"picked":"Carnage","floor":13},{"not_picked":["Pommel Strike","Thunderclap"],"picked":"Sever Soul","floor":14},{"not_picked":["Exhume","hubris:StunningStrike"],"picked":"Juggernaut","floor":16},{"not_picked":["Run Through","Clash+1","Warcry"],"picked":"SKIP","floor":18},{"not_picked":["Anger","Perfected Strike"],"picked":"Rampage","floor":19},{"not_picked":["Rupture","Iron Wave"],"picked":"Limit Break","floor":24},{"not_picked":["Reckless Charge","Fire Breathing"],"picked":"Sentinel","floor":27},{"not_picked":["Blood for Blood","Cleave"],"picked":"Brutality","floor":29},{"not_picked":["Havoc+1","Rampage"],"picked":"Flame Barrier","floor":30},{"not_picked":["Anger","Combust"],"picked":"Blood for Blood","floor":31}],"player_experience":195957,"relics_obtained":[{"floor":7,"key":"bronze:BronzeIdol"},{"floor":8,"key":"aspiration:FrozenJewel"},{"floor":9,"key":"Nunchaku"},{"floor":11,"key":"Replay:Wax Seal"},{"floor":24,"key":"MawBank"},{"floor":26,"key":"hubris:IronBody"},{"floor":29,"key":"Calipers"}],"event_choices":[{"cards_removed":["Strike_R"],"damage_healed":0,"gold_gain":0,"player_choice":"Purged","damage_taken":0,"max_hp_gain":0,"max_hp_loss":0,"event_name":"Purifier","floor":2,"gold_loss":0},{"damage_healed":0,"gold_gain":0,"player_choice":"Donut","damage_taken":0,"max_hp_gain":5,"max_hp_loss":0,"event_name":"Big Fish","floor":4,"gold_loss":0}],"is_beta":false,"boss_relics":[{"not_picked":["aspiration:FutureDiary","Astrolabe"],"picked":"Black Blood"}],"items_purged_floors":[],"is_endless":false,"potions_floor_spawned":[3,8,19,27,30],"killed_by":"Collector","ascension_level":6}}