{"host":"04aht2z7d1qbuefv","time":1612218580,"event":{"mods":["AchievementEnabler","BaseMod","Downfall","Minty Spire (QoL Compilation)","StSLib","The Cursed","The Necromancer"],"gold_per_floor":[99,118,174,2,102,113,113,13,40,52,89,111,23,66,90,102,102,102],"floor_reached":16,"language":"SPA","playtime":669,"items_purged":[],"score":124,"play_id":"a0bb8196-f538-4fdd-9db2-d76056cf97a2","local_time":"20210201192940","is_ascension_mode":true,"campfire_choices":[{"floor":1,"key":"RECALL"},{"floor":8,"key":"REST"},{"floor":13,"key":"REST"}],"circlet_count":0,"master_deck":["hexamod:Strike","hexamod:Strike","hexamod:Strike","hexamod:Strike","hexamod:Defend","hexamod:Defend","hexamod:Defend","hexamod:Defend","hexamod:Sear","hexamod:Float","hexamod:FourthSeal","hexamod:RadiantFlame","hexamod:SoulSteal","Parasite","hexamod:FirstSeal","hexamod:GhostOfSpirePast","hexamod:GhostOfSpirePast","hexamod:TimeOfNeed"],"relics":["Runic Dome","Smiling Mask","Vajra","downfall:HeartBlessingRed","MawBank","Omamori","downfall:HeartBlessingBlue","Tiny Chest"],"acts_visited":["Exordium"],"potions_floor_usage":[4,9,9,11,14,14,16,16],"damage_taken":[{"damage":5,"enemies":"Small Slimes","floor":2,"turns":3},{"damage":40,"enemies":"Lagavulin Event","floor":3,"turns":6},{"damage":0,"enemies":"downfall:FleeingMerchant","floor":4,"turns":4},{"damage":8,"enemies":"2 Louse","floor":6,"turns":2},{"damage":21,"enemies":"Lagavulin","floor":9,"turns":6},{"damage":18,"enemies":"3 Sentries","floor":11,"turns":7},{"damage":0,"enemies":"Cultist","floor":12,"turns":3},{"damage":15,"enemies":"Gremlin Nob","floor":14,"turns":3},{"damage":15,"enemies":"3 Louse","floor":15,"turns":3},{"damage":68,"enemies":"WA_ARCHETYPE_RETAIN","floor":16,"turns":7}],"seed_played":"5845282979942160030","potions_obtained":[{"floor":3,"key":"DuplicationPotion"},{"floor":3,"key":"Ancient Potion"},{"floor":4,"key":"Regen Potion"},{"floor":6,"key":"hexamod:DoubleChargePotion"},{"floor":9,"key":"Block Potion"},{"floor":11,"key":"hexamod:InfernoChargePotion"},{"floor":12,"key":"BlessingOfTheForge"},{"floor":15,"key":"Strength Potion"}],"is_trial":false,"path_per_floor":["R","M","?","$","?","M","T","R","E","?","E","M","R","E","M","B"],"character_chosen":"THE_SPIRIT","items_purchased":["Vajra"],"campfire_rested":2,"item_purchase_floors":[4],"current_hp_per_floor":[70,65,25,25,25,17,17,38,32,49,31,38,72,64,56,0,0,0],"gold":102,"neow_bonus":"BOSS_RELIC","is_daily":false,"chose_seed":false,"campfire_upgraded":0,"win_rate":0.0,"timestamp":1612218580,"path_taken":["R","M","?","$","?","M","T","R","E","?","E","M","R","E","M","BOSS"],"items_purchased_type":["Relic"],"build_version":"2020-12-22","purchased_purges":0,"victory":false,"max_hp_per_floor":[70,70,70,70,70,70,70,70,70,70,70,70,80,80,80,80,80,80],"card_choices":[{"not_picked":["hexamod:InspiringFlames","hexamod:DynamicBlow"],"picked":"hexamod:FourthSeal","floor":2},{"not_picked":["hexamod:SpectersWail","hexamod:GhostflameBarrier"],"picked":"hexamod:RadiantFlame","floor":3},{"not_picked":["hexamod:AdvancingGuard","hexamod:RetreatToShadows"],"picked":"hexamod:SoulSteal","floor":4},{"not_picked":["hexamod:Hexaguard","hexamod:SuperheatedStrike","hexamod:SpectersWail"],"picked":"SKIP","floor":6},{"not_picked":["hexamod:SpectersWail","hexamod:ShieldOfDarkness","hexamod:GiftsFromTheDead"],"picked":"SKIP","floor":9},{"not_picked":["hexamod:Hexaguard","hexamod:GhostShield"],"picked":"hexamod:FirstSeal","floor":11},{"not_picked":["hexamod:SuperheatedStrike","hexamod:SwordOfDarkness"],"picked":"hexamod:GhostOfSpirePast","floor":12},{"not_picked":["hexamod:DynamicBlow","hexamod:SpectralSpark"],"picked":"hexamod:GhostOfSpirePast","floor":14},{"not_picked":["hexamod:InspiringFlames","hexamod:Firestarter"],"picked":"hexamod:TimeOfNeed","floor":15}],"player_experience":181390,"relics_obtained":[{"floor":3,"key":"Smiling Mask"},{"floor":9,"key":"MawBank"},{"floor":11,"key":"Omamori"},{"floor":14,"key":"Tiny Chest"}],"event_choices":[{"damage_healed":17,"gold_gain":0,"player_choice":"Healed and dodged fight","damage_taken":0,"max_hp_gain":0,"max_hp_loss":0,"event_name":"Mushrooms","floor":10,"gold_loss":0,"cards_obtained":["Parasite"]}],"is_beta":false,"boss_relics":[],"items_purged_floors":[],"is_endless":false,"potions_floor_spawned":[3,6,12],"killed_by":"WA_ARCHETYPE_RETAIN","ascension_level":1}}