{"host":"n43wxkei7kulhi8o","time":1612222315,"event":{"mods":["BaseMod","Bestiary","Block Reminder","Colored Map","Curses Come First","Custom Start","Highlight Path","Minty Spire (QoL Compilation)","Quick Restart","Relic Stats","StSLib"],"gold_per_floor":[118,134,144,155,10,10,26,26,26,26,54,54,73,91,91,193,193,203,214,214,228,239,239,239,239,291,311,325,356,371,24,24,123,123,141,141,95,95,111,111,124,124,149,149,169,19,38,50,50,50],"floor_reached":51,"language":"ENG","playtime":1875,"items_purged":[],"score":655,"play_id":"eb3e09d5-927d-49f5-a698-1d9e1b46f752","local_time":"20210201183155","is_ascension_mode":false,"campfire_choices":[{"data":"Dualcast","floor":6,"key":"SMITH"},{"data":"Tempest","floor":8,"key":"SMITH"},{"data":"Glacier","floor":10,"key":"SMITH"},{"data":"Electrodynamics","floor":12,"key":"SMITH"},{"data":"Defragment","floor":15,"key":"SMITH"},{"floor":23,"key":"REST"},{"floor":25,"key":"REST"},{"floor":32,"key":"REST"},{"data":"Turbo","floor":40,"key":"SMITH"},{"data":"Conserve Battery","floor":42,"key":"SMITH"},{"floor":44,"key":"REST"},{"floor":49,"key":"REST"}],"circlet_count":0,"master_deck":["Strike_B+1","Strike_B+1","Strike_B+1","Defend_B+1","Defend_B+1","Zap+1","Dualcast+1","Sweeping Beam+1","Glacier+1","Tempest+1","Electrodynamics+1","Defragment+1","Amplify","Melter+1","White Noise+1","Consume+1","Ball Lightning","Ball Lightning+1","Coolheaded+1","Glacier+1","Cold Snap","Turbo+1","Conserve Battery+1","Barrage+1","Seek"],"relics":["Cracked Core","Omamori","Sundial","Gambling Chip","Astrolabe","Toy Ornithopter","Red Mask","Whetstone","War Paint","Inserter","PreservedInsect","Akabeko"],"acts_visited":["TheCity","TheBeyond"],"potions_floor_usage":[16,16,18,21,39,48,50,50],"damage_taken":[{"damage":2,"enemies":"Small Slimes","floor":1,"turns":3},{"damage":0,"enemies":"2 Louse","floor":2,"turns":1},{"damage":11,"enemies":"Jaw Worm","floor":3,"turns":3},{"damage":0,"enemies":"Looter","floor":4,"turns":3},{"damage":5,"enemies":"3 Louse","floor":7,"turns":3},{"damage":17,"enemies":"3 Sentries","floor":11,"turns":8},{"damage":13,"enemies":"Red Slaver","floor":13,"turns":2},{"damage":2,"enemies":"Blue Slaver","floor":14,"turns":2},{"damage":8,"enemies":"Hexaghost","floor":16,"turns":9},{"damage":27,"enemies":"Shell Parasite","floor":18,"turns":4},{"damage":0,"enemies":"Spheric Guardian","floor":19,"turns":3},{"damage":15,"enemies":"Shelled Parasite and Fungi","floor":21,"turns":4},{"damage":16,"enemies":"Cultist and Chosen","floor":22,"turns":5},{"damage":12,"enemies":"Snake Plant","floor":27,"turns":3},{"damage":0,"enemies":"Centurion and Healer","floor":28,"turns":4},{"damage":0,"enemies":"Masked Bandits","floor":29,"turns":2},{"damage":0,"enemies":"Sentry and Sphere","floor":30,"turns":2},{"damage":29,"enemies":"Automaton","floor":33,"turns":11},{"damage":19,"enemies":"3 Darklings","floor":35,"turns":2},{"damage":0,"enemies":"3 Shapes","floor":39,"turns":2},{"damage":10,"enemies":"Jaw Worm Horde","floor":41,"turns":2},{"damage":46,"enemies":"Spire Growth","floor":45,"turns":6},{"damage":7,"enemies":"Transient","floor":47,"turns":5},{"damage":0,"enemies":"Writhing Mass","floor":48,"turns":4},{"damage":50,"enemies":"Time Eater","floor":50,"turns":13}],"seed_played":"-905571481419857549","potions_obtained":[{"floor":1,"key":"FearPotion"},{"floor":11,"key":"Regen Potion"},{"floor":13,"key":"ColorlessPotion"},{"floor":14,"key":"SkillPotion"},{"floor":18,"key":"Block Potion"},{"floor":29,"key":"SteroidPotion"},{"floor":30,"key":"Dexterity Potion"},{"floor":35,"key":"Explosive Potion"},{"floor":38,"key":"Fire Potion"},{"floor":39,"key":"DistilledChaos"},{"floor":47,"key":"LiquidMemories"},{"floor":48,"key":"DistilledChaos"}],"is_trial":false,"path_per_floor":["M","M","M","M","$","R","M","R","T","R","E","R","M","M","R","B",null,"M","M","?","M","M","R","?","R","T","M","M","?","M","$","R","B",null,"M","?","$","?","M","R","M","R","T","R","M","$","M","M","R","B",null],"character_chosen":"DEFECT","items_purchased":["Omamori","FocusPotion","Whetstone","War Paint","Conserve Battery","Akabeko"],"campfire_rested":5,"item_purchase_floors":[5,31,31,31,37,46],"current_hp_per_floor":[73,73,62,62,62,62,57,57,57,57,40,40,27,25,25,32,75,48,48,48,33,17,39,39,61,61,49,49,49,49,49,71,42,75,56,56,56,56,61,61,51,51,51,73,27,27,20,25,47,7],"gold":50,"neow_bonus":"UPGRADE_CARD","is_daily":false,"chose_seed":false,"campfire_upgraded":7,"win_rate":0.0,"timestamp":1612222315,"path_taken":["M","M","M","M","$","R","M","R","T","R","E","R","M","M","R","BOSS","M","M","?","M","M","R","?","R","T","M","M","?","?","$","R","BOSS","M","?","$","?","M","R","M","R","T","R","M","$","?","M","R","BOSS"],"items_purchased_type":["Relic","Potion","Relic","Relic","Card","Relic"],"build_version":"2020-12-22","purchased_purges":0,"victory":true,"max_hp_per_floor":[75,75,75,75,75,75,75,75,75,75,75,75,75,75,75,75,75,75,75,75,75,75,75,75,75,75,75,75,75,75,75,75,75,75,75,75,75,75,75,75,75,75,75,75,75,75,75,75,75,75],"relic_stats":{"Inserter":[17],"counters":[25,106],"Sundial":[14],"Gambling Chip":[63],"Astrolabe":["Melter","White Noise","Consume"],"PreservedInsect":0,"Whetstone":["Sweeping Beam","Ball Lightning"],"War Paint":["Glacier","Coolheaded"],"obtain_stats":[{"Inserter":34,"Sundial":9,"Gambling Chip":11,"Astrolabe":17,"PreservedInsect":43,"Omamori":5,"Red Mask":29,"Whetstone":31,"War Paint":31,"Cracked Core":0,"Toy Ornithopter":26,"Akabeko":46},{"Inserter":18,"Sundial":5,"Gambling Chip":6,"Astrolabe":9,"PreservedInsect":21,"Omamori":4,"Red Mask":16,"Whetstone":17,"War Paint":17,"Cracked Core":0,"Toy Ornithopter":13,"Akabeko":22},{"Inserter":72,"Sundial":13,"Gambling Chip":21,"Astrolabe":34,"PreservedInsect":78,"Omamori":10,"Red Mask":59,"Whetstone":61,"War Paint":61,"Cracked Core":0,"Toy Ornithopter":50,"Akabeko":84}],"Toy Ornithopter":20},"card_choices":[{"not_picked":["Self Repair","Compile Driver"],"picked":"Sweeping Beam","floor":1},{"not_picked":["Genetic Algorithm","Hello World","Force Field"],"picked":"SKIP","floor":2},{"not_picked":["Rebound","Aggregate"],"picked":"Glacier","floor":3},{"not_picked":["Force Field","Chill"],"picked":"Tempest","floor":4},{"not_picked":["Chaos","Skim","Steam Power"],"picked":"SKIP","floor":7},{"not_picked":["Sweeping Beam","Go for the Eyes"],"picked":"Electrodynamics","floor":11},{"not_picked":["Genetic Algorithm","Streamline","Rebound"],"picked":"SKIP","floor":13},{"not_picked":["Go for the Eyes","Self Repair"],"picked":"Defragment","floor":14},{"not_picked":["All For One","Electrodynamics"],"picked":"Amplify","floor":16},{"not_picked":["FTL","Redo"],"picked":"Ball Lightning","floor":18},{"not_picked":["Gash","Barrage"],"picked":"Ball Lightning","floor":19},{"not_picked":["Redo+1","Lockon","Skim"],"picked":"SKIP","floor":21},{"not_picked":["Chaos+1","Barrage"],"picked":"Coolheaded","floor":22},{"not_picked":["Sweeping Beam+1","Heatsinks"],"picked":"Glacier","floor":27},{"not_picked":["All For One","Barrage"],"picked":"Cold Snap","floor":28},{"not_picked":["Rebound","Blizzard+1","Barrage"],"picked":"SKIP","floor":30},{"not_picked":["Consume+1","Beam Cell"],"picked":"Turbo","floor":35},{"not_picked":["Streamline","Cold Snap+1","Reprogram+1"],"picked":"SKIP","floor":39},{"not_picked":["Coolheaded","Hologram+1","FTL"],"picked":"SKIP","floor":41},{"not_picked":["Go for the Eyes","Stack"],"picked":"Barrage+1","floor":45},{"not_picked":["Chaos","Sunder"],"picked":"Seek","floor":47},{"not_picked":["Beam Cell+1","Cold Snap+1","Scrape"],"picked":"SKIP","floor":48}],"player_experience":663468,"relics_obtained":[{"floor":9,"key":"Sundial"},{"floor":11,"key":"Gambling Chip"},{"floor":26,"key":"Toy Ornithopter"},{"floor":29,"key":"Red Mask"},{"floor":43,"key":"PreservedInsect"}],"event_choices":[{"damage_healed":0,"gold_gain":0,"player_choice":"Smashed Altar","damage_taken":0,"max_hp_gain":0,"max_hp_loss":0,"event_name":"Forgotten Altar","floor":20,"gold_loss":0,"cards_obtained":["Decay"]},{"damage_healed":0,"gold_gain":0,"player_choice":"Simplicity","damage_taken":0,"max_hp_gain":0,"max_hp_loss":0,"event_name":"Back to Basics","floor":24,"gold_loss":0,"cards_upgraded":["Strike_B","Strike_B","Strike_B","Defend_B","Defend_B"]},{"damage_healed":0,"gold_gain":0,"player_choice":"Fought Bandits","damage_taken":0,"max_hp_gain":0,"max_hp_loss":0,"event_name":"Masked Bandits","floor":29,"gold_loss":0},{"damage_healed":0,"gold_gain":0,"player_choice":"Ignored","damage_taken":0,"max_hp_gain":0,"max_hp_loss":0,"event_name":"Mysterious Sphere","floor":36,"gold_loss":0},{"damage_healed":0,"gold_gain":0,"player_choice":"Got Potions","damage_taken":0,"max_hp_gain":0,"max_hp_loss":0,"event_name":"Lab","floor":38,"gold_loss":0}],"is_beta":false,"boss_relics":[{"not_picked":["Black Star","Runic Dome"],"picked":"Astrolabe"},{"not_picked":["Busted Crown","Snecko Eye"],"picked":"Inserter"}],"items_purged_floors":[],"is_endless":false,"potions_floor_spawned":[1,11,13,14,18,29,30,35,39,47,48],"ascension_level":0}}