{"host":"2py7ki924ssbu6hl","time":1612208057,"event":{"mods":["Act Like it!","BaseMod","Better Match","CapriCore","Colored Powertips","Friendly Minions","Gensokyo","GifTheSpireLib","MarisaÅiñ∂âJÅ@ñÇóùçπÅj","Minty Spire (QoL Compilation)","Rare Cards Sparkle","Relic Stats","StSLib","everything is the same but u backflip on backflip"],"gold_per_floor":[115,132,82,82,7,35,35,366,366,397,397,89,107,122,122,222,222,234,246,76,76,76,308,86,117,117,117,47,47,82,97,97,398,398,418,113,113,129,141,141,141,141],"floor_reached":41,"language":"ENG","playtime":2983,"items_purged":["Writhe"],"score":560,"play_id":"ca71bf4e-e434-4d0f-9030-462f0d3ec4f7","local_time":"20210201203417","is_ascension_mode":true,"campfire_choices":[{"data":"SuperNova","floor":7,"key":"SMITH"},{"floor":15,"key":"REST"},{"data":"EscapeVelocity","floor":27,"key":"SMITH"},{"floor":29,"key":"REST"},{"floor":32,"key":"REST"},{"floor":40,"key":"RECALL"}],"circlet_count":0,"master_deck":["Strike_MRS","Strike_MRS","Strike_MRS","Strike_MRS","Defend_MRS","Defend_MRS","Defend_MRS","Defend_MRS","MasterSpark","UpSweep","SuperNova+1","WitchLeyline","UnstableBomb","Gensokyo:BlessingOfFortitude","EarthLightRay","CasketOfStar+1","DragonMeteor","Parasite","Parasite","CasketOfStar","SuperPerseids","SporeBomb","ShootingEcho","Orbital","AsteroidBelt","DoubleSpark","FinalSpark","RefractionSpark","Blind","Metamorphosis+1","EscapeVelocity+1","Orbital","Orbital","CasketOfStar+1","MachineGunSpark+1","FinalSpark","OrrerysSun+1","OrrerysSun+1","Gensokyo:BlemishedSteel","AsteroidBelt+1","MilkyWay+1"],"relics":["MiniHakkero","Ice Cream","Old Coin","CaptainsWheel","ShroomBag","Orrery","Nunchaku","Sozu","Orichalcum","MawBank","Blood Vial","Frozen Egg 2","InkBottle","Bag of Preparation","Black Star","DollysMirror","Ancient Tea Set","Pear"],"acts_visited":["Gensokyo:Gensokyo","Gensokyo:Gensokyoer","Gensokyo:Gensokyoest"],"potions_floor_usage":[18,23,33],"damage_taken":[{"damage":0,"enemies":"Gensokyo:2_Kodama","floor":1,"turns":3},{"damage":9,"enemies":"Gensokyo:Gryphon","floor":2,"turns":3},{"damage":18,"enemies":"Gensokyo:Mamizou","floor":6,"turns":6},{"damage":26,"enemies":"Gensokyo:Aya","floor":8,"turns":5},{"damage":13,"enemies":"Gensokyo:Mamizou","floor":10,"turns":8},{"damage":0,"enemies":"Gensokyo:Python","floor":13,"turns":3},{"damage":8,"enemies":"Gensokyo:Kitsune","floor":14,"turns":5},{"damage":47,"enemies":"Gensokyo:Reimu","floor":16,"turns":8},{"damage":23,"enemies":"Gensokyo:3_Dogs","floor":18,"turns":4},{"damage":10,"enemies":"Gensokyo:CosmicMonolith","floor":19,"turns":3},{"damage":21,"enemies":"Gensokyo:Koishi","floor":23,"turns":4},{"damage":28,"enemies":"Gensokyo:Tenshi","floor":25,"turns":3},{"damage":19,"enemies":"Gensokyo:Koishi","floor":30,"turns":5},{"damage":36,"enemies":"Gensokyo:Slime_Group","floor":31,"turns":6},{"damage":10,"enemies":"Gensokyo:Eternal_Rivals","floor":33,"turns":6},{"damage":17,"enemies":"Gensokyo:AncientGuardian","floor":35,"turns":4},{"damage":33,"enemies":"Gensokyo:3_Boulders","floor":38,"turns":6},{"damage":14,"enemies":"Gensokyo:Sharpion","floor":39,"turns":6},{"damage":65,"enemies":"Gensokyo:Marisa","floor":41,"turns":5}],"seed_played":"-3559750946084415796","potions_obtained":[{"floor":1,"key":"Dexterity Potion"},{"floor":8,"key":"Weak Potion"},{"floor":13,"key":"SkillPotion"},{"floor":16,"key":"Energy Potion"}],"is_trial":false,"path_per_floor":["M","M","?","?","?","E","R","E","T","E","?","COS","M","M","R","B",null,"M","M","$","?","?","E","$","E","T","R","COS","R","E","M","R","B",null,"M","COS","?","M","M","R","E"],"character_chosen":"MARISA","items_purchased":["Blind","Orbital","Blood Vial"],"campfire_rested":3,"item_purchase_floors":[20,24,24],"current_hp_per_floor":[75,66,66,66,66,52,52,30,30,21,21,21,21,21,43,4,75,54,52,52,52,52,41,41,17,17,17,17,39,32,6,28,28,75,62,62,62,43,41,41,0,0],"gold":141,"neow_bonus":"THREE_RARE_CARDS","is_daily":false,"chose_seed":false,"campfire_upgraded":2,"win_rate":0.0,"timestamp":1612208057,"path_taken":["M","M","?","?","?","E","R","E","T","E","?","COS","?","M","R","BOSS","M","M","$","?","?","E","$","E","T","R","COS","R","E","M","R","BOSS","M","COS","?","M","M","R","E"],"items_purchased_type":["Card","Card","Relic"],"build_version":"2020-12-22","purchased_purges":1,"victory":false,"max_hp_per_floor":[75,75,75,75,75,75,75,75,75,75,75,75,75,75,75,75,75,75,75,75,75,75,75,75,75,75,75,75,75,75,75,75,75,75,75,75,75,75,75,75,85,85],"relic_stats":{"Sozu":3,"Blood Vial":14,"Nunchaku":[15],"counters":[19,93],"Bag of Preparation":[10],"Black Star":0,"Orichalcum":[78],"MawBank":12,"obtain_stats":[{"Ice Cream":6,"Pear":41,"Bag of Preparation":31,"Orichalcum":23,"Frozen Egg 2":25,"MawBank":23,"Ancient Tea Set":39,"Old Coin":8,"Sozu":17,"Blood Vial":24,"ShroomBag":10,"Frozen Eye":23,"CaptainsWheel":9,"Nunchaku":16,"DollysMirror":36,"Orrery":12,"Black Star":34,"MiniHakkero":0,"InkBottle":30},{"Ice Cream":3,"Pear":19,"Bag of Preparation":14,"Orichalcum":11,"Frozen Egg 2":12,"MawBank":11,"Ancient Tea Set":18,"Old Coin":4,"Sozu":8,"Blood Vial":11,"ShroomBag":5,"Frozen Eye":10,"CaptainsWheel":4,"Nunchaku":8,"DollysMirror":16,"Orrery":5,"Black Star":15,"MiniHakkero":0,"InkBottle":13},{"Ice Cream":12,"Pear":90,"Bag of Preparation":65,"Orichalcum":51,"Frozen Egg 2":55,"MawBank":52,"Ancient Tea Set":84,"Old Coin":17,"Sozu":41,"Blood Vial":52,"ShroomBag":25,"Frozen Eye":48,"CaptainsWheel":17,"Nunchaku":39,"DollysMirror":76,"Orrery":25,"Black Star":72,"MiniHakkero":0,"InkBottle":60}],"InkBottle":[19]},"card_choices":[{"not_picked":["CollectingQuirk","AbsoluteMagnitude"],"picked":"SuperNova","floor":0},{"not_picked":["Robbery","MysteriousBeam"],"picked":"WitchLeyline","floor":1},{"not_picked":["PowerUp","LuminesStrike"],"picked":"UnstableBomb","floor":2},{"not_picked":["Acceleration","NonDirectionalLaser"],"picked":"EarthLightRay","floor":4},{"not_picked":["DC","Robbery"],"picked":"GrandCross","floor":4},{"not_picked":["StarDustReverie+1","MillisecondPulsars+1"],"picked":"CasketOfStar+1","floor":5},{"not_picked":["OortCloud","ShootingEcho"],"picked":"DragonMeteor","floor":6},{"not_picked":["SuperNova","WitchOfGreed"],"picked":"DC","floor":8},{"not_picked":["GravityBeat","GalacticHalo"],"picked":"CasketOfStar","floor":10},{"not_picked":["GrandCross","EnergyFlow"],"picked":"SuperPerseids","floor":12},{"not_picked":["Acceleration","BlazeAway"],"picked":"SporeBomb","floor":12},{"not_picked":["FairyDestructionRay","GrandCross"],"picked":"ShootingEcho","floor":12},{"not_picked":["MysteriousBeam","Occultation"],"picked":"Orbital","floor":12},{"not_picked":["BlazeAway","SprinkleStarSeal"],"picked":"AsteroidBelt","floor":12},{"not_picked":["Singularity","NonDirectionalLaser"],"picked":"DoubleSpark","floor":13},{"not_picked":["GrandCross","ShootTheMoon","OneTimeOff"],"picked":"SKIP","floor":14},{"not_picked":["SatelliteIllusion","ManaRampage"],"picked":"FinalSpark","floor":16},{"not_picked":["OpenUniverse","IllusionStar","Acceleration+1"],"picked":"SKIP","floor":18},{"not_picked":["Robbery","DeepEcoloBomb"],"picked":"RefractionSpark","floor":19},{"not_picked":["The Bomb+1","Secret Technique+1"],"picked":"Metamorphosis+1","floor":22},{"not_picked":["MillisecondPulsars","CollectingQuirk"],"picked":"EscapeVelocity","floor":23},{"not_picked":["Acceleration","OneTimeOff","ShootingEcho"],"picked":"SKIP","floor":23},{"not_picked":["OneTimeOff","MysteriousBeam"],"picked":"Orbital","floor":25},{"not_picked":["MilkyWay+1","AlicesGift"],"picked":"CasketOfStar+1","floor":30},{"not_picked":["EventHorizon+1","RefractionSpark"],"picked":"MachineGunSpark+1","floor":31},{"not_picked":["BlazingStar","AbsoluteMagnitude"],"picked":"FinalSpark","floor":33},{"not_picked":["ManaConvection","MagicAbsorber+1"],"picked":"OrrerysSun+1","floor":35},{"not_picked":["GravityBeat+1","PowerUp+1"],"picked":"AsteroidBelt+1","floor":38},{"not_picked":["PulseMagic","ChargeUpSpray+1"],"picked":"MilkyWay+1","floor":39}],"player_experience":244919,"relics_obtained":[{"floor":6,"key":"Ice Cream"},{"floor":8,"key":"Old Coin"},{"floor":9,"key":"CaptainsWheel"},{"floor":10,"key":"ShroomBag"},{"floor":23,"key":"MawBank"},{"floor":25,"key":"Frozen Egg 2"},{"floor":30,"key":"InkBottle"}],"event_choices":[{"damage_healed":0,"gold_gain":0,"player_choice":"2","damage_taken":0,"max_hp_gain":0,"max_hp_loss":0,"event_name":"betterMatch:BetterMatch","floor":5,"gold_loss":0,"cards_obtained":["betterMatch:RareCard"]},{"damage_healed":0,"gold_gain":0,"player_choice":"2","damage_taken":0,"max_hp_gain":0,"max_hp_loss":0,"event_name":"betterMatch:BetterMatch","floor":22,"gold_loss":0,"cards_obtained":["betterMatch:ColorlessRareCard"]}],"is_beta":false,"boss_relics":[{"not_picked":["Calling Bell","Velvet Choker"],"picked":"Sozu"},{"not_picked":["SacredBark","Tiny House"],"picked":"Black Star"}],"items_purged_floors":[20],"is_endless":false,"potions_floor_spawned":[1,8,13,16,30,33,35],"killed_by":"Gensokyo:Marisa","ascension_level":1}}