{"host":"y2kfqdipa4rrljwb","time":1612180302,"event":{"mods":["ATMod(°¢èªMod)","AchievementEnabler","Act Like it!","Aspiration","BaseMod","Energized Spire","Friendly Minions","Infinite Spire","Library of Ruina","Library of Ruina Extra","Minty Spire (QoL Compilation)","Pale of the Ancients","Random Character Button","Random Character Mod","Relic Stats","Reliquary","Replay The Spire","RumiaBox-Â¶Ã×æ«µÄÉñÃØºÐ×Ó","StSLib","TestMod","¡¾¹¦ÄÜMod¡¿»ìãçÖ®»·ÐÞ¸´²¹¶¡","¡¾ÒÅÎï¿¨ÅÆ¡¿REMEMod"],"gold_per_floor":[117,69,79,79,99,99,99],"floor_reached":6,"language":"ZHS","playtime":785,"items_purged":[],"score":61,"play_id":"acb92029-dda0-457f-91e2-c6ce499608bf","local_time":"20210201195142","is_ascension_mode":false,"campfire_choices":[],"circlet_count":0,"master_deck":["Dodge","LightDefense","LightAttack","LightAttack","LightDefense","LightDefense","LightDefense","ChargeAndCover","FocusedStrikes","CircusKnives","ReplayTheSpireMod:IOU","IngredientHunt","SpearedSweep"],"relics":["PageOfLibrarian","REME_ComplimentaryCards","AT_ATBox","testmod-TestBox","Replay:Wax Seal","AT_BellDemon","Boot"],"acts_visited":["Exordium"],"potions_floor_usage":[],"damage_taken":[{"damage":0.0,"enemies":"2 Louse","floor":1.0,"turns":3.0},{"damage":2.0,"enemies":"Small Slimes","floor":3.0,"turns":3.0},{"damage":13.0,"enemies":"Jaw Worm","floor":5.0,"turns":2.0},{"damage":50,"enemies":"Gremlin Nob","floor":6,"turns":3}],"seed_played":"7137212909709107255","potions_obtained":[{"floor":3.0,"key":"testmod-SpacePotion"}],"is_trial":false,"path_per_floor":["M","$","M","?","M","E"],"character_chosen":"Librarian","items_purchased":["AT_BellDemon"],"campfire_rested":0,"item_purchase_floors":[2],"current_hp_per_floor":[60,60,58,58,45,0,0],"gold":99,"neow_bonus":"RANDOM_COMMON_RELIC","is_daily":false,"chose_seed":false,"campfire_upgraded":0,"win_rate":0.0,"timestamp":1612180302,"path_taken":["M","$","M","?","M","E"],"items_purchased_type":["Relic"],"build_version":"2020-12-22","purchased_purges":0,"victory":false,"max_hp_per_floor":[77,77,78,78,78,78,78],"relic_stats":{"counters":[4,11],"Boot":[0],"obtain_stats":[{"PageOfLibrarian":0,"AT_BellDemon":2,"AT_ATBox":0,"testmod-TestBox":0,"Replay:Wax Seal":0,"Boot":5,"REME_ComplimentaryCards":0},{"PageOfLibrarian":0,"AT_BellDemon":1,"AT_ATBox":0,"testmod-TestBox":0,"Replay:Wax Seal":0,"Boot":3,"REME_ComplimentaryCards":0},{"PageOfLibrarian":0,"AT_BellDemon":3,"AT_ATBox":0,"testmod-TestBox":0,"Replay:Wax Seal":0,"Boot":8,"REME_ComplimentaryCards":0}]},"card_choices":[{"not_picked":["GreatSerpentsImpact","FleetEdge","EnergyCycle","Pound","EnergyShield","ClassAndRespect","Feast","RulesOfTheBackstreets"],"picked":"CircusKnives","floor":1.0},{"not_picked":["Faith","BackstreetsDash","Pound","RatsGuideToSurvival","SnakesPrey","Parry","GuardingStance","BackAttack"],"picked":"IngredientHunt","floor":3.0},{"not_picked":["EnergyShield","FierceCharge","Concentration","Eliminate","BulkyImpact","PreemptiveStrike","SmokingPipe","StrongStrike"],"picked":"SpearedSweep","floor":5.0}],"player_experience":218402,"relics_obtained":[{"floor":5.0,"key":"Boot"}],"event_choices":[{"cards_removed":["LightAttack"],"damage_healed":0.0,"max_hp_gain":0.0,"max_hp_loss":0.0,"gold_gain":0.0,"event_name":"Living Wall","player_choice":"Forget","floor":4.0,"gold_loss":0.0,"damage_taken":0.0}],"is_beta":false,"boss_relics":[],"items_purged_floors":[],"is_endless":false,"potions_floor_spawned":[3],"killed_by":"Gremlin Nob","ascension_level":0}}