{"host":"rqs2099buorjjoja","time":1612144055,"event":{"mods":["AchievementEnabler","BaseMod","Beaked The Cultist","Colored Powertips","Downfall","Hubris","Infinite Spire","Minty Spire (QoL Compilation)","Quick Restart","Replay The Spire","StSLib"],"gold_per_floor":[99,119,135,148,164,64,89,105,105,119,134,34,47,67,84,84,84,84],"floor_reached":16,"language":"ENG","playtime":1375,"items_purged":[],"score":100,"play_id":"df283b0c-1cd5-48fd-89cb-5acf8aef046d","local_time":"20210131204735","is_ascension_mode":false,"campfire_choices":[{"floor":1,"key":"RECALL"},{"data":"Guardian:SpikerProtocol","floor":6,"key":"SMITH"},{"floor":12,"key":"REST"}],"circlet_count":0,"master_deck":["Guardian:Strike_Guardian","Guardian:Strike_Guardian","Guardian:Strike_Guardian","Guardian:Strike_Guardian","Guardian:Defend_Guardian","Guardian:Defend_Guardian","Guardian:Defend_Guardian","Guardian:CurlUp","Guardian:TwinSlam","Guardian:EvasiveProtocol","Guardian:SpikerProtocol+1","Guardian:ShieldCharger","Guardian:RollAttack","Guardian:ArmoredProtocol","Guardian:AncientConstruct","Guardian:Preprogram","Guardian:Clone","Guardian:Suspension","Guardian:Gem_Green"],"relics":["Guardian:ModeShifter","downfall:HeartBlessingRed","downfall:HeartBlessingBlue"],"acts_visited":["Exordium"],"potions_floor_usage":[5,14,16,16],"damage_taken":[{"damage":0,"enemies":"Cultist","floor":2,"turns":4},{"damage":4,"enemies":"2 Louse","floor":3,"turns":3},{"damage":2,"enemies":"Jaw Worm","floor":4,"turns":5},{"damage":0,"enemies":"2 Fungi Beasts","floor":5,"turns":2},{"damage":11,"enemies":"3 Louse","floor":8,"turns":2},{"damage":12,"enemies":"Blue Slaver","floor":10,"turns":4},{"damage":6,"enemies":"Large Slime","floor":11,"turns":7},{"damage":8,"enemies":"Gremlin Gang","floor":13,"turns":3},{"damage":0,"enemies":"3 Louse","floor":14,"turns":3},{"damage":11,"enemies":"Lots of Slimes","floor":15,"turns":4},{"damage":78,"enemies":"IC_STATUS_ARCHETYPE","floor":16,"turns":13}],"seed_played":"1273540273594860116","potions_obtained":[{"floor":3,"key":"Fire Potion"},{"floor":5,"key":"SpeedPotion"},{"floor":8,"key":"ColorlessPotion"},{"floor":15,"key":"Guardian:BlockOnCardUsePotion"}],"is_trial":false,"path_per_floor":["R","M","M","M","M","R","T","M","?","M","M","R","M","M","M","B"],"character_chosen":"GUARDIAN","items_purchased":[],"campfire_rested":1,"item_purchase_floors":[],"current_hp_per_floor":[80,80,76,74,74,74,74,63,63,51,45,82,74,74,63,0,0,0],"gold":84,"neow_bonus":"THREE_CARDS","is_daily":false,"chose_seed":false,"campfire_upgraded":1,"win_rate":0.0,"timestamp":1612144055,"path_taken":["R","M","M","M","M","R","T","M","?","?","M","R","M","M","M","BOSS"],"items_purchased_type":[],"build_version":"2020-12-22","purchased_purges":0,"victory":false,"max_hp_per_floor":[80,80,80,80,80,80,80,80,80,80,80,90,90,90,90,90,90,90],"card_choices":[{"not_picked":["Guardian:Suspension","Guardian:CrystalBeam"],"picked":"Guardian:EvasiveProtocol","floor":0},{"not_picked":["Guardian:ShieldCharger","Guardian:TemporalShield"],"picked":"Guardian:SpikerProtocol","floor":2},{"not_picked":["Guardian:RollAttack","Guardian:CrystalBeam"],"picked":"Guardian:ShieldCharger","floor":3},{"not_picked":["Guardian:Planning","Guardian:FloatingOrbs"],"picked":"Guardian:RollAttack","floor":4},{"not_picked":["Guardian:Orbwalk","Guardian:Reroute"],"picked":"Guardian:Gem_Red","floor":5},{"not_picked":["Guardian:CrystalBeam","Guardian:Gem_Red"],"picked":"Guardian:ArmoredProtocol","floor":8},{"not_picked":["Guardian:Reroute","Guardian:VentSteam"],"picked":"Guardian:AncientConstruct","floor":10},{"not_picked":["Guardian:MultiBeam","Guardian:Repulse"],"picked":"Guardian:Preprogram","floor":11},{"not_picked":["Guardian:PrimingBeam","Guardian:GuardianWhirl"],"picked":"Guardian:Clone","floor":13},{"not_picked":["Guardian:WalkerClaw","Guardian:PiercingHide"],"picked":"Guardian:Suspension","floor":14},{"not_picked":["Guardian:FierceBash","Guardian:ChargeCore"],"picked":"Guardian:Gem_Green","floor":15}],"player_experience":171045,"relics_obtained":[],"event_choices":[{"cards_removed":["Guardian:Defend_Guardian"],"damage_healed":0,"gold_gain":0,"player_choice":"Offered Basic","damage_taken":0,"max_hp_gain":0,"max_hp_loss":0,"event_name":"Bonfire Elementals","floor":9,"gold_loss":0}],"is_beta":false,"boss_relics":[],"items_purged_floors":[],"is_endless":false,"potions_floor_spawned":[3,5,8,15],"killed_by":"IC_STATUS_ARCHETYPE","ascension_level":0}}