{"host":"d6gsnuetzz7j8con","time":1612160058,"event":{"mods":["AchievementEnabler","BaseMod","Better Altar","Better Match","Better Note","Better Sensory Stone","Better Skull","Better Third Choice","BetterRewards","Evolution","Minty Spire (QoL Compilation)","Permanent Neow","Remove Card Discount Mod","StSLib"],"gold_per_floor":[111,111,123,141,120,120,154,154,154,172,212,233,269,0,0,126,126,139,160,160,160,185,216,216,230,281,297,318,318,343,381,381,505,505,523,523,537,562,895,1170,1202,1222,1222,1222,689,706,726,744,744,744,744,744,385,412,412],"floor_reached":56,"language":"ENG","playtime":16678,"items_purged":["Defend_P","Defend_P","Defend_P","Strike_P","Strike_P","Injury","BattleHymn","Regret","SashWhip","Study","Collect","FollowUp","PathToVictory","Chrysalis","Vigilance","Weave","Halt","Consecrate","Consecrate+1","JustLucky","WreathOfFlame","Evaluate+1","Magnetism+1","WaveOfTheHand+1","EmptyFist","DeusExMachina","EmptyBody+1"],"score":1343,"play_id":"f0c6193f-e08b-4015-ba5d-d07a13373c26","local_time":"20210201011418","is_ascension_mode":false,"campfire_choices":[{"data":"Collect","floor":6.0,"key":"SMITH"},{"floor":15.0,"key":"RECALL"},{"floor":29.0,"key":"REST"},{"data":"Adaptation","floor":32.0,"key":"SMITH"},{"floor":44,"key":"REST"},{"data":"Establishment","floor":49,"key":"SMITH"},{"data":"Eruption","floor":52,"key":"SMITH"}],"circlet_count":0,"master_deck":["Eruption+1","Ragnarok","Protect+1","TalkToTheHand+1","FlurryOfBlows","Collect+1","SandsOfTime","FlurryOfBlows","CutThroughFate+1","DeusExMachina+1","ClearTheMind+1","Crescendo","Adaptation+1","CutThroughFate","ClearTheMind","Tantrum+1","Establishment+1","Madness","Madness","ClearTheMind+1","ClearTheMind","Adaptation","Thinking Ahead","FlurryOfBlows","ThirdEye","ClearTheMind","Tantrum+1","EmptyMind+1","EmptyMind+1"],"relics":["PureWater","EVO:Axolotl","Membership Card","Blood Vial","betterAltar:BloodRelic","Pear","NeowsBlessing","Lizard Tail","GoldenEye","Astrolabe","betterThird:SlimedRelic","Bag of Marbles","Darkstone Periapt","Bottled Flame","Regal Pillow","Bottled Lightning","Orichalcum","Black Star","Letter Opener","War Paint","MealTicket","Toy Ornithopter","Pantograph","SlaversCollar","CaptainsWheel","HornCleat","HandDrill","Eternal Feather","Prayer Wheel","Incense Burner","Sundial","DollysMirror","Pen Nib","Nunchaku"],"acts_visited":["Exordium","TheCity","TheBeyond","TheEnding"],"potions_floor_usage":[38,55],"damage_taken":[{"damage":0.0,"enemies":"Jaw Worm","floor":1.0,"turns":1.0},{"damage":0.0,"enemies":"Cultist","floor":3.0,"turns":1.0},{"damage":0.0,"enemies":"Small Slimes","floor":4.0,"turns":1.0},{"damage":2.0,"enemies":"Lagavulin","floor":7.0,"turns":6.0},{"damage":1.0,"enemies":"3 Louse","floor":10.0,"turns":4.0},{"damage":22.0,"enemies":"3 Sentries","floor":11.0,"turns":5.0},{"damage":1.0,"enemies":"2 Fungi Beasts","floor":12.0,"turns":3.0},{"damage":0.0,"enemies":"Gremlin Nob","floor":13.0,"turns":3.0},{"damage":12.0,"enemies":"The Guardian","floor":16.0,"turns":7.0},{"damage":4.0,"enemies":"2 Thieves","floor":18.0,"turns":4.0},{"damage":17.0,"enemies":"Shell Parasite","floor":19.0,"turns":3.0},{"damage":22.0,"enemies":"Centurion and Healer","floor":22.0,"turns":6.0},{"damage":25.0,"enemies":"Gremlin Leader","floor":23.0,"turns":5.0},{"damage":10.0,"enemies":"Sentry and Sphere","floor":25.0,"turns":5.0},{"damage":12.0,"enemies":"Chosen and Byrds","floor":27.0,"turns":5.0},{"damage":18.0,"enemies":"Snake Plant","floor":28.0,"turns":4.0},{"damage":6.0,"enemies":"Centurion and Healer","floor":30.0,"turns":3.0},{"damage":8.0,"enemies":"Book of Stabbing","floor":31.0,"turns":4.0},{"damage":10.0,"enemies":"Champ","floor":33.0,"turns":6.0},{"damage":3,"enemies":"3 Shapes","floor":35,"turns":2},{"damage":10,"enemies":"Orb Walker","floor":37,"turns":4},{"damage":46,"enemies":"Writhing Mass","floor":38,"turns":6},{"damage":11,"enemies":"Giant Head","floor":41,"turns":6},{"damage":9,"enemies":"Sphere and 2 Shapes","floor":42,"turns":5},{"damage":0,"enemies":"Maw","floor":46,"turns":5},{"damage":0,"enemies":"Transient","floor":47,"turns":5},{"damage":18,"enemies":"Jaw Worm Horde","floor":48,"turns":4},{"damage":97,"enemies":"Time Eater","floor":50,"turns":10},{"damage":12,"enemies":"Shield and Spear","floor":54,"turns":3},{"damage":53,"enemies":"The Heart","floor":55,"turns":5}],"seed_played":"2295840316959156456","potions_obtained":[{"floor":1.0,"key":"PowerPotion"},{"floor":4.0,"key":"FearPotion"},{"floor":7.0,"key":"Swift Potion"},{"floor":13.0,"key":"LiquidBronze"},{"floor":23.0,"key":"FearPotion"},{"floor":25.0,"key":"Energy Potion"},{"floor":31.0,"key":"EssenceOfSteel"},{"floor":35,"key":"SteroidPotion"},{"floor":41,"key":"LiquidBronze"}],"is_trial":false,"path_per_floor":["M","?","M","M","?","R","E","?","T","M","E","M","E","$","R","B",null,"M","M","?","?","M","E","?","M","T","M","M","R","M","E","R","B",null,"M","?","M","M","?","?","E","M","T","R","$","M","M","M","R","B",null,"R","$","E","B",null],"character_chosen":"WATCHER","items_purchased":["Membership Card","Ragnarok","Chrysalis","Blood Vial","Worship","BattleHymn","FlurryOfBlows","Weave","Bottled Lightning","Orichalcum","FollowUp","HandDrill","Eternal Feather","Prayer Wheel","PowerPotion","Adaptation","Thinking Ahead","FlurryOfBlows","Incense Burner","Sundial","DollysMirror"],"campfire_rested":2,"item_purchase_floors":[0,0,0,0,0,0,0,14,14,14,14,45,45,45,45,45,45,45,53,53,53],"current_hp_per_floor":[82,82,82,82,71,71,74,74,74,78,60,64,69,69,69,62,82,78,65,65,65,49,30,30,26,26,20,8,47,47,45,45,66,82,79,69,66,32,32,38,34,32,32,73,88,88,88,70,88,44,88,88,88,76,39],"gold":412,"neow_bonus":"","is_daily":false,"chose_seed":false,"campfire_upgraded":4,"win_rate":0.0,"timestamp":1612160058,"path_taken":["M","?","M","?","?","R","E","?","T","M","E","M","E","$","R","BOSS","M","M","?","?","M","E","?","M","T","M","?","R","M","E","R","BOSS","M","?","M","M","?","?","E","M","T","R","$","M","?","M","R","BOSS","R","$","E","BOSS"],"items_purchased_type":["Relic","Card","Card","Relic","Card","Card","Card","Card","Relic","Relic","Card","Relic","Relic","Relic","Potion","Card","Card","Card","Relic","Relic","Relic"],"build_version":"2020-12-22","purchased_purges":27,"victory":true,"max_hp_per_floor":[82,82,82,82,82,82,82,82,82,82,82,82,82,82,82,82,82,82,82,82,82,82,82,82,82,82,82,82,82,82,82,82,82,82,82,82,82,82,82,88,88,88,88,88,88,88,88,88,88,88,88,88,88,88,88],"card_choices":[{"not_picked":["EmptyBody","Meditate"],"picked":"JustLucky","floor":1.0},{"not_picked":["JustLucky","EmptyBody"],"picked":"Study","floor":3.0},{"not_picked":["JustLucky","Evaluate"],"picked":"Collect","floor":4.0},{"not_picked":["EmptyFist","FlyingSleeves"],"picked":"PathToVictory","floor":7.0},{"not_picked":["ClearTheMind","ThirdEye"],"picked":"SandsOfTime","floor":10.0},{"not_picked":["Ragnarok","FlyingSleeves"],"picked":"FlurryOfBlows","floor":11.0},{"not_picked":["BowlingBash","PathToVictory"],"picked":"Halt","floor":12.0},{"not_picked":["ThirdEye","ClearTheMind"],"picked":"Consecrate","floor":13.0},{"not_picked":["Ragnarok","Scrawl"],"picked":"DeusExMachina","floor":16.0},{"not_picked":["ClearTheMind","Collect"],"picked":"CutThroughFate+1","floor":18.0},{"not_picked":["InnerPeace","JustLucky"],"picked":"WreathOfFlame","floor":19.0},{"not_picked":["FlyingSleeves","Weave+1"],"picked":"DeusExMachina","floor":22.0},{"not_picked":["SignatureMove","FollowUp"],"picked":"ClearTheMind","floor":23.0},{"not_picked":["CutThroughFate","JustLucky"],"picked":"Crescendo","floor":25.0},{"not_picked":["LikeWater","DeceiveReality"],"picked":"Adaptation","floor":27.0},{"not_picked":["Consecrate","Halt"],"picked":"CutThroughFate","floor":28.0},{"not_picked":["DeceiveReality+1","Fasting2"],"picked":"ClearTheMind","floor":30.0},{"not_picked":["Indignation","SandsOfTime"],"picked":"Tantrum+1","floor":31.0},{"not_picked":["Omniscience","LessonLearned"],"picked":"Establishment","floor":33.0},{"not_picked":["WreathOfFlame+1","Wallop"],"picked":"EmptyBody+1","floor":35},{"not_picked":["EmptyFist+1","FlyingSleeves+1"],"picked":"Evaluate+1","floor":37},{"not_picked":["PathToVictory","SignatureMove"],"picked":"ClearTheMind+1","floor":38},{"not_picked":["Collect+1","Protect+1"],"picked":"WaveOfTheHand+1","floor":41},{"not_picked":["CutThroughFate+1","JustLucky+1"],"picked":"ClearTheMind","floor":42},{"not_picked":["ReachHeaven","Judgement","Evaluate+1"],"picked":"SKIP","floor":46},{"not_picked":["Conclude","CutThroughFate","FollowUp"],"picked":"SKIP","floor":46},{"not_picked":["FlyingSleeves+1","Swivel"],"picked":"ThirdEye","floor":47},{"not_picked":["Halt","SandsOfTime+1"],"picked":"ClearTheMind","floor":47},{"not_picked":["Worship","CutThroughFate"],"picked":"Tantrum+1","floor":48},{"not_picked":["Crescendo","CrushJoints"],"picked":"EmptyMind+1","floor":48},{"not_picked":["MasterReality","ThirdEye","EmptyFist+1"],"picked":"SKIP","floor":54}],"player_experience":52093,"relics_obtained":[{"floor":7.0,"key":"Bag of Marbles"},{"floor":9.0,"key":"Darkstone Periapt"},{"floor":11.0,"key":"Bottled Flame"},{"floor":13.0,"key":"Regal Pillow"},{"floor":23.0,"key":"Letter Opener"},{"floor":23.0,"key":"War Paint"},{"floor":26.0,"key":"MealTicket"},{"floor":31.0,"key":"Toy Ornithopter"},{"floor":31.0,"key":"Pantograph"},{"floor":41,"key":"CaptainsWheel"},{"floor":41,"key":"HornCleat"},{"floor":54,"key":"Pen Nib"},{"floor":54,"key":"Nunchaku"}],"event_choices":[{"damage_healed":0.0,"max_hp_gain":0.0,"max_hp_loss":0.0,"gold_gain":0.0,"event_name":"Purifier","player_choice":"Ignored","floor":2.0,"gold_loss":0.0,"damage_taken":0.0},{"damage_healed":0.0,"max_hp_gain":0.0,"max_hp_loss":0.0,"gold_gain":0.0,"event_name":"betterThird:BetterGoop","player_choice":"Slimed","floor":5.0,"gold_loss":21.0,"damage_taken":11.0},{"damage_healed":0.0,"max_hp_gain":0.0,"max_hp_loss":0.0,"gold_gain":0.0,"event_name":"Golden Idol","player_choice":"Take Wound","floor":8.0,"gold_loss":0.0,"damage_taken":0.0,"relics_obtained":["Golden Idol"],"cards_obtained":["Injury"]},{"damage_healed":0.0,"max_hp_gain":0.0,"max_hp_loss":0.0,"gold_gain":0.0,"cards_transformed":["Worship"],"event_name":"Transmorgrifier","player_choice":"Transformed","floor":20.0,"gold_loss":0.0,"damage_taken":0.0,"cards_obtained":["Collect"]},{"damage_healed":0.0,"max_hp_gain":0.0,"max_hp_loss":0.0,"gold_gain":0.0,"event_name":"The Woman in Blue","player_choice":"Bought 0 Potions","floor":21.0,"gold_loss":0.0,"damage_taken":0.0},{"cards_removed":["DeusExMachina"],"damage_healed":0.0,"max_hp_gain":0.0,"max_hp_loss":0.0,"gold_gain":0.0,"event_name":"betterNote:BetterNote","player_choice":"Take \u0026 Give","floor":24.0,"gold_loss":0.0,"damage_taken":0.0,"cards_obtained":["Magnetism"]},{"damage_healed":0,"gold_gain":0,"player_choice":"Embrace Madness","damage_taken":10,"max_hp_gain":0,"max_hp_loss":0,"event_name":"Winding Halls","floor":36,"gold_loss":0,"cards_obtained":["Madness","Madness"]},{"damage_healed":0,"gold_gain":333,"player_choice":"Gave Idol","damage_taken":0,"max_hp_gain":0,"max_hp_loss":0,"event_name":"The Moai Head","floor":39,"relics_lost":["Golden Idol"],"gold_loss":0},{"damage_healed":0,"gold_gain":275,"player_choice":"Desecrate","damage_taken":0,"max_hp_gain":0,"max_hp_loss":0,"event_name":"Golden Shrine","floor":40,"gold_loss":0,"cards_obtained":["Regret"]}],"is_beta":false,"boss_relics":[{"not_picked":["Runic Pyramid","VioletLotus"],"picked":"Black Star"},{"not_picked":["Empty Cage","Snecko Eye"],"picked":"SlaversCollar"}],"items_purged_floors":[0,0,0,0,0,14,45,45,45,45,45,45,45,45,45,45,45,45,45,45,45,45,45,45,53,53,53],"is_endless":false,"potions_floor_spawned":[1,4,7,13,23,25,31,33,35,41,46,47],"ascension_level":0}}