{"host":"k7udt7atmcuzf6l0","time":1612187068,"event":{"mods":["AchievementEnabler","BaseMod","BetterRewards","Colored Map","Colored Powertips","Highlight Path","Minty Spire (QoL Compilation)","Quick Restart","Rare Cards Sparkle","Relic Stats","StSLib","UnlockEverythingMod"],"gold_per_floor":[119,51,51,126,126,126,142,168,250,260,274,274,291,322,322,422,422,442,37,37,37,52,52,52],"floor_reached":23,"language":"ZHS","playtime":535,"items_purged":[],"score":199,"play_id":"c602183c-ac0e-4434-b0a1-045ff59fd965","local_time":"20210201214428","is_ascension_mode":false,"campfire_choices":[{"data":"Spot Weakness","floor":6.0,"key":"SMITH"},{"data":"Berserk","floor":12,"key":"SMITH"},{"data":"Body Slam","floor":15,"key":"SMITH"}],"circlet_count":0,"master_deck":["Strike_R","Strike_R","Strike_R","Strike_R","Strike_R","Defend_R","Defend_R","Defend_R","Defend_R","Bash","Offering+1","Sword Boomerang","Spot Weakness+1","Intimidate","Berserk+1","Twin Strike","Body Slam+1","Exhume","Headbutt","Shame","J.A.X."],"relics":["Burning Blood","InkBottle","Blue Candle","TungstenRod","Black Star","Pen Nib","HornCleat","Happy Flower"],"acts_visited":["Exordium","TheCity"],"potions_floor_usage":[14,16],"damage_taken":[{"damage":7.0,"enemies":"2 Louse","floor":1.0,"turns":2.0},{"damage":6,"enemies":"Small Slimes","floor":7,"turns":2},{"damage":19,"enemies":"3 Sentries","floor":8,"turns":4},{"damage":6,"enemies":"Cultist","floor":10,"turns":2},{"damage":8,"enemies":"3 Louse","floor":11,"turns":3},{"damage":6,"enemies":"2 Fungi Beasts","floor":13,"turns":2},{"damage":17,"enemies":"Gremlin Nob","floor":14,"turns":3},{"damage":36,"enemies":"Slime Boss","floor":16,"turns":10},{"damage":18,"enemies":"2 Thieves","floor":18,"turns":3},{"damage":11,"enemies":"Shell Parasite","floor":22,"turns":3},{"damage":62,"enemies":"Gremlin Leader","floor":23,"turns":3}],"seed_played":"2359331137864148197","potions_obtained":[{"floor":11,"key":"ColorlessPotion"},{"floor":14,"key":"EssenceOfSteel"}],"is_trial":false,"path_per_floor":["M","$","?","?","?","R","M","E","T","M","M","R","M","E","R","B",null,"M","$","?","?","M","E"],"character_chosen":"IRONCLAD","items_purchased":["Spot Weakness","Pen Nib","HornCleat"],"campfire_rested":0,"item_purchase_floors":[2,19,19],"current_hp_per_floor":[71,71,76,65,65,65,65,52,52,52,50,50,50,39,39,9,77,65,65,65,65,60,0,0],"gold":52,"neow_bonus":"THREE_RARE_CARDS","is_daily":false,"chose_seed":false,"campfire_upgraded":3,"win_rate":0.0,"timestamp":1612187068,"path_taken":["M","$","?","?","?","R","?","E","T","M","M","R","M","E","R","BOSS","M","$","?","?","M","E"],"items_purchased_type":["Card","Relic","Relic"],"build_version":"2020-12-22","purchased_purges":0,"victory":false,"max_hp_per_floor":[72,72,77,77,77,77,77,77,77,77,77,77,77,77,77,77,77,77,77,77,77,77,77,77],"relic_stats":{"Happy Flower":[2],"counters":[11,37],"Blue Candle":[2],"Pen Nib":[1],"Black Star":0,"obtain_stats":[{"HornCleat":19,"Happy Flower":20,"Blue Candle":9,"Pen Nib":19,"Black Star":17,"Burning Blood":0,"InkBottle":8,"TungstenRod":14},{"HornCleat":9,"Happy Flower":9,"Blue Candle":3,"Pen Nib":9,"Black Star":8,"Burning Blood":0,"InkBottle":3,"TungstenRod":7},{"HornCleat":31,"Happy Flower":31,"Blue Candle":8,"Pen Nib":31,"Black Star":28,"Burning Blood":0,"InkBottle":8,"TungstenRod":18}],"Burning Blood":60,"InkBottle":[11],"TungstenRod":22},"card_choices":[{"not_picked":["Feed","Limit Break"],"picked":"Offering","floor":0.0},{"not_picked":["Pommel Strike","Dark Embrace"],"picked":"Sword Boomerang","floor":1.0},{"not_picked":["Carnage","Blood for Blood"],"picked":"Intimidate","floor":7},{"not_picked":["Thunderclap","Dropkick"],"picked":"Berserk","floor":8},{"not_picked":["Iron Wave","Rampage"],"picked":"Twin Strike","floor":10},{"not_picked":["Perfected Strike","Shrug It Off","Feel No Pain"],"picked":"SKIP","floor":11},{"not_picked":["Shrug It Off","Wild Strike","Power Through"],"picked":"SKIP","floor":13},{"not_picked":["Second Wind","Impervious"],"picked":"Body Slam","floor":14},{"not_picked":["Corruption","Bludgeon"],"picked":"Exhume","floor":16},{"not_picked":["Cleave","Wild Strike"],"picked":"Headbutt","floor":18},{"not_picked":["Body Slam","Clothesline","Headbutt"],"picked":"SKIP","floor":22}],"player_experience":25390,"relics_obtained":[{"floor":8,"key":"InkBottle"},{"floor":9,"key":"Blue Candle"},{"floor":14,"key":"TungstenRod"}],"event_choices":[{"damage_healed":0.0,"max_hp_gain":5.0,"max_hp_loss":0.0,"gold_gain":0.0,"event_name":"Big Fish","player_choice":"Donut","floor":3.0,"gold_loss":0.0,"damage_taken":0.0},{"damage_healed":0.0,"max_hp_gain":0.0,"max_hp_loss":0.0,"gold_gain":75.0,"event_name":"World of Goop","player_choice":"Gather Gold","floor":4.0,"gold_loss":0.0,"damage_taken":11.0},{"damage_healed":0.0,"max_hp_gain":0.0,"max_hp_loss":0.0,"gold_gain":0.0,"event_name":"Accursed Blacksmith","player_choice":"Forge","floor":5.0,"gold_loss":0.0,"damage_taken":0.0,"cards_upgraded":["Offering"]},{"damage_healed":0,"gold_gain":0,"player_choice":"Stole Relic","damage_taken":0,"relics_obtained":["Happy Flower"],"max_hp_gain":0,"max_hp_loss":0,"event_name":"Addict","floor":20,"gold_loss":0,"cards_obtained":["Shame"]},{"damage_healed":0,"gold_gain":0,"player_choice":"Obtain J.A.X.","damage_taken":0,"max_hp_gain":0,"max_hp_loss":0,"event_name":"Drug Dealer","floor":21,"gold_loss":0,"cards_obtained":["J.A.X."]}],"is_beta":false,"boss_relics":[{"not_picked":["Coffee Dripper","Snecko Eye"],"picked":"Black Star"}],"items_purged_floors":[],"is_endless":false,"potions_floor_spawned":[11,14],"killed_by":"Gremlin Leader","ascension_level":0}}