{"host":"5e7lnmjco9qzk5dh","time":1612152764,"event":{"mods":["2.2 Compatiblity","AYAYA","AchievementEnabler","BaseMod","Colored Map","Colored Powertips","DeckTracker","Googly Eyes","Highlight Path","Minty Spire (QoL Compilation)","Permanent Neow","Quick Restart","Rare Cards Sparkle","StSLib","Unceasing Turn Reminder","everything is the same but u backflip on backflip","slay the spire mod where everything is the same but ironclad has a cowboy hat"],"gold_per_floor":[117,137,137,312,112,145,145,145,145,0,0,0],"floor_reached":11,"language":"ENG","playtime":337,"items_purged":["Doubt"],"score":99,"play_id":"23788979-209d-4f46-8ad5-47fff0b4394a","local_time":"20210131221244","is_ascension_mode":true,"campfire_choices":[{"data":"Defragment","floor":7,"key":"SMITH"}],"circlet_count":0,"master_deck":["Strike_B","Strike_B","Strike_B","Defend_B","Defend_B","Defend_B","Defend_B","Zap","Dualcast","Self Repair","Defragment+1","Conserve Battery","White Noise","Double Energy","Gash","Beam Cell","Steam","Gash"],"relics":["Cracked Core","NeowsBlessing","Eternal Feather","Golden Idol","Omamori","Orrery"],"acts_visited":["Exordium"],"potions_floor_usage":[],"damage_taken":[{"damage":0,"enemies":"Small Slimes","floor":1,"turns":1},{"damage":0,"enemies":"Jaw Worm","floor":2,"turns":1},{"damage":0,"enemies":"Lagavulin","floor":6,"turns":2},{"damage":59,"enemies":"Gremlin Nob","floor":11,"turns":5}],"seed_played":"2043006347360914172","potions_obtained":[{"floor":2,"key":"FocusPotion"}],"is_trial":false,"path_per_floor":["M","M","?","?","$","E","R","?","T","$","E"],"character_chosen":"DEFECT","items_purchased":["Defragment","Conserve Battery","Orrery"],"campfire_rested":0,"item_purchase_floors":[5,5,10],"current_hp_per_floor":[75,75,68,68,68,68,74,56,56,56,0,0],"gold":0,"neow_bonus":"THREE_ENEMY_KILL","is_daily":false,"chose_seed":false,"campfire_upgraded":1,"win_rate":0.0,"timestamp":1612152764,"path_taken":["M","M","?","?","$","E","R","?","T","$","E"],"items_purchased_type":["Card","Card","Relic"],"build_version":"2020-12-22","purchased_purges":1,"victory":false,"max_hp_per_floor":[75,75,75,75,75,75,75,75,75,75,75,75],"card_choices":[{"not_picked":["Steam","Turbo"],"picked":"Self Repair","floor":1},{"not_picked":["Compile Driver","Doom and Gloom","Stack"],"picked":"SKIP","floor":2},{"not_picked":["Conserve Battery","Self Repair"],"picked":"White Noise","floor":6},{"not_picked":["Steam Power","Leap"],"picked":"Double Energy","floor":10},{"not_picked":["Go for the Eyes","Sweeping Beam"],"picked":"Gash","floor":10},{"not_picked":["Leap","Hyperbeam"],"picked":"Beam Cell","floor":10},{"not_picked":["Stack","Barrage"],"picked":"Steam","floor":10},{"not_picked":["Skim","Ball Lightning"],"picked":"Gash","floor":10}],"player_experience":50643,"relics_obtained":[{"floor":6,"key":"Eternal Feather"},{"floor":9,"key":"Omamori"}],"event_choices":[{"cards_removed":["Strike_B"],"damage_healed":0,"gold_gain":0,"player_choice":"Card Removal","damage_taken":7,"max_hp_gain":0,"max_hp_loss":0,"event_name":"Golden Wing","floor":3,"gold_loss":0},{"damage_healed":0,"gold_gain":175,"player_choice":"AGREE","damage_taken":0,"max_hp_gain":0,"max_hp_loss":0,"event_name":"Liars Game","floor":4,"gold_loss":0,"cards_obtained":["Doubt"]},{"damage_healed":0,"gold_gain":0,"player_choice":"Take Damage","damage_taken":18,"relics_obtained":["Golden Idol"],"max_hp_gain":0,"max_hp_loss":0,"event_name":"Golden Idol","floor":8,"gold_loss":0}],"is_beta":false,"boss_relics":[],"items_purged_floors":[5],"is_endless":false,"potions_floor_spawned":[2],"killed_by":"Gremlin Nob","ascension_level":1}}