{"host":"3jpwrwmmgyabjceh","time":1612185623,"event":{"mods":["AchievementEnabler","BaseMod","Colored Map","Colored Powertips","Highlight Path","Minty Spire (QoL Compilation)","Quick Restart","Relic Stats","StSLib","SuperFastMode"],"gold_per_floor":[363,78,78,0,13,13,29,49,49,77,96,38,55,86,86,181,181,220,255,105,116,157,208,208,233,260,270,288,299,299,299,299,402,402,437,240,258,59,109,109,140,140,211,245,245,0,15,33,33,33,33],"floor_reached":50,"language":"ENG","playtime":1835,"items_purged":["Strike_P","Strike_P","Strike_P","Strike_P"],"score":874,"play_id":"353accf5-99fc-45c3-a25b-1279d34af3a3","local_time":"20210201162023","is_ascension_mode":true,"campfire_choices":[{"data":"Tantrum","floor":6.0,"key":"SMITH"},{"data":"TalkToTheHand","floor":15.0,"key":"SMITH"},{"data":"ThirdEye","floor":24.0,"key":"SMITH"},{"floor":30.0,"key":"REST"},{"floor":32.0,"key":"REST"},{"floor":40.0,"key":"REST"},{"floor":42.0,"key":"REST"},{"data":"1","floor":45.0,"key":"LIFT"},{"floor":49,"key":"RECALL"}],"circlet_count":0,"master_deck":["Defend_P","Defend_P","Defend_P","Defend_P","Eruption+1","Vigilance","EmptyMind","Nirvana","Tantrum+1","Protect","BowlingBash","TalkToTheHand+1","MentalFortress","FollowUp+1","FlurryOfBlows+1","SashWhip+1","Wish","Nirvana+1","CutThroughFate+1","ThirdEye+1","JustLucky+1","Adaptation+1","LikeWater+1","Weave+1","JustLucky+1","ClearTheMind","Ragnarok+1","MentalFortress+1","CutThroughFate+1","JustLucky+1","ThirdEye+1","Halt+1","CutThroughFate+1"],"relics":["HolyWater","Bronze Scales","HornCleat","Molten Egg 2","PreservedInsect","Frozen Egg 2","Tiny Chest","Bottled Lightning","Centennial Puzzle","Philosopher\u0027s Stone","Girya","Gremlin Horn","Ornamental Fan","Red Mask"],"acts_visited":["Exordium","TheCity","TheBeyond"],"potions_floor_usage":[47,48,50],"damage_taken":[{"damage":2.0,"enemies":"Jaw Worm","floor":1.0,"turns":4.0},{"damage":0.0,"enemies":"Cultist","floor":5.0,"turns":2.0},{"damage":0.0,"enemies":"2 Louse","floor":7.0,"turns":2.0},{"damage":10.0,"enemies":"Gremlin Gang","floor":8.0,"turns":2.0},{"damage":0.0,"enemies":"3 Sentries","floor":10.0,"turns":3.0},{"damage":2.0,"enemies":"2 Fungi Beasts","floor":11.0,"turns":3.0},{"damage":2.0,"enemies":"Looter","floor":13.0,"turns":3.0},{"damage":0.0,"enemies":"Gremlin Nob","floor":14.0,"turns":3.0},{"damage":4.0,"enemies":"Hexaghost","floor":16.0,"turns":6.0},{"damage":0.0,"enemies":"Shell Parasite","floor":18.0,"turns":4.0},{"damage":6.0,"enemies":"2 Thieves","floor":19.0,"turns":4.0},{"damage":5.0,"enemies":"Snake Plant","floor":21.0,"turns":3.0},{"damage":12.0,"enemies":"Chosen and Byrds","floor":22.0,"turns":4.0},{"damage":11.0,"enemies":"Slavers","floor":23.0,"turns":3.0},{"damage":0.0,"enemies":"Gremlin Leader","floor":25.0,"turns":4.0},{"damage":5.0,"enemies":"3 Cultists","floor":27.0,"turns":4.0},{"damage":4.0,"enemies":"Centurion and Healer","floor":28.0,"turns":3.0},{"damage":9.0,"enemies":"Snake Plant","floor":29.0,"turns":3.0},{"damage":9.0,"enemies":"Champ","floor":33.0,"turns":7.0},{"damage":3.0,"enemies":"Orb Walker","floor":35.0,"turns":3.0},{"damage":0.0,"enemies":"3 Darklings","floor":37.0,"turns":4.0},{"damage":54.0,"enemies":"2 Orb Walkers","floor":39.0,"turns":5.0},{"damage":6.0,"enemies":"Giant Head","floor":41.0,"turns":6.0},{"damage":11.0,"enemies":"Reptomancer","floor":44.0,"turns":4.0},{"damage":7,"enemies":"Sphere and 2 Shapes","floor":47,"turns":5},{"damage":5,"enemies":"Transient","floor":48,"turns":5},{"damage":39,"enemies":"Awakened One","floor":50,"turns":5}],"seed_played":"23265037895302391","potions_obtained":[{"floor":1.0,"key":"Weak Potion"},{"floor":5.0,"key":"Strength Potion"},{"floor":11.0,"key":"Energy Potion"},{"floor":14.0,"key":"BlessingOfTheForge"},{"floor":25.0,"key":"PowerPotion"},{"floor":39.0,"key":"Strength Potion"},{"floor":41.0,"key":"Explosive Potion"},{"floor":44.0,"key":"SkillPotion"},{"floor":47,"key":"BlessingOfTheForge"}],"is_trial":false,"path_per_floor":["M","$","?","$","M","R","M","M","T","E","M","?","M","E","R","B",null,"M","M","$","M","M","E","R","E","T","M","M","M","R","?","R","B",null,"M","$","M","$","?","R","E","R","T","E","R","?","M","M","R","B"],"character_chosen":"WATCHER","items_purchased":["Nirvana","Bronze Scales","Tantrum","ThirdEye","MentalFortress+1","JustLucky+1"],"campfire_rested":4,"item_purchase_floors":[2,2,4,20,36,38],"current_hp_per_floor":[63,63,63,63,63,63,63,53,53,53,51,51,49,49,49,45,60,60,54,54,49,37,26,26,26,26,21,17,8,27,16,37,28,60,57,57,57,57,3,24,18,39,39,28,28,28,21,16,16,0,0],"gold":33,"neow_bonus":"TWO_FIFTY_GOLD","is_daily":false,"chose_seed":false,"campfire_upgraded":3,"win_rate":0.0,"timestamp":1612185623,"path_taken":["M","$","?","?","M","R","M","M","T","E","?","?","M","E","R","BOSS","M","?","$","M","M","E","R","E","T","M","M","M","R","?","R","BOSS","M","$","M","$","?","R","E","R","T","E","R","?","M","M","R","BOSS"],"items_purchased_type":["Card","Relic","Card","Card","Card","Card"],"build_version":"2020-12-22","purchased_purges":4,"victory":false,"max_hp_per_floor":[65,65,65,65,65,65,65,65,65,65,65,65,65,65,65,65,65,65,65,65,65,65,65,65,65,65,65,65,65,65,70,70,70,70,70,70,70,70,70,70,70,70,70,70,70,70,70,70,70,70,70],"relic_stats":{"Centennial Puzzle":[33],"Gremlin Horn":[7,7],"counters":[27,104],"Ornamental Fan":[60],"Bronze Scales":[280],"Tiny Chest":0,"PreservedInsect":293,"obtain_stats":[{"Girya":39,"Gremlin Horn":41,"PreservedInsect":12,"Frozen Egg 2":14,"Centennial Puzzle":26,"HornCleat":9,"Ornamental Fan":44,"Bronze Scales":2,"HolyWater":17,"Molten Egg 2":10,"Tiny Chest":23,"Philosopher\u0027s Stone":34,"Red Mask":46,"Bottled Lightning":25,"PureWater":0},{"Girya":22,"Gremlin Horn":23,"PreservedInsect":6,"Frozen Egg 2":8,"Centennial Puzzle":15,"HornCleat":4,"Ornamental Fan":24,"Bronze Scales":1,"HolyWater":9,"Molten Egg 2":5,"Tiny Chest":14,"Philosopher\u0027s Stone":19,"Red Mask":24,"Bottled Lightning":15,"PureWater":0},{"Girya":79,"Gremlin Horn":85,"PreservedInsect":16,"Frozen Egg 2":22,"Centennial Puzzle":50,"HornCleat":10,"Ornamental Fan":89,"Bronze Scales":4,"HolyWater":28,"Molten Egg 2":13,"Tiny Chest":46,"Philosopher\u0027s Stone":67,"Red Mask":89,"Bottled Lightning":50,"PureWater":0}]},"card_choices":[{"not_picked":["JustLucky","FollowUp"],"picked":"EmptyMind","floor":1.0},{"not_picked":["FlyingSleeves","Swivel"],"picked":"Protect","floor":5.0},{"not_picked":["PathToVictory","Swivel"],"picked":"BowlingBash","floor":7.0},{"not_picked":["Crescendo","Protect"],"picked":"TalkToTheHand","floor":8.0},{"not_picked":["Indignation","PathToVictory"],"picked":"MentalFortress","floor":10.0},{"not_picked":["BattleHymn","BowlingBash+1"],"picked":"FollowUp+1","floor":11.0},{"not_picked":["ThirdEye","Establishment"],"picked":"FlurryOfBlows+1","floor":13.0},{"not_picked":["Consecrate+1","ReachHeaven+1"],"picked":"SashWhip+1","floor":14.0},{"not_picked":["MasterReality+1","Brilliance+1"],"picked":"Wish","floor":16.0},{"not_picked":["CrushJoints+1","Indignation"],"picked":"Nirvana+1","floor":18.0},{"not_picked":["Adaptation+1","InnerPeace+1"],"picked":"CutThroughFate+1","floor":19.0},{"not_picked":["Halt+1","CrushJoints+1"],"picked":"JustLucky+1","floor":21.0},{"not_picked":["Swivel","PathToVictory"],"picked":"Adaptation+1","floor":22.0},{"not_picked":["Halt","PathToVictory"],"picked":"LikeWater+1","floor":23.0},{"not_picked":["Nirvana+1","CrushJoints+1"],"picked":"Weave+1","floor":25.0},{"not_picked":["DeceiveReality","WaveOfTheHand"],"picked":"JustLucky+1","floor":27.0},{"not_picked":["SashWhip+1","Prostrate","BowlingBash+1"],"picked":"SKIP","floor":28.0},{"not_picked":["EmptyBody","Crescendo"],"picked":"ClearTheMind","floor":29.0},{"not_picked":["Brilliance+1","MasterReality+1"],"picked":"Ragnarok+1","floor":33.0},{"not_picked":["BowlingBash+1","Sanctity+1","BattleHymn+1"],"picked":"SKIP","floor":35.0},{"not_picked":["FollowUp+1","Worship"],"picked":"CutThroughFate+1","floor":37.0},{"not_picked":["Crescendo+1","Conclude+1"],"picked":"ThirdEye+1","floor":39.0},{"not_picked":["ReachHeaven+1","Brilliance+1"],"picked":"Halt+1","floor":41.0},{"not_picked":["EmptyFist+1","Fasting2+1","Consecrate+1"],"picked":"SKIP","floor":44.0},{"not_picked":["FollowUp+1","SashWhip+1"],"picked":"CutThroughFate+1","floor":47},{"not_picked":["Pray","SashWhip+1","Brilliance+1"],"picked":"SKIP","floor":48}],"player_experience":313219,"relics_obtained":[{"floor":9.0,"key":"HornCleat"},{"floor":10.0,"key":"Molten Egg 2"},{"floor":14.0,"key":"Frozen Egg 2"},{"floor":23.0,"key":"Tiny Chest"},{"floor":25.0,"key":"Bottled Lightning"},{"floor":26.0,"key":"Centennial Puzzle"},{"floor":39.0,"key":"Girya"},{"floor":41.0,"key":"Gremlin Horn"},{"floor":44.0,"key":"Ornamental Fan"}],"event_choices":[{"damage_healed":0.0,"max_hp_gain":0.0,"max_hp_loss":0.0,"gold_gain":0.0,"event_name":"Upgrade Shrine","player_choice":"Upgraded","floor":3.0,"gold_loss":0.0,"damage_taken":0.0,"cards_upgraded":["Eruption"]},{"damage_healed":0.0,"max_hp_gain":0.0,"max_hp_loss":0.0,"gold_gain":0.0,"event_name":"WeMeetAgain","player_choice":"Paid Gold","floor":12.0,"gold_loss":58.0,"damage_taken":0.0,"relics_obtained":["PreservedInsect"]},{"damage_healed":0.0,"max_hp_gain":5.0,"max_hp_loss":0.0,"gold_gain":0.0,"event_name":"Forgotten Altar","player_choice":"Shed Blood","floor":31.0,"gold_loss":0.0,"damage_taken":16.0},{"damage_healed":0.0,"max_hp_gain":0.0,"max_hp_loss":0.0,"gold_gain":0.0,"event_name":"Mysterious Sphere","player_choice":"Fight","floor":39.0,"gold_loss":0.0,"damage_taken":0.0},{"damage_healed":0.0,"max_hp_gain":0.0,"max_hp_loss":0.0,"gold_gain":0.0,"event_name":"Tomb of Lord Red Mask","player_choice":"Paid","floor":46.0,"gold_loss":245.0,"damage_taken":0.0,"relics_obtained":["Red Mask"]}],"is_beta":false,"boss_relics":[{"not_picked":["Calling Bell","SacredBark"],"picked":"HolyWater"},{"not_picked":["Empty Cage","Tiny House"],"picked":"Philosopher\u0027s Stone"}],"items_purged_floors":[2,20,36,38],"is_endless":false,"potions_floor_spawned":[1,5,11,14,16,18,19,25,33,39,41,44,47],"killed_by":"Awakened One","ascension_level":7}}