{"host":"8962ghaoa8fyttvy","time":1612173092,"event":{"mods":["2.2 Compatiblity","AchievementEnabler","BaseMod","Bestiary","Colored Map","Colored Powertips","Curses Come First","Highlight Path","Keyboard Shortcuts","Minty Spire (QoL Compilation)","Relic Stats","Slay the Relics Exporter","StSLib","SuperFastMode"],"gold_per_floor":[116,116,116,139,151,178,22,32,32,32,48,74,92,106,106,211,211,229,191,191,201,220,220,255,255,255,47,47,59,59,59,59],"floor_reached":31,"language":"ENG","playtime":1162,"items_purged":["Strike_G"],"score":290,"play_id":"dca82f88-c3e5-4581-8f70-2af41063ae58","local_time":"20210201045132","is_ascension_mode":false,"campfire_choices":[{"data":"Poisoned Stab","floor":10,"key":"SMITH"},{"data":"After Image","floor":15,"key":"SMITH"},{"data":"Catalyst","floor":23,"key":"SMITH"}],"circlet_count":0,"master_deck":["Strike_G+1","Strike_G","Strike_G","Strike_G","Defend_G","Defend_G","Defend_G+1","Defend_G","Survivor","Neutralize","Poisoned Stab+1","Dagger Throw","Bane","Quick Slash","Poisoned Stab","After Image+1","Finisher","Quick Slash","CurseOfTheBell","Poisoned Stab+1","Deadly Poison","Catalyst+1","Noxious Fumes"],"relics":["Ring of the Snake","Lantern","Pear","Membership Card","Blood Vial","Eternal Feather","Calling Bell","Potion Belt","Meat on the Bone","Girya","Paper Crane","Dream Catcher","Bottled Flame","Kunai"],"acts_visited":["Exordium","TheCity"],"potions_floor_usage":[13,16,24,31,31],"damage_taken":[{"damage":0,"enemies":"Small Slimes","floor":1,"turns":3},{"damage":0,"enemies":"Jaw Worm","floor":5,"turns":2},{"damage":12,"enemies":"Lagavulin","floor":6,"turns":8},{"damage":0,"enemies":"Cultist","floor":8,"turns":2},{"damage":10,"enemies":"Exordium Thugs","floor":11,"turns":4},{"damage":24,"enemies":"3 Sentries","floor":12,"turns":8},{"damage":9,"enemies":"Lots of Slimes","floor":13,"turns":4},{"damage":0,"enemies":"2 Fungi Beasts","floor":14,"turns":1},{"damage":32,"enemies":"The Guardian","floor":16,"turns":9},{"damage":21,"enemies":"3 Byrds","floor":18,"turns":7},{"damage":9,"enemies":"Shell Parasite","floor":21,"turns":4},{"damage":27,"enemies":"Centurion and Healer","floor":22,"turns":6},{"damage":34,"enemies":"Book of Stabbing","floor":24,"turns":5},{"damage":36,"enemies":"Snake Plant","floor":29,"turns":3},{"damage":23,"enemies":"Sentry and Sphere","floor":31,"turns":4}],"seed_played":"4136906821769196933","potions_obtained":[{"floor":5,"key":"Poison Potion"},{"floor":11,"key":"GamblersBrew"},{"floor":13,"key":"Fruit Juice"},{"floor":18,"key":"DistilledChaos"},{"floor":21,"key":"DistilledChaos"}],"is_trial":false,"path_per_floor":["M","?","?","T","M","E","$","M","T","R","M","E","M","M","R","B",null,"M","$","T","M","M","R","E","?","T","$","?","M","?","M"],"character_chosen":"THE_SILENT","items_purchased":["Membership Card","Kunai","Noxious Fumes","Terror"],"campfire_rested":0,"item_purchase_floors":[7,27,27,27],"current_hp_per_floor":[70,70,56,56,56,54,54,54,54,54,46,24,22,24,33,3,85,64,64,64,57,44,56,36,36,36,36,36,14,14,0,0],"gold":59,"neow_bonus":"REMOVE_CARD","is_daily":false,"chose_seed":false,"campfire_upgraded":3,"win_rate":0.0,"timestamp":1612173092,"path_taken":["M","?","?","?","?","E","?","M","T","R","M","E","M","M","R","BOSS","M","$","?","M","M","R","E","?","T","?","?","M","?","?"],"items_purchased_type":["Relic","Relic","Card","Card"],"build_version":"2020-12-22","purchased_purges":1,"victory":false,"max_hp_per_floor":[70,70,70,70,70,80,80,80,80,80,80,80,85,85,85,85,85,85,85,85,85,85,85,85,85,85,85,85,85,85,85,85],"relic_stats":{"Blood Vial":20,"Dream Catcher":0,"counters":[15,70],"Eternal Feather":21,"Kunai":[3],"obtain_stats":[{"Potion Belt":17,"Girya":17,"Lantern":4,"Pear":6,"Eternal Feather":12,"Paper Crane":20,"Blood Vial":9,"Calling Bell":17,"Dream Catcher":24,"Bottled Flame":26,"Membership Card":7,"Kunai":27,"Ring of the Snake":0,"Meat on the Bone":17},{"Potion Belt":9,"Girya":9,"Lantern":1,"Pear":3,"Eternal Feather":6,"Paper Crane":10,"Blood Vial":4,"Calling Bell":9,"Dream Catcher":13,"Bottled Flame":13,"Membership Card":3,"Kunai":13,"Ring of the Snake":0,"Meat on the Bone":9},{"Potion Belt":41,"Girya":41,"Lantern":3,"Pear":13,"Eternal Feather":27,"Paper Crane":48,"Blood Vial":15,"Calling Bell":41,"Dream Catcher":63,"Bottled Flame":63,"Membership Card":13,"Kunai":63,"Ring of the Snake":0,"Meat on the Bone":41}],"Ring of the Snake":[30],"Meat on the Bone":36},"card_choices":[{"not_picked":["Dash","Backflip"],"picked":"Poisoned Stab","floor":1},{"not_picked":["Backflip","Dodge and Roll"],"picked":"Dagger Throw","floor":5},{"not_picked":["Blade Dance","Infinite Blades"],"picked":"Bane","floor":6},{"not_picked":["Blade Dance","Dagger Throw"],"picked":"Quick Slash","floor":8},{"not_picked":["Backflip","Deadly Poison"],"picked":"Poisoned Stab","floor":11},{"not_picked":["Dash","Underhanded Strike"],"picked":"After Image","floor":12},{"not_picked":["Eviscerate","Reflex"],"picked":"Finisher","floor":13},{"not_picked":["Dagger Spray","Eviscerate"],"picked":"Quick Slash","floor":14},{"not_picked":["Underhanded Strike+1","Reflex"],"picked":"Poisoned Stab+1","floor":18},{"not_picked":["Leg Sweep+1","Sucker Punch"],"picked":"Deadly Poison","floor":21},{"not_picked":["Blur+1","Sucker Punch"],"picked":"Catalyst","floor":22},{"not_picked":["Flechettes","Deflect","Caltrops"],"picked":"SKIP","floor":24},{"not_picked":["Slice","Outmaneuver","Caltrops"],"picked":"SKIP","floor":29}],"player_experience":10513,"relics_obtained":[{"floor":4,"key":"Lantern"},{"floor":6,"key":"Pear"},{"floor":9,"key":"Blood Vial"},{"floor":12,"key":"Eternal Feather"},{"floor":17,"key":"Potion Belt"},{"floor":17,"key":"Meat on the Bone"},{"floor":17,"key":"Girya"},{"floor":20,"key":"Paper Crane"},{"floor":24,"key":"Dream Catcher"},{"floor":26,"key":"Bottled Flame"}],"event_choices":[{"damage_healed":0,"gold_gain":0,"player_choice":"Ignored","damage_taken":0,"max_hp_gain":0,"max_hp_loss":0,"event_name":"Liars Game","floor":2,"gold_loss":0},{"damage_healed":0,"gold_gain":0,"player_choice":"Entered Light","damage_taken":14,"max_hp_gain":0,"max_hp_loss":0,"event_name":"Shining Light","floor":3,"gold_loss":0,"cards_upgraded":["Strike_G","Defend_G"]},{"damage_healed":0,"gold_gain":0,"player_choice":"Ignored","damage_taken":0,"max_hp_gain":0,"max_hp_loss":0,"event_name":"Ghosts","floor":25,"gold_loss":0},{"cards_removed":["Terror"],"damage_healed":0,"gold_gain":0,"player_choice":"Elegance","damage_taken":0,"max_hp_gain":0,"max_hp_loss":0,"event_name":"Back to Basics","floor":28,"gold_loss":0}],"is_beta":false,"boss_relics":[{"not_picked":["Busted Crown","Runic Pyramid"],"picked":"Calling Bell"}],"items_purged_floors":[19],"is_endless":false,"potions_floor_spawned":[5,11,13,18,21],"killed_by":"Sentry and Sphere","ascension_level":0}}