{"host":"kh6fvhxn285ncg0o","time":1612166428,"event":{"mods":["Act Like it!","BaseMod","Colored Map","Friendly Minions","Keyboard Shortcuts","Minty Spire (QoL Compilation)","Quick Restart","Relic Stats","StSLib","SuperFastMode","UnlockEverythingMod"],"gold_per_floor":[369,369,27,27,44,44,79,98,98,98,118,451,451,468,468,541,541,553,282,300,311,226,226,253,253,253,10,10,10,21,21,21,96,96,112,130,49,64,75,105,105,137,137,170,170,196,196,227,227,227,227,227,227,22,53,53],"floor_reached":57,"language":"KOR","playtime":2028,"items_purged":["Strike_R","Strike_R","Impervious"],"score":3677,"play_id":"2989d5a9-0eca-4fce-a227-78d2226ebfb3","local_time":"20210201170028","is_ascension_mode":true,"campfire_choices":[{"data":"Combust","floor":6.0,"key":"SMITH"},{"data":"Blood for Blood","floor":10.0,"key":"SMITH"},{"data":"Bash","floor":13.0,"key":"SMITH"},{"data":"Barricade","floor":15.0,"key":"SMITH"},{"floor":23,"key":"REST"},{"data":"Dark Embrace","floor":25,"key":"SMITH"},{"data":"Offering","floor":28,"key":"SMITH"},{"data":"Power Through","floor":32,"key":"SMITH"},{"data":"Entrench","floor":41,"key":"SMITH"},{"data":"Body Slam","floor":45,"key":"SMITH"},{"floor":49,"key":"RECALL"},{"data":"Feel No Pain","floor":53,"key":"SMITH"}],"circlet_count":0,"master_deck":["AscendersBane","Strike_R","Strike_R","Defend_R","Defend_R+1","Defend_R+1","Defend_R","Bash+1","Shrug It Off+1","Combust+1","Blood for Blood+1","Burning Pact","Barricade+1","Dark Embrace+1","Feed","Flame Barrier+1","Second Wind+1","Seeing Red","Impervious","Power Through+1","Offering+1","Battle Trance","Feel No Pain+1","Shockwave","Entrench+1","Body Slam+1","Evolve"],"relics":["Burning Blood","Eternal Feather","WingedGreaves","Mango","Old Coin","Runic Dome","Pen Nib","Toy Ornithopter","Gremlin Horn","War Paint","Orrery","SlaversCollar","HornCleat","Self Forming Clay","Bottled Lightning","Frozen Egg 2","Akabeko"],"acts_visited":["Exordium","TheCity","TheBeyond","TheEnding"],"potions_floor_usage":[39,44,48,56],"damage_taken":[{"damage":6.0,"enemies":"2 Louse","floor":1.0,"turns":4.0},{"damage":0.0,"enemies":"Cultist","floor":5.0,"turns":4.0},{"damage":28.0,"enemies":"Gremlin Nob","floor":7.0,"turns":4.0},{"damage":9.0,"enemies":"Jaw Worm","floor":8.0,"turns":4.0},{"damage":7.0,"enemies":"Exordium Wildlife","floor":11.0,"turns":3.0},{"damage":16.0,"enemies":"Lagavulin","floor":12.0,"turns":6.0},{"damage":3.0,"enemies":"Blue Slaver","floor":14.0,"turns":6.0},{"damage":39.0,"enemies":"Slime Boss","floor":16.0,"turns":7.0},{"damage":16.0,"enemies":"3 Byrds","floor":18.0,"turns":4.0},{"damage":26.0,"enemies":"Chosen","floor":20.0,"turns":9.0},{"damage":31,"enemies":"Centurion and Healer","floor":21,"turns":9},{"damage":35,"enemies":"Slavers","floor":24,"turns":7},{"damage":6,"enemies":"Snecko","floor":30,"turns":7},{"damage":6,"enemies":"Champ","floor":33,"turns":18},{"damage":6,"enemies":"3 Shapes","floor":35,"turns":5},{"damage":23,"enemies":"3 Darklings","floor":36,"turns":9},{"damage":6,"enemies":"Spire Growth","floor":38,"turns":6},{"damage":18,"enemies":"Jaw Worm Horde","floor":39,"turns":7},{"damage":0,"enemies":"Nemesis","floor":40,"turns":9},{"damage":6,"enemies":"Giant Head","floor":42,"turns":8},{"damage":0,"enemies":"Reptomancer","floor":44,"turns":6},{"damage":11,"enemies":"Giant Head","floor":46,"turns":7},{"damage":6,"enemies":"Nemesis","floor":48,"turns":5},{"damage":6,"enemies":"Donu and Deca","floor":50,"turns":7},{"damage":6,"enemies":"Time Eater","floor":51,"turns":8},{"damage":6,"enemies":"Shield and Spear","floor":55,"turns":7},{"damage":20,"enemies":"The Heart","floor":56,"turns":10}],"seed_played":"-4715001195432543375","potions_obtained":[{"floor":4.0,"key":"EssenceOfSteel"},{"floor":4.0,"key":"EssenceOfSteel"},{"floor":7.0,"key":"SteroidPotion"},{"floor":8.0,"key":"Regen Potion"},{"floor":11.0,"key":"EssenceOfSteel"},{"floor":12.0,"key":"Energy Potion"},{"floor":14.0,"key":"LiquidMemories"},{"floor":20,"key":"SkillPotion"},{"floor":38,"key":"SteroidPotion"},{"floor":42,"key":"PowerPotion"},{"floor":46,"key":"Fruit Juice"},{"floor":48,"key":"BlessingOfTheForge"}],"is_trial":false,"path_per_floor":["M","?","$","?","M","R","E","M","T","R","M","E","R","M","R","B",null,"M","$","M","M","?","R","E","R","T","$","R","?","M","?","R","B",null,"M","M","$","M","M","E","R","E","T","E","R","E","?","E","R","B","B",null,"R","$","E","B",null],"character_chosen":"IRONCLAD","items_purchased":["Eternal Feather","Pen Nib","Orrery","Feel No Pain","Evolve","Ancient Potion"],"campfire_rested":1,"item_purchase_floors":[3,19,27,27,37,54],"current_hp_per_floor":[50,27,27,27,33,39,17,14,28,34,42,32,41,44,53,20,72,65,65,48,26,26,64,35,47,47,47,62,62,65,65,80,80,96,99,85,85,88,84,90,105,108,108,119,119,114,114,124,124,127,130,130,130,130,133,127],"gold":53,"neow_bonus":"TWO_FIFTY_GOLD","is_daily":false,"chose_seed":false,"campfire_upgraded":10,"win_rate":0.0,"timestamp":1612166428,"path_taken":["M","?","$","?","M","R","E","M","T","R","M","E","R","?","R","BOSS","M","$","M","M","?","R","E","R","T","$","R","?","?","?","R","BOSS","M","?","?","M","M","E","R","E","T","E","R","E","?","E","R","BOSS","BOSS","R","$","E","BOSS"],"items_purchased_type":["Relic","Relic","Relic","Card","Card","Potion"],"build_version":"2020-12-22","purchased_purges":3,"victory":true,"max_hp_per_floor":[75,75,75,75,75,75,75,75,89,89,89,89,89,89,89,89,89,92,92,95,98,98,98,98,98,98,98,98,98,101,101,101,101,101,104,107,107,110,113,113,113,116,116,119,119,119,119,124,124,127,130,130,130,130,133,136],"relic_stats":{"Gremlin Horn":[11,14],"counters":[27,186],"Self Forming Clay":[42],"Eternal Feather":96,"Pen Nib":[15],"War Paint":["Defend_R","Flame Barrier"],"obtain_stats":[{"Gremlin Horn":24,"Self Forming Clay":42,"Eternal Feather":3,"Mango":9,"Pen Nib":19,"War Paint":26,"Frozen Egg 2":46,"Burning Blood":0,"Akabeko":48,"Old Coin":12,"Runic Dome":17,"SlaversCollar":34,"HornCleat":40,"Orrery":27,"WingedGreaves":7,"Bottled Lightning":44,"Toy Ornithopter":22},{"Gremlin Horn":12,"Self Forming Clay":20,"Eternal Feather":1,"Mango":4,"Pen Nib":9,"War Paint":12,"Frozen Egg 2":22,"Burning Blood":0,"Akabeko":23,"Old Coin":6,"Runic Dome":8,"SlaversCollar":14,"HornCleat":19,"Orrery":12,"WingedGreaves":3,"Bottled Lightning":21,"Toy Ornithopter":11},{"Gremlin Horn":67,"Self Forming Clay":136,"Eternal Feather":4,"Mango":16,"Pen Nib":42,"War Paint":67,"Frozen Egg 2":149,"Burning Blood":0,"Akabeko":154,"Old Coin":25,"Runic Dome":38,"SlaversCollar":92,"HornCleat":128,"Orrery":67,"WingedGreaves":12,"Bottled Lightning":142,"Toy Ornithopter":60}],"Burning Blood":159,"Toy Ornithopter":20},"card_choices":[{"not_picked":["Heavy Blade","Clothesline"],"picked":"Shrug It Off","floor":1.0},{"not_picked":["Infernal Blade","Thunderclap"],"picked":"Combust","floor":5.0},{"not_picked":["Hemokinesis","Clash"],"picked":"Blood for Blood","floor":7.0},{"not_picked":["Sword Boomerang","Thunderclap"],"picked":"Burning Pact","floor":8.0},{"not_picked":["Anger","Clothesline"],"picked":"Impervious","floor":11.0},{"not_picked":["Heavy Blade","Cleave"],"picked":"Barricade","floor":12.0},{"not_picked":["Warcry","Shockwave"],"picked":"Dark Embrace","floor":14.0},{"not_picked":["Demon Form","Reaper"],"picked":"Feed","floor":16.0},{"not_picked":["Rupture","Sword Boomerang"],"picked":"Flame Barrier","floor":18.0},{"not_picked":["Rupture","Cleave","Thunderclap"],"picked":"SKIP","floor":20},{"not_picked":["Clash","Clothesline"],"picked":"Second Wind+1","floor":21},{"not_picked":["Twin Strike+1","Pommel Strike"],"picked":"Seeing Red","floor":24},{"not_picked":["Havoc","Infernal Blade"],"picked":"Impervious","floor":27},{"not_picked":["Ghostly Armor","True Grit"],"picked":"Power Through","floor":27},{"not_picked":["Sword Boomerang","Seeing Red"],"picked":"Offering","floor":27},{"not_picked":["Warcry","Cleave+1"],"picked":"Battle Trance","floor":27},{"not_picked":["Combust","Sentinel"],"picked":"Shockwave","floor":30},{"not_picked":["Rage+1","Wild Strike"],"picked":"Entrench","floor":35},{"not_picked":["Headbutt+1","Searing Blow"],"picked":"Body Slam","floor":36},{"not_picked":["Heavy Blade+1","Flex","Perfected Strike"],"picked":"SKIP","floor":38},{"not_picked":["Thunderclap","Dual Wield","Barricade"],"picked":"SKIP","floor":42},{"not_picked":["Armaments+1","Reaper","Shrug It Off"],"picked":"SKIP","floor":44},{"not_picked":["Fire Breathing+1","Warcry","Thunderclap"],"picked":"SKIP","floor":46},{"not_picked":["Cleave","Heavy Blade","Thunderclap"],"picked":"SKIP","floor":48},{"not_picked":["Uppercut","Flex","Havoc+1"],"picked":"SKIP","floor":55}],"player_experience":1314877,"relics_obtained":[{"floor":7.0,"key":"WingedGreaves"},{"floor":9.0,"key":"Mango"},{"floor":12.0,"key":"Old Coin"},{"floor":24,"key":"Gremlin Horn"},{"floor":26,"key":"War Paint"},{"floor":40,"key":"HornCleat"},{"floor":42,"key":"Self Forming Clay"},{"floor":44,"key":"Bottled Lightning"},{"floor":46,"key":"Frozen Egg 2"},{"floor":48,"key":"Akabeko"}],"event_choices":[{"damage_healed":0.0,"max_hp_gain":0.0,"max_hp_loss":0.0,"gold_gain":0.0,"event_name":"Shining Light","player_choice":"Entered Light","floor":2.0,"gold_loss":0.0,"damage_taken":23.0,"cards_upgraded":["Defend_R","Shrug It Off"]},{"damage_healed":0.0,"max_hp_gain":0.0,"max_hp_loss":0.0,"gold_gain":0.0,"event_name":"Lab","player_choice":"Got Potions","floor":4.0,"gold_loss":0.0,"damage_taken":0.0},{"damage_healed":0,"gold_gain":0,"player_choice":"Obtained Relic","damage_taken":0,"relics_obtained":["Toy Ornithopter"],"max_hp_gain":0,"max_hp_loss":0,"event_name":"Addict","floor":22,"gold_loss":85},{"damage_healed":0,"gold_gain":0,"player_choice":"Ignored","damage_taken":0,"max_hp_gain":0,"max_hp_loss":0,"event_name":"Vampires","floor":29,"gold_loss":0},{"cards_removed":["Strike_R"],"damage_healed":0,"gold_gain":0,"player_choice":"Purged","damage_taken":0,"max_hp_gain":0,"max_hp_loss":0,"event_name":"Purifier","floor":31,"gold_loss":0},{"damage_healed":0,"gold_gain":0,"player_choice":"Ignored","damage_taken":0,"max_hp_gain":0,"max_hp_loss":0,"event_name":"Tomb of Lord Red Mask","floor":47,"gold_loss":0}],"is_beta":false,"boss_relics":[{"not_picked":["Busted Crown","Black Star"],"picked":"Runic Dome"},{"not_picked":["Runic Pyramid","Black Blood"],"picked":"SlaversCollar"}],"items_purged_floors":[3,19,54],"is_endless":false,"potions_floor_spawned":[7,8,11,12,14,20,38,42,46,48,55],"ascension_level":20}}