{"host":"r3islh0l1a1ykxfu","time":1612214457,"event":{"mods":["BaseMod","Bestiary","Colored Map","Colored Powertips","Highlight Path","Minty Spire (QoL Compilation)","Relic Stats","Slay-I"],"gold_per_floor":[110,110,126,141,161,191,191,220,301,301,316,332,332,351,351,446,446,457,162,181,195,120,120,147,147,147,147,164,180,180,30,30,133,133,153,153,172,172,188,218,218,218,218],"floor_reached":42,"language":"ENG","playtime":5450,"items_purged":["Defend_R","Defend_R"],"score":529,"play_id":"69db09f4-c321-4d5f-a363-331678c9821f","local_time":"20210201152057","is_ascension_mode":true,"campfire_choices":[{"floor":7.0,"key":"REST"},{"data":"Armaments","floor":10.0,"key":"SMITH"},{"data":"Rupture","floor":15.0,"key":"SMITH"},{"data":"Armaments","floor":23.0,"key":"SMITH"},{"data":"Limit Break","floor":25.0,"key":"SMITH"},{"data":"Demon Form","floor":32.0,"key":"SMITH"}],"circlet_count":0,"master_deck":["Strike_R","Strike_R","Strike_R","Strike_R","Defend_R","Defend_R","Bash","Carnage","Headbutt","Dropkick","Armaments+1","Thunderclap","Flame Barrier","Bludgeon","Armaments+1","Rupture+1","Demon Form+1","Sword Boomerang","Iron Wave+1","Cleave","Limit Break+1","RitualDagger","Shrug It Off","Reaper","Flash of Steel","Sword Boomerang"],"relics":["Burning Blood","Happy Flower","Oddly Smooth Stone","Ice Cream","Shuriken","WarpedTongs","Snecko Eye","Red Skull","Anchor","TungstenRod","Boot","Empty Cage","Akabeko"],"acts_visited":["Exordium","TheCity","TheBeyond"],"potions_floor_usage":[],"damage_taken":[{"damage":10.0,"enemies":"Small Slimes","floor":1.0,"turns":4.0},{"damage":0.0,"enemies":"2 Louse","floor":3.0,"turns":2.0},{"damage":0.0,"enemies":"Cultist","floor":4.0,"turns":2.0},{"damage":16.0,"enemies":"Lots of Slimes","floor":5.0,"turns":5.0},{"damage":30.0,"enemies":"Lagavulin","floor":6.0,"turns":5.0},{"damage":32.0,"enemies":"3 Sentries","floor":8.0,"turns":7.0},{"damage":4.0,"enemies":"Exordium Thugs","floor":11.0,"turns":6.0},{"damage":8.0,"enemies":"Blue Slaver","floor":12.0,"turns":2.0},{"damage":4.0,"enemies":"2 Fungi Beasts","floor":14.0,"turns":4.0},{"damage":34.0,"enemies":"The Guardian","floor":16.0,"turns":7.0},{"damage":12.0,"enemies":"Shell Parasite","floor":18.0,"turns":3.0},{"damage":4.0,"enemies":"Spheric Guardian","floor":20.0,"turns":3.0},{"damage":15.0,"enemies":"Chosen and Byrds","floor":21.0,"turns":4.0},{"damage":7.0,"enemies":"Book of Stabbing","floor":24.0,"turns":4.0},{"damage":12.0,"enemies":"Snake Plant","floor":28.0,"turns":2.0},{"damage":9.0,"enemies":"Snecko","floor":29.0,"turns":3.0},{"damage":2.0,"enemies":"Champ","floor":33.0,"turns":6.0},{"damage":7.0,"enemies":"3 Darklings","floor":35.0,"turns":4.0},{"damage":19.0,"enemies":"3 Shapes","floor":37.0,"turns":4.0},{"damage":0.0,"enemies":"Maw","floor":39.0,"turns":4.0},{"damage":21.0,"enemies":"Nemesis","floor":40.0,"turns":4.0},{"damage":88,"enemies":"Giant Head","floor":42,"turns":6}],"seed_played":"-6512780103906965279","potions_obtained":[{"floor":4.0,"key":"ElixirPotion"},{"floor":6.0,"key":"SkillPotion"},{"floor":12.0,"key":"Explosive Potion"},{"floor":14.0,"key":"HeartOfIron"},{"floor":20.0,"key":"Dexterity Potion"},{"floor":29.0,"key":"SteroidPotion"},{"floor":39.0,"key":"ElixirPotion"},{"floor":40.0,"key":"SteroidPotion"}],"is_trial":false,"path_per_floor":["M","?","M","M","M","E","R","E","T","R","M","M","?","M","R","B",null,"M","$","M","M","?","R","E","R","T","?","M","M","?","$","R","B",null,"M","?","M","?","M","E","?","E"],"character_chosen":"IRONCLAD","items_purchased":["Red Skull","Rupture","Shrug It Off"],"campfire_rested":1,"item_purchase_floors":[19,19,31],"current_hp_per_floor":[76,81,85,85,75,51,76,50,50,50,52,50,50,52,52,24,85,79,79,81,72,72,72,71,71,71,71,65,62,57,57,57,61,85,84,84,71,71,85,85,85,0,0],"gold":218,"neow_bonus":"RANDOM_COMMON_RELIC","is_daily":false,"chose_seed":false,"campfire_upgraded":5,"win_rate":0.0,"timestamp":1612214457,"path_taken":["M","?","M","M","M","E","R","E","T","R","M","M","?","?","R","BOSS","M","?","?","M","?","R","E","R","T","?","M","?","?","$","R","BOSS","M","?","?","?","M","E","?","E"],"items_purchased_type":["Relic","Card","Card"],"build_version":"2020-12-22","purchased_purges":2,"victory":false,"max_hp_per_floor":[80,85,85,85,85,85,85,85,85,85,85,85,85,85,85,85,85,85,85,85,85,85,85,85,85,85,85,85,85,85,85,85,85,85,85,85,85,85,85,85,85,85,85],"relic_stats":{"Happy Flower":[30],"counters":[22,91],"Shuriken":[26],"Snecko Eye":[88,94,71,78],"Boot":[45],"obtain_stats":[{"Ice Cream":8,"Happy Flower":0,"Oddly Smooth Stone":6,"Boot":27,"Empty Cage":34,"Burning Blood":0,"Akabeko":40,"WarpedTongs":13,"Anchor":24,"Shuriken":9,"Snecko Eye":17,"Red Skull":19,"TungstenRod":26},{"Ice Cream":6,"Happy Flower":0,"Oddly Smooth Stone":5,"Boot":14,"Empty Cage":17,"Burning Blood":0,"Akabeko":21,"WarpedTongs":8,"Anchor":14,"Shuriken":6,"Snecko Eye":10,"Red Skull":11,"TungstenRod":14},{"Ice Cream":25,"Happy Flower":0,"Oddly Smooth Stone":18,"Boot":58,"Empty Cage":69,"Burning Blood":0,"Akabeko":85,"WarpedTongs":33,"Anchor":58,"Shuriken":25,"Snecko Eye":44,"Red Skull":47,"TungstenRod":58}],"Burning Blood":114,"TungstenRod":25,"WarpedTongs":[58]},"card_choices":[{"not_picked":["Twin Strike","Rupture"],"picked":"Carnage","floor":1.0},{"not_picked":["Fire Breathing","Warcry"],"picked":"Headbutt","floor":3.0},{"not_picked":["Wild Strike","Anger"],"picked":"Dropkick","floor":4.0},{"not_picked":["Sword Boomerang","Disarm"],"picked":"Armaments","floor":5.0},{"not_picked":["Evolve","Shockwave"],"picked":"Thunderclap","floor":6.0},{"not_picked":["Burning Pact","Rage"],"picked":"Flame Barrier","floor":8.0},{"not_picked":["Seeing Red","Havoc"],"picked":"Bludgeon","floor":11.0},{"not_picked":["Hemokinesis","Perfected Strike"],"picked":"Armaments","floor":12.0},{"not_picked":["Perfected Strike","Sever Soul"],"picked":"Rupture","floor":14.0},{"not_picked":["Juggernaut","Exhume"],"picked":"Demon Form","floor":16.0},{"not_picked":["Wild Strike","Metallicize"],"picked":"Sword Boomerang","floor":18.0},{"not_picked":["Feel No Pain","Intimidate"],"picked":"Iron Wave+1","floor":20.0},{"not_picked":["Clash","Flame Barrier"],"picked":"Cleave","floor":21.0},{"not_picked":["Twin Strike","Perfected Strike"],"picked":"Limit Break","floor":24.0},{"not_picked":["Rupture+1","Flex","Entrench+1"],"picked":"SKIP","floor":28.0},{"not_picked":["Havoc","Dropkick","Body Slam+1"],"picked":"SKIP","floor":29.0},{"not_picked":["Barricade","Corruption"],"picked":"Reaper","floor":33.0},{"not_picked":["True Grit","Clothesline","Havoc"],"picked":"SKIP","floor":35.0},{"not_picked":["True Grit+1","Iron Wave+1","Anger+1"],"picked":"SKIP","floor":37.0},{"not_picked":["Impatience","Bandage Up"],"picked":"Flash of Steel","floor":38.0},{"not_picked":["Dark Embrace+1","Clothesline+1"],"picked":"Sword Boomerang","floor":39.0},{"not_picked":["Clash+1","Hemokinesis+1","Fiend Fire"],"picked":"SKIP","floor":40.0}],"player_experience":1187716,"relics_obtained":[{"floor":6.0,"key":"Oddly Smooth Stone"},{"floor":8.0,"key":"Ice Cream"},{"floor":9.0,"key":"Shuriken"},{"floor":24.0,"key":"Anchor"},{"floor":26.0,"key":"TungstenRod"},{"floor":40.0,"key":"Akabeko"}],"event_choices":[{"damage_healed":0.0,"max_hp_gain":5.0,"max_hp_loss":0.0,"gold_gain":0.0,"event_name":"Big Fish","player_choice":"Donut","floor":2.0,"gold_loss":0.0,"damage_taken":0.0},{"damage_healed":0.0,"max_hp_gain":0.0,"max_hp_loss":0.0,"gold_gain":0.0,"event_name":"Accursed Blacksmith","player_choice":"Rummage","floor":13.0,"gold_loss":0.0,"damage_taken":0.0,"relics_obtained":["WarpedTongs"],"cards_obtained":["Pain"]},{"cards_removed":["Strike_R"],"damage_healed":0.0,"max_hp_gain":0.0,"max_hp_loss":0.0,"gold_gain":0.0,"event_name":"Beggar","player_choice":"Gave Gold","floor":22.0,"gold_loss":75.0,"damage_taken":0.0},{"damage_healed":0.0,"max_hp_gain":0.0,"max_hp_loss":0.0,"gold_gain":0.0,"event_name":"WeMeetAgain","player_choice":"Gave Potion","floor":27.0,"gold_loss":0.0,"damage_taken":0.0,"relics_obtained":["Boot"]},{"damage_healed":0.0,"max_hp_gain":0.0,"max_hp_loss":0.0,"gold_gain":0.0,"event_name":"Nest","player_choice":"Joined the Cult","floor":30.0,"gold_loss":0.0,"damage_taken":6.0,"cards_obtained":["RitualDagger"]},{"damage_healed":0.0,"max_hp_gain":0.0,"max_hp_loss":0.0,"gold_gain":0.0,"event_name":"Match and Keep!","player_choice":"0 cards matched","floor":36.0,"gold_loss":0.0,"damage_taken":0.0,"cards_obtained":[]},{"damage_healed":0.0,"max_hp_gain":0.0,"max_hp_loss":0.0,"gold_gain":0.0,"event_name":"SensoryStone","player_choice":"Memory 1","floor":38.0,"gold_loss":0.0,"damage_taken":0.0},{"damage_healed":0,"gold_gain":0,"player_choice":"Ignored","damage_taken":0,"max_hp_gain":0,"max_hp_loss":0,"event_name":"Mysterious Sphere","floor":41,"gold_loss":0}],"is_beta":false,"boss_relics":[{"not_picked":["Sozu","Busted Crown"],"picked":"Snecko Eye"},{"not_picked":["Tiny House","Calling Bell"],"picked":"Empty Cage"}],"items_purged_floors":[19,31],"is_endless":false,"potions_floor_spawned":[4,6,12,14,20,29,39,40],"killed_by":"Giant Head","ascension_level":3}}