{"host":"xkmvu47k9fdstweo","time":1612142352,"event":{"mods":["BaseMod","Colored Map","Conspire","HololiveMod","Hubris","Minty Spire (QoL Compilation)","Quick Restart","Shop Mod","StSLib"],"gold_per_floor":[88,103,35,48,58,58,89,116,116,145,160,173,93,113,113,227,227,259,259,259,22,43,88,115,154,154,195,211,211,238,238,238,351,351,373,373,423,115,115,171,171,214,240,240,257,296,296,308,308,323],"floor_reached":51,"language":"ENG","playtime":1919,"items_purged":["Hololive_Strike"],"score":1660,"play_id":"ebfae321-c50b-48f4-826d-55249e062aef","local_time":"20210131201912","is_ascension_mode":true,"campfire_choices":[{"data":"Hololive_CallShiranuiFlare","floor":6,"key":"SMITH"},{"floor":15,"key":"REST"},{"data":"Hololive_Yoholoon","floor":29,"key":"SMITH"},{"data":"Hololive_HuntDinosaur","floor":32,"key":"SMITH"},{"data":"Hololive_ManjiGathering","floor":41,"key":"SMITH"},{"data":"Hololive_IdolExercise","floor":47,"key":"SMITH"},{"data":"Hololive_FlareMind","floor":49,"key":"SMITH"}],"circlet_count":0,"master_deck":["Hololive_RevenueBasedLive","Hololive_Defend","Hololive_Defend","Hololive_ILoveYou","Hololive_CallOkamiMio","Hololive_CallShiranuiFlare+1","Hololive_CallArtia","Hololive_CallAiraniIofifteen","Hololive_CallArtia","Hololive_LuckPotion","Hololive_CallNatsuiroMatsuri","Hololive_CallMoonaHoshinova","Hololive_CallMinatoAqua","Hololive_HuntDinosaur+1","Hololive_CallMurasakiShion","Hololive_CallTokoyamiTowa","Hololive_CallSpadeEcho+1","Hololive_CocoNews","Hololive_CallShiranuiFlare+1","Hololive_CallHoshimachiSuisei+1","Hololive_SummonFox","Hololive_CallSpadeEcho+1","Hololive_DurableLive","Hololive_Drill+1","Hololive_CallAyundaRisu+1","Hololive_Yoholoon+1","Hololive_FlareMind+1","Hololive_Breathe","Hololive_LuckPotion","Hololive_HuntDinosaur+1","Hololive_IdolExercise+1","Hololive_CallAkiRosenthal+1","Hololive_Yoholoon+1","Hololive_CallAZKi+1","Hololive_DDD+1","Hololive_CallFriendA+1","Hololive_FlyingPonyTail","Hololive_ManjiGathering+1","Hololive_CallRoboco+1","Hololive_Drill+1","Hololive_CallDoris+1","Hololive_Nanodesu","Hololive_CallManoAloe+1","Hololive_CallYozoraMel+1"],"relics":["Hololive_TheStar","hubris:AstralHammer","Frozen Egg 2","Dream Catcher","Runic Dome","Boot","HornCleat","Tiny Chest","Ancient Tea Set","hubris:Towel","Sozu","Hololive_FriedShrimpLion","HandDrill","Centennial Puzzle","Omamori","Hololive_LightStick","Anchor"],"acts_visited":["Exordium","TheCity","TheBeyond"],"potions_floor_usage":[7,27,50],"damage_taken":[{"damage":1,"enemies":"2 Louse","floor":1,"turns":5},{"damage":0,"enemies":"Cultist","floor":2,"turns":4},{"damage":0,"enemies":"conspire:RoseBush","floor":4,"turns":3},{"damage":1,"enemies":"3 Louse","floor":5,"turns":3},{"damage":21,"enemies":"3 Sentries","floor":7,"turns":8},{"damage":0,"enemies":"Large Slime","floor":8,"turns":4},{"damage":0,"enemies":"Lagavulin","floor":10,"turns":4},{"damage":0,"enemies":"Red Slaver","floor":11,"turns":2},{"damage":0,"enemies":"Exordium Wildlife","floor":12,"turns":3},{"damage":0,"enemies":"Blue Slaver","floor":14,"turns":3},{"damage":0,"enemies":"Hexaghost","floor":16,"turns":4},{"damage":0,"enemies":"3 Byrds","floor":18,"turns":3},{"damage":0,"enemies":"Spheric Guardian","floor":22,"turns":4},{"damage":0,"enemies":"conspire:Head Lice","floor":23,"turns":6},{"damage":0,"enemies":"Centurion and Healer","floor":24,"turns":5},{"damage":0,"enemies":"conspire:SneckoGhost","floor":25,"turns":4},{"damage":0,"enemies":"conspire:Head Lice","floor":27,"turns":3},{"damage":0,"enemies":"Snecko","floor":28,"turns":3},{"damage":0,"enemies":"conspire:HollyBat","floor":30,"turns":6},{"damage":0,"enemies":"conspire:MysteriousRune","floor":33,"turns":5},{"damage":0,"enemies":"3 Shapes","floor":35,"turns":5},{"damage":0,"enemies":"Reptomancer","floor":40,"turns":5},{"damage":0,"enemies":"Nemesis","floor":42,"turns":3},{"damage":0,"enemies":"3 Darklings","floor":45,"turns":3},{"damage":0,"enemies":"Giant Head","floor":46,"turns":5},{"damage":0,"enemies":"Jaw Worm Horde","floor":48,"turns":3},{"damage":0,"enemies":"conspire:OrnateMirror","floor":50,"turns":6}],"seed_played":"-56376718274022735","potions_obtained":[{"floor":1,"key":"Fire Potion"},{"floor":2,"key":"DistilledChaos"},{"floor":5,"key":"CultistPotion"},{"floor":10,"key":"Fire Potion"},{"floor":27,"key":"Ancient Potion"},{"floor":28,"key":"SkillPotion"}],"is_trial":false,"path_per_floor":["M","M","?","M","M","R","E","M","T","E","M","M","$","M","R","B",null,"M","?","?","$","M","E","M","E","T","E","M","R","M","?","R","B",null,"M","?","T","$","?","E","R","E","T","?","M","E","R","M","R","B",null],"character_chosen":"Hololive_HololiveCharacter","items_purchased":["Hololive_CallHoshimachiSuisei+1","Hololive_Yoholoon","Hololive_FlareMind","Hololive_FlyingPonyTail","Hololive_ManjiGathering","Hololive_CallRoboco+1","HandDrill"],"campfire_rested":1,"item_purchase_floors":[13,21,21,38,38,38,38],"current_hp_per_floor":[31,31,31,31,30,30,9,9,9,9,9,9,9,9,19,19,31,31,31,31,31,34,34,34,34,34,34,34,34,37,37,37,37,40,43,43,43,43,43,43,43,43,43,43,43,46,46,46,46,47],"gold":323,"neow_bonus":"THREE_CARDS","is_daily":false,"chose_seed":false,"campfire_upgraded":6,"win_rate":0.0,"timestamp":1612142352,"path_taken":["M","M","?","?","M","R","E","M","T","E","?","M","$","M","R","BOSS","M","?","?","$","M","E","M","E","T","E","?","R","M","?","R","BOSS","M","?","?","$","?","E","R","E","T","?","?","E","R","M","R","BOSS"],"items_purchased_type":["Card","Card","Card","Card","Card","Card","Relic"],"build_version":"2020-12-22","purchased_purges":1,"victory":true,"max_hp_per_floor":[35,35,35,35,35,35,35,35,35,35,35,35,35,35,35,35,35,35,35,35,35,38,38,38,38,38,38,38,38,41,41,41,41,41,44,44,44,44,44,44,44,44,44,44,44,47,47,47,47,47],"card_choices":[{"not_picked":["Hololive_OvertimeWork","Hololive_CallAiraniIofifteen"],"picked":"Hololive_LuckPotion","floor":0},{"not_picked":["Hololive_LuckPotion","Hololive_SoulCatcher","Hololive_Rebound"],"picked":"Hololive_CallNatsuiroMatsuri","floor":1},{"not_picked":["Hololive_CallManoAloe","Hololive_Sequa","Hololive_CallYozoraMel"],"picked":"Hololive_CallMoonaHoshinova","floor":2},{"not_picked":["Hololive_Rebound","Hololive_Sequa","Hololive_CallMoonaHoshinova"],"picked":"Hololive_CallMinatoAqua","floor":4},{"not_picked":["Hololive_CallAiraniIofifteen","Hololive_Psychosis","Hololive_Trident"],"picked":"Hololive_HuntDinosaur","floor":5},{"not_picked":["Hololive_Rebound","Hololive_LuckPotion","Hololive_Breathe"],"picked":"Hololive_CallMurasakiShion","floor":7},{"not_picked":["Hololive_RevenueBasedLive","Hololive_Psychosis","Hololive_HuntDinosaur"],"picked":"Hololive_CallTokoyamiTowa","floor":8},{"not_picked":["Hololive_RevenueBasedLive","Hololive_AWSL","Hololive_BeCareful"],"picked":"Hololive_CallSpadeEcho+1","floor":10},{"not_picked":["Hololive_Trident","Hololive_CallAiraniIofifteen+1","Hololive_Sequa"],"picked":"Hololive_CocoNews","floor":11},{"not_picked":["Hololive_CocoNews","Hololive_FlyingPonyTail","Hololive_Breathe"],"picked":"Hololive_CallShiranuiFlare+1","floor":12},{"not_picked":["Hololive_CallUruhaRushia+1","Hololive_Sequa","Hololive_LuckPotion"],"picked":"Hololive_SummonFox","floor":14},{"not_picked":["Hololive_Watashimo","Hololive_LuckPotion","Hololive_Sequa"],"picked":"Hololive_CallSpadeEcho+1","floor":15},{"not_picked":["Hololive_ScarfAndHalo","Hololive_StarCraft","Hololive_BeCareful"],"picked":"Hololive_DurableLive","floor":16},{"not_picked":["Hololive_HuntDinosaur","Hololive_FlyingPonyTail+1","Hololive_Sequa"],"picked":"Hololive_Drill+1","floor":18},{"not_picked":["Hololive_RevenueBasedLive","Hololive_CallUruhaRushia+1","Hololive_Trident"],"picked":"Hololive_Breathe","floor":22},{"not_picked":["Hololive_StrengthChampion+1","Hololive_Recruit","Hololive_Rebound"],"picked":"Hololive_LuckPotion","floor":23},{"not_picked":["Hololive_FlyingPonyTail","Hololive_Teleport","Hololive_Drill"],"picked":"Hololive_HuntDinosaur+1","floor":24},{"not_picked":["Hololive_Psychosis+1","Hololive_LuckPotion+1","Hololive_Rebound+1"],"picked":"Hololive_IdolExercise","floor":25},{"not_picked":["Hololive_Watashimo+1","Hololive_LuckPotion","Hololive_CocoNews"],"picked":"Hololive_CallAkiRosenthal+1","floor":27},{"not_picked":["Hololive_LuckPotion+1","Hololive_Teleport","Hololive_SoulCatcher"],"picked":"Hololive_Yoholoon+1","floor":28},{"not_picked":["Hololive_LuckPotion","Hololive_Teleport+1","Hololive_StrengthChampion"],"picked":"Hololive_CallAZKi+1","floor":30},{"not_picked":["Hololive_HighAtkLowDef","Hololive_Rebirth","Hololive_OpenUp"],"picked":"Hololive_DDD","floor":33},{"not_picked":["Hololive_Psychosis+1","Hololive_Trident","Hololive_Rebound+1"],"picked":"Hololive_CallFriendA+1","floor":35},{"not_picked":["Hololive_SummonFox+1","Hololive_Trident+1","Hololive_OvertimeWork"],"picked":"Hololive_Drill+1","floor":40},{"not_picked":["Hololive_Watashimo+1","Hololive_FlyingPonyTail+1","Hololive_Sequa+1"],"picked":"Hololive_CallDoris+1","floor":42},{"not_picked":["Hololive_OvertimeWork","Hololive_Psychosis","Hololive_CallAZKi+1"],"picked":"Hololive_Nanodesu","floor":45},{"not_picked":["Hololive_StrengthChampion","Hololive_CallMurasakiShion+1","Hololive_OvertimeWork"],"picked":"Hololive_CallManoAloe+1","floor":46},{"not_picked":["Hololive_CallOmaruPolka+1","Hololive_Trident","Hololive_Breathe+1"],"picked":"Hololive_CallYozoraMel+1","floor":48}],"player_experience":330593,"relics_obtained":[{"floor":9,"key":"Frozen Egg 2"},{"floor":10,"key":"Dream Catcher"},{"floor":23,"key":"Boot"},{"floor":25,"key":"HornCleat"},{"floor":26,"key":"Tiny Chest"},{"floor":27,"key":"Ancient Tea Set"},{"floor":37,"key":"Hololive_FriedShrimpLion"},{"floor":40,"key":"Centennial Puzzle"},{"floor":42,"key":"Omamori"},{"floor":43,"key":"Hololive_LightStick"},{"floor":46,"key":"Anchor"}],"event_choices":[{"damage_healed":0,"gold_gain":0,"player_choice":"Paid Gold","damage_taken":0,"relics_obtained":["hubris:AstralHammer"],"max_hp_gain":0,"max_hp_loss":0,"event_name":"WeMeetAgain","floor":3,"gold_loss":68},{"cards_removed":["Hololive_Strike"],"damage_healed":0,"gold_gain":0,"player_choice":"Elegance","damage_taken":0,"max_hp_gain":0,"max_hp_loss":0,"event_name":"Back to Basics","floor":19,"gold_loss":0},{"damage_healed":0,"gold_gain":0,"player_choice":"Read","damage_taken":0,"max_hp_gain":0,"max_hp_loss":0,"event_name":"The Library","floor":20,"gold_loss":0,"cards_obtained":["Hololive_CallAyundaRisu"]},{"damage_healed":0,"gold_gain":0,"player_choice":"Upgraded","damage_taken":0,"max_hp_gain":0,"max_hp_loss":0,"event_name":"Upgrade Shrine","floor":36,"gold_loss":0,"cards_upgraded":["Hololive_DDD"]},{"damage_healed":0,"gold_gain":0,"player_choice":"Leave","damage_taken":0,"max_hp_gain":0,"max_hp_loss":0,"event_name":"conspire:Investor","floor":39,"gold_loss":0}],"is_beta":false,"boss_relics":[{"not_picked":["hubris:CrackedHourglass","Fusion Hammer"],"picked":"Runic Dome"},{"not_picked":["Runic Pyramid","Pandora\u0027s Box"],"picked":"Sozu"}],"items_purged_floors":[21],"is_endless":false,"potions_floor_spawned":[1,2,5,10,14,23,27,28,46,48],"ascension_level":8}}