{"host":"vyjryxuuuxkt43k4","time":1612190403,"event":{"mods":["AchievementEnabler","BaseMod","Colored Map","DeckTracker","Keyboard Shortcuts","Minty Spire (QoL Compilation)","Permanent Neow","Quick Restart","Rare Cards Sparkle","Relic Stats","StSLib","SuperFastMode","everything is the same but u backflip on backflip"],"gold_per_floor":[368,378,3,15,26,26,176,176,176,176,101,112,127,89,89,163,163,179,179,179,149,122,122,22,39,110,34,34,214,37,48,48,48,48],"floor_reached":33,"language":"KOR","playtime":1164,"items_purged":["Strike_G","Strike_G"],"score":499,"play_id":"c0a19d97-cf58-4b98-bdbe-e2ad040a7d87","local_time":"20210201234003","is_ascension_mode":true,"campfire_choices":[{"data":"Poisoned Stab","floor":6.0,"key":"SMITH"},{"data":"Footwork","floor":8.0,"key":"SMITH"},{"data":"Accuracy","floor":10.0,"key":"SMITH"},{"floor":15.0,"key":"REST"},{"data":"Infinite Blades","floor":23.0,"key":"SMITH"},{"data":"Dodge and Roll","floor":28.0,"key":"SMITH"},{"floor":32,"key":"REST"}],"circlet_count":0,"master_deck":["AscendersBane","Strike_G","Strike_G","Defend_G","Defend_G","Defend_G","Defend_G","Defend_G","Survivor","Neutralize","Dodge and Roll+1","Poisoned Stab+1","Accuracy+1","Footwork+1","Well Laid Plans","PiercingWail","Infinite Blades+1","Wraith Form v2","Escape Plan","Endless Agony","Accuracy","Leg Sweep","Storm of Steel","Slice","Outmaneuver+1"],"relics":["Ring of the Snake","TungstenRod","Ninja Scroll","WristBlade","Mummified Hand"],"acts_visited":["Exordium","TheCity"],"potions_floor_usage":[31,31,33],"damage_taken":[{"damage":0.0,"enemies":"2 Louse","floor":1.0,"turns":4.0},{"damage":10.0,"enemies":"Jaw Worm","floor":2.0,"turns":8.0},{"damage":0.0,"enemies":"Small Slimes","floor":4.0,"turns":4.0},{"damage":8.0,"enemies":"3 Louse","floor":5.0,"turns":6.0},{"damage":0.0,"enemies":"Looter","floor":12.0,"turns":4.0},{"damage":1.0,"enemies":"Lots of Slimes","floor":13.0,"turns":6.0},{"damage":0.0,"enemies":"Slime Boss","floor":16.0,"turns":9.0},{"damage":0.0,"enemies":"Spheric Guardian","floor":18.0,"turns":4.0},{"damage":8.0,"enemies":"2 Thieves","floor":22.0,"turns":5.0},{"damage":22.0,"enemies":"Snake Plant","floor":25.0,"turns":3.0},{"damage":0,"enemies":"Sentry and Sphere","floor":31,"turns":3},{"damage":34,"enemies":"Collector","floor":33,"turns":11}],"seed_played":"-1035727845010115436","potions_obtained":[{"floor":1.0,"key":"Swift Potion"},{"floor":4.0,"key":"PowerPotion"},{"floor":5.0,"key":"Fire Potion"},{"floor":13.0,"key":"ColorlessPotion"},{"floor":16.0,"key":"Strength Potion"},{"floor":18.0,"key":"Dexterity Potion"},{"floor":21.0,"key":"Block Potion"},{"floor":22.0,"key":"ColorlessPotion"},{"floor":31,"key":"GhostInAJar"}],"is_trial":false,"path_per_floor":["M","M","$","M","M","R","?","R","T","R","?","M","M","$","R","B",null,"M","?","?","?","M","R","$","M","T","$","R","?","$","M","R","B"],"character_chosen":"THE_SILENT","items_purchased":["TungstenRod","Infinite Blades","DuplicationPotion","Storm of Steel","Slice"],"campfire_rested":2,"item_purchase_floors":[3,14,27,30,30],"current_hp_per_floor":[44,34,34,34,26,26,26,26,26,26,26,26,25,25,44,44,61,61,61,61,61,53,53,53,31,31,31,31,15,15,15,34,0,0],"gold":48,"neow_bonus":"TWO_FIFTY_GOLD","is_daily":false,"chose_seed":false,"campfire_upgraded":5,"win_rate":0.0,"timestamp":1612190403,"path_taken":["M","M","$","M","M","R","?","R","T","R","?","M","?","$","R","BOSS","M","?","?","?","?","R","$","M","T","$","R","?","$","?","R","BOSS"],"items_purchased_type":["Relic","Card","Potion","Card","Card"],"build_version":"2020-12-22","purchased_purges":2,"victory":false,"max_hp_per_floor":[66,66,66,66,66,66,66,66,66,66,66,66,66,66,66,66,66,66,66,66,66,66,66,66,66,66,66,66,66,66,66,66,66,66],"relic_stats":{"counters":[12,67],"Mummified Hand":[17],"obtain_stats":[{"WristBlade":17,"Ninja Scroll":9,"Mummified Hand":26,"TungstenRod":3,"Ring of the Snake":0},{"WristBlade":7,"Ninja Scroll":4,"Mummified Hand":10,"TungstenRod":2,"Ring of the Snake":0},{"WristBlade":41,"Ninja Scroll":22,"Mummified Hand":53,"TungstenRod":12,"Ring of the Snake":0}],"TungstenRod":19,"Ring of the Snake":[24]},"card_choices":[{"not_picked":["Cloak And Dagger","Caltrops"],"picked":"Dodge and Roll","floor":1.0},{"not_picked":["Blur","Backstab"],"picked":"Poisoned Stab","floor":2.0},{"not_picked":["Prepared","Setup"],"picked":"Accuracy","floor":4.0},{"not_picked":["Distraction","Well Laid Plans"],"picked":"Footwork","floor":5.0},{"not_picked":["Riddle With Holes","Poisoned Stab"],"picked":"Well Laid Plans","floor":12.0},{"not_picked":["Choke","Underhanded Strike"],"picked":"PiercingWail","floor":13.0},{"not_picked":["Bullet Time","Doppelganger"],"picked":"Wraith Form v2","floor":16.0},{"not_picked":["Deadly Poison","Concentrate"],"picked":"Escape Plan","floor":18.0},{"not_picked":["PiercingWail","Riddle With Holes+1"],"picked":"Accuracy","floor":22.0},{"not_picked":["Bane+1","Dash"],"picked":"Leg Sweep","floor":25.0},{"not_picked":["Slice","Dagger Throw+1"],"picked":"Outmaneuver+1","floor":31}],"player_experience":585243,"relics_obtained":[{"floor":9.0,"key":"Ninja Scroll"},{"floor":26.0,"key":"Mummified Hand"}],"event_choices":[{"damage_healed":0.0,"max_hp_gain":0.0,"max_hp_loss":0.0,"gold_gain":150.0,"event_name":"Liars Game","player_choice":"AGREE","floor":7.0,"gold_loss":0.0,"damage_taken":0.0,"cards_obtained":["Doubt"]},{"cards_removed":["Doubt"],"damage_healed":0.0,"max_hp_gain":0.0,"max_hp_loss":0.0,"gold_gain":0.0,"event_name":"The Cleric","player_choice":"Card Removal","floor":11.0,"gold_loss":75.0,"damage_taken":0.0},{"damage_healed":0.0,"max_hp_gain":0.0,"max_hp_loss":0.0,"gold_gain":0.0,"event_name":"The Library","player_choice":"Read","floor":19.0,"gold_loss":0.0,"damage_taken":0.0,"cards_obtained":["Endless Agony"]},{"cards_removed":["Strike_G"],"damage_healed":0.0,"max_hp_gain":0.0,"max_hp_loss":0.0,"gold_gain":0.0,"event_name":"Back to Basics","player_choice":"Elegance","floor":20.0,"gold_loss":0.0,"damage_taken":0.0},{"damage_healed":0.0,"max_hp_gain":0.0,"max_hp_loss":0.0,"gold_gain":0.0,"event_name":"The Woman in Blue","player_choice":"Bought 2 Potions","floor":21.0,"gold_loss":0.0,"damage_taken":0.0},{"damage_healed":0.0,"max_hp_gain":0.0,"max_hp_loss":0.0,"gold_gain":180.0,"event_name":"Knowing Skull","player_choice":"GOLD GOLD ","floor":29.0,"potions_obtained":[],"gold_loss":0.0,"damage_taken":19.0,"cards_obtained":[]}],"is_beta":false,"boss_relics":[{"not_picked":["SacredBark","Busted Crown"],"picked":"WristBlade"}],"items_purged_floors":[3,24],"is_endless":false,"potions_floor_spawned":[1,4,5,13,16,18,22,31],"killed_by":"Collector","ascension_level":15}}