{"host":"l5zfpd2l2htson6l","time":1612158674,"event":{"mods":["AchievementEnabler","BaseMod","Colored Map","Colored Powertips","Minty Spire (QoL Compilation)","Permanent Neow","Quick Restart","Rare Cards Sparkle","Relic Stats","SuperFastMode"],"gold_per_floor":[116,116,133,133,148,174,184,184,210,210,235,250,12,39,39,116,116,116,116,116,116,116,116,116,116,116,16,16,16,16,16,16,16,16,16,16,16,16,16,16,16,16,16,16,16,16,16,16,16,16,16],"floor_reached":50,"language":"ENG","playtime":2786,"items_purged":["Strike_R","Strike_R"],"score":1069,"play_id":"a5aa2198-d377-46fd-a096-30e588ae44a0","local_time":"20210131215114","is_ascension_mode":true,"campfire_choices":[{"data":"Pommel Strike","floor":8.0,"key":"SMITH"},{"floor":10.0,"key":"REST"},{"data":"Disarm","floor":15.0,"key":"SMITH"},{"floor":24.0,"key":"REST"},{"floor":30.0,"key":"REST"},{"floor":32.0,"key":"REST"},{"floor":40.0,"key":"REST"},{"floor":44.0,"key":"REST"},{"floor":49,"key":"RECALL"}],"circlet_count":0,"master_deck":["AscendersBane","Strike_R+1","Strike_R+1","Defend_R","Defend_R","Defend_R","Defend_R","Bash+1","Hemokinesis","Dropkick","Cleave","Seeing Red","Pommel Strike+1","Spot Weakness","Thunderclap","Uppercut","Infernal Blade","Disarm+1","Demon Form","Ghostly Armor","Flame Barrier","Shrug It Off","Disarm","Shrug It Off","Corruption","Evolve+1","Clothesline+1","Battle Trance+1","Power Through+1","Sentinel","Spot Weakness+1","Dark Embrace"],"relics":["Burning Blood","NeowsBlessing","Tiny Chest","Ancient Tea Set","Oddly Smooth Stone","Omamori","Ectoplasm","Bottled Lightning","Mummified Hand","Unceasing Top","Happy Flower","Gremlin Horn","Mark of Pain","Smiling Mask","Vajra","White Beast Statue","Bird Faced Urn"],"acts_visited":["Exordium","TheCity","TheBeyond"],"potions_floor_usage":[47,50],"damage_taken":[{"damage":0.0,"enemies":"2 Louse","floor":1.0,"turns":1.0},{"damage":0.0,"enemies":"Small Slimes","floor":3.0,"turns":1.0},{"damage":0.0,"enemies":"Cultist","floor":5.0,"turns":1.0},{"damage":27.0,"enemies":"Lagavulin","floor":6.0,"turns":5.0},{"damage":9.0,"enemies":"Looter","floor":7.0,"turns":3.0},{"damage":18.0,"enemies":"Gremlin Nob","floor":11.0,"turns":3.0},{"damage":0.0,"enemies":"Exordium Wildlife","floor":12.0,"turns":2.0},{"damage":22.0,"enemies":"3 Sentries","floor":14.0,"turns":5.0},{"damage":34.0,"enemies":"The Guardian","floor":16.0,"turns":8.0},{"damage":25.0,"enemies":"Spheric Guardian","floor":18.0,"turns":4.0},{"damage":2.0,"enemies":"Chosen","floor":20.0,"turns":3.0},{"damage":18.0,"enemies":"Snake Plant","floor":22.0,"turns":4.0},{"damage":35.0,"enemies":"Book of Stabbing","floor":23.0,"turns":7.0},{"damage":8.0,"enemies":"Slavers","floor":25.0,"turns":5.0},{"damage":16.0,"enemies":"Gremlin Leader","floor":31.0,"turns":7.0},{"damage":58.0,"enemies":"Automaton","floor":33.0,"turns":9.0},{"damage":35.0,"enemies":"3 Shapes","floor":35.0,"turns":6.0},{"damage":8.0,"enemies":"Orb Walker","floor":36.0,"turns":3.0},{"damage":42.0,"enemies":"Transient","floor":37.0,"turns":6.0},{"damage":22.0,"enemies":"Writhing Mass","floor":39.0,"turns":6.0},{"damage":27.0,"enemies":"Jaw Worm Horde","floor":41.0,"turns":5.0},{"damage":1.0,"enemies":"Maw","floor":42.0,"turns":7.0},{"damage":9.0,"enemies":"Nemesis","floor":45.0,"turns":7.0},{"damage":33,"enemies":"Giant Head","floor":47,"turns":7},{"damage":82,"enemies":"Donu and Deca","floor":50,"turns":5}],"seed_played":"-6855433010594616547","potions_obtained":[{"floor":1.0,"key":"Energy Potion"},{"floor":6.0,"key":"BloodPotion"},{"floor":12.0,"key":"CultistPotion"},{"floor":16.0,"key":"AttackPotion"},{"floor":22.0,"key":"SpeedPotion"},{"floor":23.0,"key":"Energy Potion"},{"floor":25.0,"key":"Explosive Potion"},{"floor":33.0,"key":"DuplicationPotion"},{"floor":35.0,"key":"FairyPotion"},{"floor":37.0,"key":"AttackPotion"},{"floor":42.0,"key":"Energy Potion"},{"floor":45.0,"key":"FearPotion"},{"floor":47,"key":"PowerPotion"}],"is_trial":false,"path_per_floor":["M","?","M","?","M","E","M","R","T","R","E","M","$","E","R","B",null,"M","T","M","?","M","E","R","E","T","$","$","T","R","E","R","B",null,"M","M","M","?","M","R","M","M","T","R","E","T","E","?","R","B"],"character_chosen":"IRONCLAD","items_purchased":["Uppercut","Infernal Blade"],"campfire_rested":6,"item_purchase_floors":[13,13],"current_hp_per_floor":[74,51,57,57,63,42,39,39,39,61,49,55,55,39,54,26,63,44,44,48,48,36,7,29,27,27,27,27,27,49,39,61,9,59,30,28,27,27,11,33,12,17,17,39,36,36,9,75,75,0,0],"gold":16,"neow_bonus":"THREE_ENEMY_KILL","is_daily":false,"chose_seed":false,"campfire_upgraded":2,"win_rate":0.0,"timestamp":1612158674,"path_taken":["M","?","M","?","M","E","M","R","T","R","E","M","$","E","R","BOSS","M","?","M","?","M","E","R","E","T","?","$","?","R","E","R","BOSS","M","M","?","?","M","R","M","?","T","R","E","?","E","?","R","BOSS"],"items_purchased_type":["Card","Card"],"build_version":"2020-12-22","purchased_purges":2,"victory":false,"max_hp_per_floor":[75,75,75,75,75,75,75,75,75,75,75,75,75,75,75,75,75,75,75,75,75,75,75,75,75,75,75,75,75,75,75,75,75,75,75,75,75,75,75,75,75,75,75,75,75,75,75,75,75,75,75],"relic_stats":{"Happy Flower":[22],"Gremlin Horn":[5,6],"counters":[25,120],"Mummified Hand":[21],"Bird Faced Urn":[4],"Tiny Chest":2,"Ectoplasm":529,"Smiling Mask":0,"obtain_stats":[{"NeowsBlessing":0,"Happy Flower":29,"Gremlin Horn":31,"Oddly Smooth Stone":11,"Vajra":45,"Omamori":14,"Ancient Tea Set":9,"Smiling Mask":43,"Burning Blood":0,"White Beast Statue":46,"Mummified Hand":23,"Bird Faced Urn":47,"Tiny Chest":6,"Ectoplasm":17,"Mark of Pain":34,"Bottled Lightning":19,"Unceasing Top":25},{"NeowsBlessing":0,"Happy Flower":14,"Gremlin Horn":15,"Oddly Smooth Stone":6,"Vajra":23,"Omamori":8,"Ancient Tea Set":5,"Smiling Mask":22,"Burning Blood":0,"White Beast Statue":23,"Mummified Hand":13,"Bird Faced Urn":24,"Tiny Chest":4,"Ectoplasm":9,"Mark of Pain":16,"Bottled Lightning":10,"Unceasing Top":14},{"NeowsBlessing":0,"Happy Flower":52,"Gremlin Horn":59,"Oddly Smooth Stone":14,"Vajra":108,"Omamori":21,"Ancient Tea Set":11,"Smiling Mask":101,"Burning Blood":0,"White Beast Statue":108,"Mummified Hand":47,"Bird Faced Urn":115,"Tiny Chest":8,"Ectoplasm":29,"Mark of Pain":68,"Bottled Lightning":33,"Unceasing Top":52}],"Burning Blood":144,"Unceasing Top":[5]},"card_choices":[{"not_picked":["Clash","Shrug It Off"],"picked":"Hemokinesis","floor":1.0},{"not_picked":["Armaments","Perfected Strike"],"picked":"Dropkick","floor":3.0},{"not_picked":["Bloodletting","Iron Wave"],"picked":"Cleave","floor":5.0},{"not_picked":["Heavy Blade","Power Through"],"picked":"Seeing Red","floor":6.0},{"not_picked":["Twin Strike","Clothesline"],"picked":"Pommel Strike","floor":7.0},{"not_picked":["Rupture","Heavy Blade"],"picked":"Spot Weakness","floor":11.0},{"not_picked":["Perfected Strike","True Grit"],"picked":"Thunderclap","floor":12.0},{"not_picked":["Reckless Charge","Warcry"],"picked":"Disarm","floor":14.0},{"not_picked":["Barricade","Impervious"],"picked":"Demon Form","floor":16.0},{"not_picked":["Wild Strike","Sword Boomerang"],"picked":"Ghostly Armor","floor":18.0},{"not_picked":["Rupture","Thunderclap"],"picked":"Flame Barrier","floor":20.0},{"not_picked":["Pommel Strike","Perfected Strike"],"picked":"Shrug It Off","floor":22.0},{"not_picked":["Headbutt","Perfected Strike"],"picked":"Disarm","floor":23.0},{"not_picked":["Sword Boomerang","Berserk","Power Through"],"picked":"SKIP","floor":25.0},{"not_picked":["Flame Barrier","Searing Blow"],"picked":"Shrug It Off","floor":31.0},{"not_picked":["Demon Form","Feed"],"picked":"Corruption","floor":33.0},{"not_picked":["Havoc","Warcry+1"],"picked":"Evolve+1","floor":35.0},{"not_picked":["Anger","Dropkick"],"picked":"Clothesline+1","floor":36.0},{"not_picked":["Whirlwind","Power Through"],"picked":"Battle Trance+1","floor":37.0},{"not_picked":["Anger","Warcry+1"],"picked":"Power Through+1","floor":39.0},{"not_picked":["Seeing Red+1","Havoc"],"picked":"Sentinel","floor":41.0},{"not_picked":["Combust+1","Iron Wave"],"picked":"Spot Weakness+1","floor":42.0},{"not_picked":["Feed","Metallicize+1"],"picked":"Dark Embrace","floor":45.0},{"not_picked":["Armaments","Twin Strike+1","Intimidate+1"],"picked":"SKIP","floor":47}],"player_experience":817244,"relics_obtained":[{"floor":6.0,"key":"Tiny Chest"},{"floor":9.0,"key":"Ancient Tea Set"},{"floor":11.0,"key":"Oddly Smooth Stone"},{"floor":14.0,"key":"Omamori"},{"floor":19.0,"key":"Bottled Lightning"},{"floor":23.0,"key":"Mummified Hand"},{"floor":25.0,"key":"Unceasing Top"},{"floor":29.0,"key":"Happy Flower"},{"floor":31.0,"key":"Gremlin Horn"},{"floor":43.0,"key":"Smiling Mask"},{"floor":45.0,"key":"Vajra"},{"floor":46.0,"key":"White Beast Statue"},{"floor":47,"key":"Bird Faced Urn"}],"event_choices":[{"damage_healed":0.0,"max_hp_gain":0.0,"max_hp_loss":0.0,"gold_gain":0.0,"event_name":"Shining Light","player_choice":"Entered Light","floor":2.0,"gold_loss":0.0,"damage_taken":23.0,"cards_upgraded":["Strike_R","Strike_R"]},{"damage_healed":0.0,"max_hp_gain":0.0,"max_hp_loss":0.0,"gold_gain":0.0,"event_name":"Upgrade Shrine","player_choice":"Upgraded","floor":4.0,"gold_loss":0.0,"damage_taken":0.0,"cards_upgraded":["Bash"]},{"damage_healed":0.0,"max_hp_gain":0.0,"max_hp_loss":0.0,"gold_gain":0.0,"event_name":"Vampires","player_choice":"Ignored","floor":21.0,"gold_loss":0.0,"damage_taken":0.0},{"cards_removed":["Strike_R"],"damage_healed":0.0,"max_hp_gain":0.0,"max_hp_loss":0.0,"gold_gain":0.0,"event_name":"Bonfire Elementals","player_choice":"Offered Basic","floor":38.0,"gold_loss":0.0,"damage_taken":0.0},{"damage_healed":66,"gold_gain":0,"player_choice":"Full Heal","damage_taken":0,"max_hp_gain":0,"max_hp_loss":0,"event_name":"Wheel of Change","floor":48,"gold_loss":0}],"is_beta":false,"boss_relics":[{"not_picked":["Runic Dome","Busted Crown"],"picked":"Ectoplasm"},{"not_picked":["Black Star","Astrolabe"],"picked":"Mark of Pain"}],"items_purged_floors":[13,27],"is_endless":false,"potions_floor_spawned":[1,6,12,14,16,22,23,25,33,35,37,42,45,47],"killed_by":"Donu and Deca","ascension_level":17}}