{"host":"benup6enu91i1qg3","time":1612199109,"event":{"mods":["Act Like it!","BaseMod","Challenge The Spire","Downfall","Minty Spire (QoL Compilation)","Reorder Act Four","Replay The Spire","StSLib","UnlockEverythingMod"],"gold_per_floor":[99,116,11,11,28,28,73,123,154,67,93,105,5,5,21,117,117,117,134,152,152,176,176,203,243,268,295,315,315,337,2,28,138,238,238,270,302,302,302,302,349,349,373,398,423,493,493,525,525,557,590,620],"floor_reached":53,"language":"ZHS","playtime":3670,"items_purged":["Guardian:Strike_Guardian"],"score":745,"play_id":"f16bf048-dc0b-4554-98d5-72a461455978","local_time":"20210202010509","is_ascension_mode":false,"campfire_choices":[{"floor":1.0,"key":"DIG"},{"data":"Guardian:ConstructionForm","floor":23.0,"key":"SMITH"},{"data":"Guardian:Planning","floor":29.0,"key":"SMITH"},{"floor":35.0,"key":"RECALL"},{"data":"Guardian:Repulse","floor":49.0,"key":"SMITH"}],"circlet_count":0,"master_deck":["Guardian:Strike_Guardian","Guardian:Defend_Guardian+1","Guardian:Defend_Guardian","Guardian:Defend_Guardian","Guardian:Defend_Guardian+1","Guardian:CurlUp","Guardian:TwinSlam","Guardian:RollAttack","expansioncontent:Chronoboost","Guardian:BronzeArmor","Guardian:Planning+1","Guardian:ArmoredProtocol","Guardian:TemporalStrike","Guardian:PrimingBeam","Guardian:ConstructionForm+1","CurseOfTheBell","Guardian:TimeBomb","Guardian:Recover","Guardian:PiercingHide","Guardian:Reroute+1","Guardian:StasisStrike","Guardian:BronzeOrb","Guardian:TimeCapacitor","Guardian:ConstructionForm+1","Guardian:VentSteam+1","Guardian:TimeSifter","Guardian:FloatingOrbs","Guardian:GuardianWhirl+1","Shame","Guardian:Repulse+1","downfall:Aged","Guardian:Suspension+1","Guardian:Clone+1","Guardian:Gem_Lightblue","Guardian:Gem_Synthetic","Guardian:Suspension+1","Guardian:Gem_Yellow"],"relics":["Guardian:ModeShifter","Gremlin Horn","Happy Flower","Guardian:PickAxe","MealTicket","Regal Pillow","downfall:HeartBlessingGreen","Calling Bell","Replay:Bandana","White Beast Statue","FossilizedHelix","Simple Rune","Bronze Scales","DollysMirror","Replay:Wanted Poster","Ring of Hypnosis","ReplayTheSpireMod:Ring of Exchange","Guardian:StasisEgg","Unceasing Top"],"acts_visited":["Exordium","TheCity","TheBeyond"],"potions_floor_usage":[52,52],"damage_taken":[{"damage":6.0,"enemies":"2 Louse","floor":2.0,"turns":3.0},{"damage":0.0,"enemies":"downfall:FleeingMerchant","floor":3.0,"turns":4.0},{"damage":2.0,"enemies":"Jaw Worm","floor":5.0,"turns":4.0},{"damage":25.0,"enemies":"Lagavulin","floor":9.0,"turns":11.0},{"damage":0.0,"enemies":"downfall:FleeingMerchant","floor":10.0,"turns":4.0},{"damage":0.0,"enemies":"Replay:BlueRogue","floor":11.0,"turns":7.0},{"damage":6.0,"enemies":"Cultist","floor":12.0,"turns":5.0},{"damage":12.0,"enemies":"Exordium Wildlife","floor":15.0,"turns":4.0},{"damage":47.0,"enemies":"WA_ARCHETYPE_RETAIN","floor":16.0,"turns":10.0},{"damage":30.0,"enemies":"3 Byrds","floor":19.0,"turns":5.0},{"damage":0.0,"enemies":"Spheric Guardian","floor":20.0,"turns":6.0},{"damage":16.0,"enemies":"Snake Plant","floor":22.0,"turns":9.0},{"damage":12.0,"enemies":"Slavers","floor":25.0,"turns":9.0},{"damage":0.0,"enemies":"Sentry and Sphere","floor":26.0,"turns":7.0},{"damage":0.0,"enemies":"Centurion and Healer","floor":27.0,"turns":8.0},{"damage":0.0,"enemies":"Shelled Parasite and Fungi","floor":28.0,"turns":5.0},{"damage":0.0,"enemies":"3 Cultists","floor":30.0,"turns":5.0},{"damage":0.0,"enemies":"downfall:FleeingMerchant","floor":31.0,"turns":4.0},{"damage":0.0,"enemies":"Centurion and Healer","floor":32.0,"turns":9.0},{"damage":19.0,"enemies":"IC_MUSHROOM_ARCHETYPE","floor":33.0,"turns":10.0},{"damage":3.0,"enemies":"3 Darklings","floor":36.0,"turns":7.0},{"damage":0.0,"enemies":"Orb Walker","floor":37.0,"turns":4.0},{"damage":0.0,"enemies":"Transient","floor":41.0,"turns":5.0},{"damage":3.0,"enemies":"4 Shapes","floor":44.0,"turns":9.0},{"damage":0.0,"enemies":"Writhing Mass","floor":45.0,"turns":7.0},{"damage":0.0,"enemies":"Writhing Mass","floor":46.0,"turns":9.0},{"damage":0.0,"enemies":"Jaw Worm Horde","floor":48.0,"turns":6.0},{"damage":11.0,"enemies":"3 Darklings","floor":50.0,"turns":7.0},{"damage":7.0,"enemies":"Sphere and 2 Shapes","floor":51.0,"turns":7.0},{"damage":74,"enemies":"DF_ARCHETYPE_ORBS","floor":52,"turns":11}],"seed_played":"3694471144088071152","potions_obtained":[{"floor":9.0,"key":"Block Potion"},{"floor":12.0,"key":"Doom Potion"},{"floor":16.0,"key":"Cursed Concoction"},{"floor":19.0,"key":"Fire Potion"},{"floor":20.0,"key":"LifebloodPotion"},{"floor":22.0,"key":"Energy Potion"},{"floor":25.0,"key":"PowerPotion"},{"floor":26.0,"key":"Fire Potion"},{"floor":27.0,"key":"SteroidPotion"},{"floor":28.0,"key":"EssenceOfSteel"},{"floor":30.0,"key":"FairyPotion"},{"floor":31.0,"key":"LiquidMemories"},{"floor":32.0,"key":"Fire Potion"},{"floor":33.0,"key":"Fire Potion"},{"floor":36.0,"key":"Block Potion"},{"floor":37.0,"key":"LiquidMemories"},{"floor":41.0,"key":"LiquidMemories"},{"floor":45.0,"key":"Ancient Potion"},{"floor":46.0,"key":"Fire Potion"},{"floor":48.0,"key":"Adrenaline Potion"},{"floor":50.0,"key":"SkillPotion"},{"floor":51.0,"key":"Block Potion"}],"is_trial":false,"path_per_floor":["R","M","$","?","M","?","T","T","E","$","E","M","R","?","M","B",null,"R","M","M","?","M","R","T","E","M","M","M","R","M","$","M","B",null,"R","M","M","?","PTL","PTL","M","?","T","M","M","?","R","M","R","M","M","B",null],"character_chosen":"GUARDIAN","items_purchased":["expansioncontent:Chronoboost","Guardian:ArmoredProtocol","Guardian:BronzeOrb","Guardian:TimeCapacitor","DollysMirror"],"campfire_rested":0,"item_purchase_floors":[3,10,31,31,31],"current_hp_per_floor":[88,82,82,82,80,80,80,80,55,70,70,64,64,64,52,5,88,88,58,58,58,42,42,42,30,30,30,30,30,30,45,45,26,88,88,85,85,85,85,85,85,85,85,82,82,82,82,82,82,71,64,24],"gold":620,"neow_bonus":"TEN_PERCENT_HP_BONUS","is_daily":false,"chose_seed":false,"campfire_upgraded":3,"win_rate":0.0,"timestamp":1612199109,"path_taken":["R","M","$","?","M","?","T","?","E","$","E","M","R","?","M","BOSS","R","M","?","?","M","R","T","E","M","M","M","R","M","?","M","BOSS","R","M","M","?","PTL","PTL","M","?","T","M","M","?","R","?","R","M","M","BOSS"],"items_purchased_type":["Card","Card","Card","Card","Relic"],"build_version":"2020-12-22","purchased_purges":1,"victory":true,"max_hp_per_floor":[88,88,88,88,88,88,88,88,88,88,88,88,88,88,88,88,88,88,88,88,88,88,88,88,88,88,88,88,88,88,88,88,88,88,88,88,88,88,88,88,88,88,88,88,88,88,88,88,88,88,88,88],"card_choices":[{"not_picked":["Guardian:ChargeCore","Guardian:Recover"],"picked":"Guardian:RollAttack","floor":2.0},{"not_picked":["Guardian:Clone","Guardian:Planning"],"picked":"Guardian:Gem_Green","floor":3.0},{"not_picked":["Guardian:EvasiveProtocol","Guardian:WalkerClaw"],"picked":"Guardian:BronzeArmor","floor":5.0},{"not_picked":["Guardian:RefractedBeam","Guardian:WalkerClaw"],"picked":"Guardian:Gem_Purple","floor":9.0},{"not_picked":["Guardian:EvasiveProtocol","Guardian:RollAttack"],"picked":"Guardian:Planning","floor":10.0},{"not_picked":["Guardian:PiercingHide","Guardian:Gem_Lightblue"],"picked":"Guardian:TemporalStrike","floor":11.0},{"not_picked":["Guardian:PiercingHide","Guardian:WalkerClaw"],"picked":"Guardian:PrimingBeam","floor":12.0},{"not_picked":["Guardian:BronzeArmor","Guardian:ArmoredProtocol"],"picked":"Guardian:Gem_Synthetic","floor":15.0},{"not_picked":["Guardian:AncientConstruct","Guardian:StasisField"],"picked":"Guardian:ConstructionForm","floor":16.0},{"not_picked":["Guardian:Gem_Red","Guardian:Planning"],"picked":"Guardian:TimeBomb","floor":19.0},{"not_picked":["Guardian:ArmoredProtocol","Guardian:PrismaticBarrier"],"picked":"Guardian:Gem_Cyan","floor":20.0},{"not_picked":["Guardian:WalkerClaw+1","Guardian:Gem_Purple","Guardian:ArmoredProtocol"],"picked":"SKIP","floor":22.0},{"not_picked":["Guardian:PrismaticBeam","Guardian:FastForward"],"picked":"Guardian:Gem_White","floor":25.0},{"not_picked":["Guardian:Gem_Fragmented","Guardian:TimeBomb"],"picked":"Guardian:Recover","floor":26.0},{"not_picked":["Guardian:WalkerClaw+1","Guardian:PrimingBeam"],"picked":"Guardian:PiercingHide","floor":27.0},{"not_picked":["Guardian:Gem_Green","Guardian:BronzeOrb"],"picked":"Guardian:Reroute+1","floor":28.0},{"not_picked":["Guardian:BronzeArmor+1","Guardian:ShieldCharger"],"picked":"Guardian:StasisStrike","floor":30.0},{"not_picked":["Guardian:TemporalShield","Guardian:RefractedBeam"],"picked":"Guardian:Gem_White","floor":31.0},{"not_picked":["Guardian:Harden","Guardian:ChargeCore"],"picked":"Guardian:VentSteam+1","floor":32.0},{"not_picked":["Guardian:BaubleBeam","Guardian:SphericShield"],"picked":"Guardian:TimeSifter","floor":33.0},{"not_picked":["Guardian:Gem_Blue","Guardian:Planning"],"picked":"Guardian:FloatingOrbs","floor":36.0},{"not_picked":["Guardian:Incinerate","Guardian:SentryBeam"],"picked":"Guardian:GuardianWhirl+1","floor":37.0},{"not_picked":["Guardian:PolyBeam+1","Guardian:DonusPower"],"picked":"Guardian:Repulse","floor":41.0},{"not_picked":["Guardian:ChargeCore+1","Guardian:ShieldCharger+1"],"picked":"Guardian:Suspension+1","floor":44.0},{"not_picked":["Guardian:Gem_Red","Guardian:ShieldSpikes+1"],"picked":"Guardian:Clone+1","floor":45.0},{"not_picked":["Guardian:VentSteam+1","Guardian:StasisStrike"],"picked":"Guardian:Gem_White","floor":46.0},{"not_picked":["Guardian:TimeBomb","Guardian:GuardianWhirl+1","Guardian:Recover+1"],"picked":"SKIP","floor":48.0},{"not_picked":["Guardian:WalkerClaw+1","Guardian:Recover+1"],"picked":"Guardian:Suspension+1","floor":50.0},{"not_picked":["Guardian:Suspension","Guardian:PrismaticBeam"],"picked":"Guardian:Gem_Yellow","floor":51.0}],"player_experience":34382,"relics_obtained":[{"floor":1.0,"key":"Gremlin Horn"},{"floor":7.0,"key":"Happy Flower"},{"floor":8.0,"key":"Guardian:PickAxe"},{"floor":9.0,"key":"MealTicket"},{"floor":11.0,"key":"Regal Pillow"},{"floor":17.0,"key":"Replay:Bandana"},{"floor":17.0,"key":"White Beast Statue"},{"floor":17.0,"key":"FossilizedHelix"},{"floor":24.0,"key":"Simple Rune"},{"floor":25.0,"key":"Bronze Scales"},{"floor":38.0,"key":"Ring of Hypnosis"},{"floor":38.0,"key":"ReplayTheSpireMod:Ring of Exchange"},{"floor":46.0,"key":"Unceasing Top"}],"event_choices":[],"is_beta":false,"boss_relics":[{"not_picked":["Ring of Chaos","ReplayTheSpireMod:DimensionalGlitch"],"picked":"Calling Bell"},{"not_picked":["Kintsugi","Tiny House"],"picked":"Replay:Wanted Poster"}],"items_purged_floors":[31],"is_endless":false,"potions_floor_spawned":[9,12,16,19,20,22,25,26,27,28,30,31,32,33,36,37,41,44,45,46,48,50,51],"ascension_level":0}}