{"host":"6gnv7me3tk2udb7q","time":1612211382,"event":{"mods":["BaseMod","Bestiary","Colored Map","Minty Spire (QoL Compilation)"],"gold_per_floor":[116,128,139,150,150,150,150,163,186,220,1,13,13,13],"floor_reached":13,"language":"ENG","playtime":721,"items_purged":["Strike_B"],"score":126,"play_id":"c8f50fab-1cbd-4fb9-adb2-de6254c98b43","local_time":"20210201152942","is_ascension_mode":true,"campfire_choices":[{"data":"Conserve Battery","floor":6.0,"key":"SMITH"}],"circlet_count":0,"master_deck":["Strike_B","Strike_B","Strike_B","Defend_B","Defend_B","Defend_B","Zap","Dualcast","Rebound","Coolheaded","Coolheaded","Conserve Battery+1","Buffer"],"relics":["Coffee Dripper","Nunchaku","Mango","Blood Vial"],"acts_visited":["Exordium"],"potions_floor_usage":[12,13],"damage_taken":[{"damage":0.0,"enemies":"Cultist","floor":1.0,"turns":3.0},{"damage":7.0,"enemies":"Jaw Worm","floor":2.0,"turns":2.0},{"damage":1.0,"enemies":"Small Slimes","floor":3.0,"turns":4.0},{"damage":6.0,"enemies":"Blue Slaver","floor":4.0,"turns":4.0},{"damage":1.0,"enemies":"Exordium Wildlife","floor":8.0,"turns":4.0},{"damage":1.0,"enemies":"Lagavulin","floor":10.0,"turns":8.0},{"damage":25,"enemies":"Lots of Slimes","floor":12,"turns":3},{"damage":55,"enemies":"Gremlin Nob","floor":13,"turns":5}],"seed_played":"9464816314200369","potions_obtained":[{"floor":4.0,"key":"DistilledChaos"},{"floor":8.0,"key":"SkillPotion"},{"floor":12,"key":"Energy Potion"}],"is_trial":false,"path_per_floor":["M","M","M","M","T","R","?","M","T","E","$","M","E"],"character_chosen":"DEFECT","items_purchased":["Blood Vial"],"campfire_rested":0,"item_purchase_floors":[11],"current_hp_per_floor":[68,61,60,54,54,54,54,53,53,66,66,43,0,0],"gold":13,"neow_bonus":"BOSS_RELIC","is_daily":false,"chose_seed":false,"campfire_upgraded":1,"win_rate":0.0,"timestamp":1612211382,"path_taken":["M","M","M","M","?","R","?","M","T","E","$","?","E"],"items_purchased_type":["Relic"],"build_version":"2020-12-22","purchased_purges":1,"victory":false,"max_hp_per_floor":[75,75,75,75,75,75,75,75,75,89,89,89,89,89],"card_choices":[{"not_picked":["Redo","Turbo"],"picked":"Rebound","floor":1.0},{"not_picked":["Cold Snap","Force Field"],"picked":"Coolheaded","floor":2.0},{"not_picked":["Steam","Storm"],"picked":"Coolheaded","floor":3.0},{"not_picked":["Barrage","White Noise"],"picked":"Conserve Battery","floor":4.0},{"not_picked":["Turbo","Stack"],"picked":"Buffer","floor":8.0},{"not_picked":["Storm","Consume","Coolheaded"],"picked":"SKIP","floor":10.0},{"not_picked":["Barrage","Conserve Battery","Steam Power"],"picked":"SKIP","floor":12}],"player_experience":700524,"relics_obtained":[{"floor":9.0,"key":"Nunchaku"},{"floor":10.0,"key":"Mango"}],"event_choices":[{"cards_removed":["Defend_B"],"damage_healed":0.0,"max_hp_gain":0.0,"max_hp_loss":0.0,"gold_gain":0.0,"event_name":"Bonfire Elementals","player_choice":"Offered Basic","floor":7.0,"gold_loss":0.0,"damage_taken":0.0}],"is_beta":false,"boss_relics":[],"items_purged_floors":[11],"is_endless":false,"potions_floor_spawned":[4,8,12],"killed_by":"Gremlin Nob","ascension_level":9}}