{"host":"soyfmymeou4emntr","time":1612161636,"event":{"mods":["BaseMod","BetterRewards","Minty Spire (QoL Compilation)","Relic Sorter","Relic Stats","StSLib"],"gold_per_floor":[359,374,374,374,66,66,82,107,130,142,161,178,188,207,207,207,207],"floor_reached":16,"language":"ENG","playtime":877,"items_purged":[],"score":212,"play_id":"f0eca33c-e9c6-4e86-9dee-f5472463ee71","local_time":"20210131234036","is_ascension_mode":true,"campfire_choices":[{"data":"Terror","floor":6.0,"key":"SMITH"},{"floor":15.0,"key":"REST"}],"circlet_count":0,"master_deck":["AscendersBane","Strike_G","Strike_G","Strike_G","Strike_G","Strike_G","Defend_G","Defend_G","Defend_G","Defend_G","Defend_G","Survivor","Neutralize","Blade Dance","Poisoned Stab+1","Terror+1","Dagger Throw","Deadly Poison","Dash"],"relics":["Ring of the Snake","Singing Bowl","Lantern","Omamori"],"acts_visited":["Exordium"],"potions_floor_usage":[16,16],"damage_taken":[{"damage":15.0,"enemies":"2 Louse","floor":1.0,"turns":5.0},{"damage":2.0,"enemies":"Cultist","floor":2.0,"turns":4.0},{"damage":0.0,"enemies":"Jaw Worm","floor":7.0,"turns":3.0},{"damage":27.0,"enemies":"Lagavulin","floor":8.0,"turns":4.0},{"damage":1.0,"enemies":"Lots of Slimes","floor":10.0,"turns":5.0},{"damage":0.0,"enemies":"Blue Slaver","floor":11.0,"turns":2.0},{"damage":9.0,"enemies":"Large Slime","floor":12.0,"turns":5.0},{"damage":6.0,"enemies":"Lots of Slimes","floor":13.0,"turns":4.0},{"damage":1.0,"enemies":"Looter","floor":14.0,"turns":3.0},{"damage":35,"enemies":"Slime Boss","floor":16,"turns":5}],"seed_played":"4864236789179365938","potions_obtained":[{"floor":2.0,"key":"SkillPotion"},{"floor":10.0,"key":"SteroidPotion"},{"floor":14.0,"key":"SpeedPotion"}],"is_trial":false,"path_per_floor":["M","M","?","$","$","R","M","E","T","M","M","M","M","M","R","B"],"character_chosen":"THE_SILENT","items_purchased":["Terror","Singing Bowl"],"campfire_rested":1,"item_purchase_floors":[5,5],"current_hp_per_floor":[44,42,42,42,42,42,44,19,19,18,20,11,5,6,26,0,0],"gold":207,"neow_bonus":"TWO_FIFTY_GOLD","is_daily":false,"chose_seed":false,"campfire_upgraded":1,"win_rate":0.0,"timestamp":1612161636,"path_taken":["M","M","?","?","$","R","M","E","T","?","M","M","M","?","R","BOSS"],"items_purchased_type":["Card","Relic"],"build_version":"2020-12-22","purchased_purges":0,"victory":false,"max_hp_per_floor":[60,60,60,60,60,60,62,64,64,64,66,66,66,68,68,68,68],"relic_stats":{"Singing Bowl":8,"counters":[10,40],"obtain_stats":[{"Lantern":8,"Singing Bowl":5,"Omamori":9,"Ring of the Snake":0},{"Lantern":4,"Singing Bowl":2,"Omamori":4,"Ring of the Snake":0},{"Lantern":16,"Singing Bowl":9,"Omamori":16,"Ring of the Snake":0}],"Ring of the Snake":[20]},"card_choices":[{"not_picked":["Outmaneuver","Accuracy"],"picked":"Blade Dance","floor":1.0},{"not_picked":["Dodge and Roll","Outmaneuver"],"picked":"Poisoned Stab","floor":2.0},{"not_picked":["Acrobatics","Heel Hook","Reflex"],"picked":"Singing Bowl","floor":7.0},{"not_picked":["Outmaneuver","Endless Agony","Concentrate"],"picked":"Singing Bowl","floor":8.0},{"not_picked":["Escape Plan","Prepared"],"picked":"Dagger Throw","floor":10.0},{"not_picked":["Quick Slash","Heel Hook","Caltrops"],"picked":"Singing Bowl","floor":11.0},{"not_picked":["Eviscerate","Tactician"],"picked":"Deadly Poison","floor":12.0},{"not_picked":["Deadly Poison","Finisher"],"picked":"Dash","floor":13.0},{"not_picked":["Doppelganger","Dodge and Roll","Underhanded Strike"],"picked":"Singing Bowl","floor":14.0}],"player_experience":2971364,"relics_obtained":[{"floor":8.0,"key":"Lantern"},{"floor":9.0,"key":"Omamori"}],"event_choices":[{"damage_healed":0.0,"max_hp_gain":0.0,"max_hp_loss":0.0,"gold_gain":0.0,"event_name":"Upgrade Shrine","player_choice":"Upgraded","floor":3.0,"gold_loss":0.0,"damage_taken":0.0,"cards_upgraded":["Poisoned Stab"]}],"is_beta":false,"boss_relics":[],"items_purged_floors":[],"is_endless":false,"potions_floor_spawned":[2,10,14],"killed_by":"Slime Boss","ascension_level":20}}