{"host":"4rvakrj1idbgia3f","time":1612215049,"event":{"mods":["BaseMod","Colored Map","Colored Powertips","DeckTracker","Highlight Path","Minty Spire (QoL Compilation)","Random Character Button","StSLib"],"gold_per_floor":[114,129,54,54,54,89,89,116,171,188,207,207,207,222,222,295,295,312,332,332,332,332],"floor_reached":21,"language":"JPN","playtime":768,"items_purged":[],"score":428,"play_id":"422d104a-d45a-4616-b0de-00982ae6790b","local_time":"20210202063049","is_ascension_mode":true,"campfire_choices":[{"data":"Barrage","floor":7,"key":"SMITH"},{"data":"Chill","floor":13,"key":"SMITH"},{"data":"Barrage","floor":15,"key":"SMITH"}],"circlet_count":0,"master_deck":["AscendersBane","Strike_B","Strike_B","Strike_B","Defend_B","Defend_B","Defend_B","Zap+1","Dualcast","Genetic Algorithm","Reinforced Body","Barrage+1","Go for the Eyes","Chill+1","Barrage+1","Seek","Ball Lightning","Defragment"],"relics":["Cracked Core","NeowsBlessing","Tiny Chest","Pantograph","PreservedInsect","Pear","Cursed Key"],"acts_visited":["Exordium","TheCity"],"potions_floor_usage":[8,11,18],"damage_taken":[{"damage":0,"enemies":"Small Slimes","floor":1,"turns":1},{"damage":0,"enemies":"2 Louse","floor":2,"turns":1},{"damage":0,"enemies":"Lagavulin","floor":6,"turns":2},{"damage":24,"enemies":"Gremlin Nob","floor":8,"turns":4},{"damage":0,"enemies":"Cultist","floor":10,"turns":3},{"damage":7,"enemies":"Exordium Wildlife","floor":11,"turns":4},{"damage":0,"enemies":"2 Fungi Beasts","floor":14,"turns":3},{"damage":38,"enemies":"The Guardian","floor":16,"turns":12},{"damage":0,"enemies":"3 Byrds","floor":18,"turns":2},{"damage":0,"enemies":"Spheric Guardian","floor":19,"turns":3},{"damage":66,"enemies":"Cultist and Chosen","floor":21,"turns":5}],"seed_played":"8730220991000004850","potions_obtained":[{"floor":1,"key":"Weak Potion"},{"floor":10,"key":"Fire Potion"},{"floor":11,"key":"LiquidBronze"},{"floor":16,"key":"EssenceOfSteel"},{"floor":19,"key":"Dexterity Potion"}],"is_trial":false,"path_per_floor":["M","M","?","?","$","E","R","E","T","M","M","?","R","M","R","B",null,"M","M","?","M"],"character_chosen":"DEFECT","items_purchased":[],"campfire_rested":0,"item_purchase_floors":[],"current_hp_per_floor":[64,64,64,64,64,64,64,40,40,40,33,25,25,25,25,12,64,64,64,64,0,0],"gold":332,"neow_bonus":"THREE_ENEMY_KILL","is_daily":false,"chose_seed":false,"campfire_upgraded":3,"win_rate":0.0,"timestamp":1612215049,"path_taken":["M","M","?","?","$","E","R","E","T","M","M","?","R","M","R","BOSS","M","M","?","M"],"items_purchased_type":[],"build_version":"2020-12-22","purchased_purges":0,"victory":false,"max_hp_per_floor":[71,71,71,71,71,71,71,71,71,71,71,81,81,81,81,81,81,81,81,81,81,81],"card_choices":[{"not_picked":["Reinforced Body","Go for the Eyes"],"picked":"Genetic Algorithm","floor":1},{"not_picked":["Recycle","Leap"],"picked":"Reinforced Body","floor":2},{"not_picked":["Redo","Leap"],"picked":"Barrage","floor":6},{"not_picked":["Scrape","Reinforced Body"],"picked":"Go for the Eyes","floor":8},{"not_picked":["Steam Power","Melter"],"picked":"Chill","floor":10},{"not_picked":["Scrape","Aggregate","Conserve Battery"],"picked":"SKIP","floor":11},{"not_picked":["Tempest","Hologram"],"picked":"Barrage","floor":14},{"not_picked":["Buffer","Multi-Cast"],"picked":"Seek","floor":16},{"not_picked":["Compile Driver","Hologram"],"picked":"Ball Lightning","floor":18},{"not_picked":["Redo","Cold Snap"],"picked":"Defragment","floor":19}],"player_experience":2190100,"relics_obtained":[{"floor":6,"key":"Tiny Chest"},{"floor":8,"key":"Pantograph"},{"floor":9,"key":"PreservedInsect"}],"event_choices":[{"cards_removed":["Defend_B"],"damage_healed":0,"gold_gain":0,"player_choice":"Card Removal","damage_taken":0,"max_hp_gain":0,"max_hp_loss":0,"event_name":"The Cleric","floor":3,"gold_loss":75},{"damage_healed":0,"gold_gain":0,"player_choice":"Grow","damage_taken":0,"max_hp_gain":0,"max_hp_loss":0,"event_name":"Living Wall","floor":4,"gold_loss":0,"cards_upgraded":["Zap"]},{"damage_healed":0,"gold_gain":0,"player_choice":"Success","damage_taken":18,"relics_obtained":["Pear"],"max_hp_gain":0,"max_hp_loss":0,"event_name":"Scrap Ooze","floor":12,"gold_loss":0},{"cards_removed":["Strike_B"],"damage_healed":0,"gold_gain":0,"player_choice":"Offered Basic","damage_taken":0,"max_hp_gain":0,"max_hp_loss":0,"event_name":"Bonfire Elementals","floor":20,"gold_loss":0}],"is_beta":false,"boss_relics":[{"not_picked":["Philosopher\u0027s Stone","Fusion Hammer"],"picked":"Cursed Key"}],"items_purged_floors":[],"is_endless":false,"potions_floor_spawned":[1,10,11,16,19],"killed_by":"Cultist and Chosen","ascension_level":20}}