{"host":"qm4rv4rkpk76sbxu","time":1612175428,"event":{"mods":["BaseMod","Bestiary","Block Reminder","DeckTracker","Filter the Spire","Keyboard Shortcuts","Minty Spire (QoL Compilation)","MonsterHotkey","Quick Restart","Random Character Button","Relic Stats","Slay-I","StSLib","Unceasing Turn Reminder","ojb\u0027s Better Paths Mod","ojb\u0027s Info Mod"],"gold_per_floor":[109,127,127,140,140,140,165,165,212,212,237,256,269,287,287,385,385,397,411,21,21,21],"floor_reached":21,"language":"ENG","playtime":668,"items_purged":[],"score":229,"play_id":"d673901f-989f-4d08-bb3d-44c6217f35c7","local_time":"20210201113028","is_ascension_mode":true,"campfire_choices":[{"data":"Streamline","floor":6.0,"key":"SMITH"},{"data":"Ball Lightning","floor":8.0,"key":"SMITH"},{"data":"Dualcast","floor":10.0,"key":"SMITH"},{"data":"Defragment","floor":15,"key":"SMITH"}],"circlet_count":0,"master_deck":["Strike_B","Strike_B","Strike_B","Strike_B","Defend_B","Defend_B","Defend_B","Defend_B","Zap","Dualcast+1","Streamline+1","Ball Lightning+1","Glacier","Compile Driver","Defragment+1","Genetic Algorithm","Thunder Strike","Static Discharge","Turbo+1"],"relics":["Cracked Core","NeowsBlessing","Orichalcum","Lantern","Dream Catcher","Centennial Puzzle","Philosopher\u0027s Stone","CeramicFish","ClockworkSouvenir"],"acts_visited":["Exordium","TheCity"],"potions_floor_usage":[16,16,21,21,21],"damage_taken":[{"damage":0.0,"enemies":"2 Louse","floor":1.0,"turns":1.0},{"damage":0.0,"enemies":"Cultist","floor":2.0,"turns":1.0},{"damage":0.0,"enemies":"Small Slimes","floor":4.0,"turns":1.0},{"damage":14.0,"enemies":"Lagavulin","floor":7.0,"turns":6.0},{"damage":7.0,"enemies":"Gremlin Nob","floor":11.0,"turns":4.0},{"damage":0,"enemies":"Gremlin Gang","floor":12,"turns":3},{"damage":2,"enemies":"Exordium Thugs","floor":13,"turns":3},{"damage":0,"enemies":"2 Fungi Beasts","floor":14,"turns":3},{"damage":30,"enemies":"Hexaghost","floor":16,"turns":10},{"damage":61,"enemies":"3 Byrds","floor":18,"turns":4},{"damage":0,"enemies":"Chosen","floor":19,"turns":4},{"damage":14,"enemies":"Centurion and Healer","floor":21,"turns":1}],"seed_played":"1812018417791245839","potions_obtained":[{"floor":1.0,"key":"EssenceOfSteel"},{"floor":2.0,"key":"Block Potion"},{"floor":11.0,"key":"EssenceOfSteel"},{"floor":14,"key":"AttackPotion"},{"floor":18,"key":"SmokeBomb"}],"is_trial":false,"path_per_floor":["M","M","?","M","?","R","E","R","T","R","E","M","M","M","R","B",null,"M","M","$","M"],"character_chosen":"DEFECT","items_purchased":["CeramicFish","ClockworkSouvenir","SteroidPotion","FearPotion"],"campfire_rested":0,"item_purchase_floors":[20,20,20,20],"current_hp_per_floor":[75,75,75,75,75,75,61,61,61,61,54,54,52,52,52,22,75,14,14,14,0,0],"gold":21,"neow_bonus":"THREE_ENEMY_KILL","is_daily":false,"chose_seed":false,"campfire_upgraded":4,"win_rate":0.0,"timestamp":1612175428,"path_taken":["M","M","?","?","?","R","E","R","T","R","E","?","?","M","R","BOSS","M","?","$","M"],"items_purchased_type":["Relic","Relic","Potion","Potion"],"build_version":"2020-12-22","purchased_purges":0,"victory":false,"max_hp_per_floor":[75,75,75,75,75,75,75,75,75,75,75,75,75,75,75,75,75,75,75,75,75,75],"relic_stats":{"Dream Catcher":0,"Centennial Puzzle":[12],"counters":[12,41],"CeramicFish":0,"Orichalcum":[90],"obtain_stats":[{"Lantern":7,"Dream Catcher":9,"Centennial Puzzle":11,"NeowsBlessing":0,"CeramicFish":20,"Philosopher\u0027s Stone":17,"Orichalcum":5,"Cracked Core":0,"ClockworkSouvenir":20},{"Lantern":4,"Dream Catcher":4,"Centennial Puzzle":5,"NeowsBlessing":0,"CeramicFish":11,"Philosopher\u0027s Stone":9,"Orichalcum":3,"Cracked Core":0,"ClockworkSouvenir":11},{"Lantern":9,"Dream Catcher":9,"Centennial Puzzle":13,"NeowsBlessing":0,"CeramicFish":40,"Philosopher\u0027s Stone":32,"Orichalcum":3,"Cracked Core":0,"ClockworkSouvenir":40}]},"card_choices":[{"not_picked":["Stack","Steam"],"picked":"Streamline","floor":1.0},{"not_picked":["Leap","Sweeping Beam"],"picked":"Aggregate","floor":2.0},{"not_picked":["Go for the Eyes","Beam Cell"],"picked":"Ball Lightning","floor":4.0},{"not_picked":["Sweeping Beam","Machine Learning"],"picked":"Glacier","floor":7.0},{"not_picked":["Leap","Redo"],"picked":"Compile Driver","floor":11.0},{"not_picked":["Barrage","Gash","Leap"],"picked":"SKIP","floor":12},{"not_picked":["Undo","Machine Learning"],"picked":"Defragment","floor":13},{"not_picked":["Go for the Eyes","Lockon"],"picked":"Genetic Algorithm","floor":14},{"not_picked":["Buffer","Reboot"],"picked":"Thunder Strike","floor":16},{"not_picked":["Beam Cell","Fusion"],"picked":"Static Discharge","floor":18},{"not_picked":["Sweeping Beam","Streamline+1"],"picked":"Turbo+1","floor":19}],"player_experience":1475006,"relics_obtained":[{"floor":7.0,"key":"Lantern"},{"floor":9.0,"key":"Dream Catcher"},{"floor":11.0,"key":"Centennial Puzzle"}],"event_choices":[{"damage_healed":0.0,"max_hp_gain":0.0,"max_hp_loss":0.0,"gold_gain":0.0,"event_name":"NoteForYourself","player_choice":"Ignored","floor":3.0,"gold_loss":0.0,"damage_taken":0.0},{"cards_removed":["Aggregate"],"damage_healed":0.0,"max_hp_gain":0.0,"max_hp_loss":0.0,"gold_gain":0.0,"event_name":"WeMeetAgain","player_choice":"Gave Card","floor":5.0,"gold_loss":0.0,"damage_taken":0.0,"relics_obtained":["Orichalcum"]}],"is_beta":false,"boss_relics":[{"not_picked":["Runic Dome","FrozenCore"],"picked":"Philosopher\u0027s Stone"}],"items_purged_floors":[],"is_endless":false,"potions_floor_spawned":[1,2,11,14,18],"killed_by":"Centurion and Healer","ascension_level":4}}