{"host":"krw8blyxua7at9ak","time":1612176064,"event":{"mods":["BaseMod","Highlight Path","Minty Spire (QoL Compilation)","ojb\u0027s Info Mod"],"gold_per_floor":[119,119,130,130,144,144,179,193,246,273,10,40,40,58,58,58,58],"floor_reached":16,"language":"ENG","playtime":577,"items_purged":[],"score":290,"play_id":"a8efac34-4e94-4a5d-b94f-87bd64a6ef8a","local_time":"20210201114104","is_ascension_mode":true,"campfire_choices":[{"data":"Neutralize","floor":6,"key":"SMITH"},{"data":"Neutralize","floor":15,"key":"SMITH"}],"circlet_count":0,"master_deck":["AscendersBane","Strike_G","Strike_G","Strike_G","Strike_G","Defend_G","Defend_G","Defend_G","Defend_G","Defend_G","Survivor","Neutralize+1","Underhanded Strike","Grand Finale","Neutralize+1","Quick Slash","Backflip","Prepared","Terror","Phantasmal Killer"],"relics":["Ring of the Snake","NeowsBlessing","HornCleat","Vajra","Anchor","Paper Crane","Kunai"],"acts_visited":["Exordium"],"potions_floor_usage":[7,12],"damage_taken":[{"damage":0,"enemies":"2 Louse","floor":1,"turns":1},{"damage":0,"enemies":"Cultist","floor":3,"turns":1},{"damage":0,"enemies":"Jaw Worm","floor":5,"turns":1},{"damage":22,"enemies":"Lagavulin","floor":7,"turns":7},{"damage":3,"enemies":"Lots of Slimes","floor":8,"turns":7},{"damage":0,"enemies":"3 Sentries","floor":10,"turns":3},{"damage":8,"enemies":"Lagavulin","floor":12,"turns":11},{"damage":1,"enemies":"Gremlin Gang","floor":14,"turns":4},{"damage":36,"enemies":"Slime Boss","floor":16,"turns":4}],"seed_played":"5432808508968777163","potions_obtained":[{"floor":1,"key":"SneckoOil"},{"floor":8,"key":"EssenceOfSteel"}],"is_trial":false,"path_per_floor":["M","?","M","?","M","R","E","M","T","E","$","E","$","M","R","B"],"character_chosen":"THE_SILENT","items_purchased":["Paper Crane"],"campfire_rested":0,"item_purchase_floors":[11],"current_hp_per_floor":[59,59,59,59,59,59,37,34,34,34,34,26,26,25,25,0,0],"gold":58,"neow_bonus":"THREE_ENEMY_KILL","is_daily":false,"chose_seed":false,"campfire_upgraded":2,"win_rate":0.0,"timestamp":1612176064,"path_taken":["M","?","?","?","?","R","E","?","T","E","$","E","?","M","R","BOSS"],"items_purchased_type":["Relic"],"build_version":"2020-12-22","purchased_purges":0,"victory":false,"max_hp_per_floor":[66,66,66,66,66,66,66,66,66,66,66,66,66,66,66,66,66],"card_choices":[{"not_picked":["Leg Sweep","Acrobatics"],"picked":"Underhanded Strike","floor":1},{"not_picked":["PiercingWail","Deflect"],"picked":"Quick Slash","floor":3},{"not_picked":["Outmaneuver","Deadly Poison"],"picked":"Backflip","floor":5},{"not_picked":["Escape Plan","Corpse Explosion"],"picked":"Prepared","floor":7},{"not_picked":["Underhanded Strike","Finisher","Distraction"],"picked":"SKIP","floor":8},{"not_picked":["Dodge and Roll","Underhanded Strike","Slice"],"picked":"SKIP","floor":10},{"not_picked":["Distraction","Quick Slash"],"picked":"Terror","floor":12},{"not_picked":["Poisoned Stab","Prepared"],"picked":"Phantasmal Killer","floor":14}],"player_experience":378218,"relics_obtained":[{"floor":7,"key":"HornCleat"},{"floor":9,"key":"Vajra"},{"floor":10,"key":"Anchor"},{"floor":12,"key":"Kunai"}],"event_choices":[{"damage_healed":0,"gold_gain":0,"player_choice":"2 cards matched","damage_taken":0,"max_hp_gain":0,"max_hp_loss":0,"event_name":"Match and Keep!","floor":2,"gold_loss":0,"cards_obtained":["Grand Finale","Neutralize"]},{"cards_removed":["Strike_G"],"damage_healed":0,"gold_gain":0,"player_choice":"Card Removal","damage_taken":0,"max_hp_gain":0,"max_hp_loss":0,"event_name":"Wheel of Change","floor":4,"gold_loss":0}],"is_beta":false,"boss_relics":[],"items_purged_floors":[],"is_endless":false,"potions_floor_spawned":[1,8],"killed_by":"Slime Boss","ascension_level":20}}