{"host":"kqe6w2igxc79vo14","time":1612175641,"event":{"mods":["AchievementEnabler","BaseMod","Downfall","Minty Spire (QoL Compilation)","Quick Restart","StSLib"],"gold_per_floor":[99,119,269,269,288,288,288,288,49,69,82,82,101,113,125,125,125,125],"floor_reached":16,"language":"ENG","playtime":1037,"items_purged":["Pride"],"score":99,"play_id":"07737934-5de4-4aec-97e1-0bbf3aa62567","local_time":"20210201123401","is_ascension_mode":true,"campfire_choices":[{"data":"Panacea","floor":1.0,"key":"SMITH"},{"data":"champ:EnragedBash","floor":8,"key":"SMITH"},{"floor":12,"key":"REST"}],"circlet_count":0,"master_deck":["champ:Strike","champ:Strike","champ:Strike","champ:Strike","champ:Defend","champ:Defend","champ:Defend","champ:Defend","champ:Execute","champ:Taunt+1","Panacea+1","champ:EnragedBash+1","downfall:Icky","champ:FocusedBerserking","champ:FocusedDefense","champ:IronFortress","champ:SkillfulDodge"],"relics":["champ:ChampionCrown","Pear","Omamori"],"acts_visited":["Exordium"],"potions_floor_usage":[],"damage_taken":[{"damage":10.0,"enemies":"Jaw Worm","floor":2.0,"turns":4.0},{"damage":15.0,"enemies":"Cultist","floor":5.0,"turns":4.0},{"damage":20,"enemies":"downfall:FleeingMerchant","floor":9,"turns":4},{"damage":5,"enemies":"2 Louse","floor":10,"turns":2},{"damage":48,"enemies":"Gremlin Gang","floor":11,"turns":4},{"damage":20,"enemies":"2 Fungi Beasts","floor":13,"turns":3},{"damage":27,"enemies":"Exordium Thugs","floor":14,"turns":4},{"damage":46,"enemies":"Large Slime","floor":15,"turns":5},{"damage":40,"enemies":"SI_SHIV_ARCHETYPE","floor":16,"turns":5}],"seed_played":"-1831575141174468849","potions_obtained":[{"floor":5.0,"key":"LiquidBronze"},{"floor":11,"key":"ColorlessPotion"},{"floor":14,"key":"Regen Potion"},{"floor":15,"key":"PowerPotion"}],"is_trial":false,"path_per_floor":["R","M","?","?","M","?","T","R","$","M","M","R","M","M","M","B"],"character_chosen":"THE_CHAMP","items_purchased":["Omamori"],"campfire_rested":1,"item_purchase_floors":[9],"current_hp_per_floor":[90,90,90,55,55,55,65,65,65,65,37,67,67,50,39,0,0,0],"gold":125,"neow_bonus":"RANDOM_COLORLESS","is_daily":false,"chose_seed":false,"campfire_upgraded":2,"win_rate":0.0,"timestamp":1612175641,"path_taken":["R","M","?","?","?","?","T","R","$","M","M","R","M","M","M","BOSS"],"items_purchased_type":["Relic"],"build_version":"2020-12-22","purchased_purges":1,"victory":false,"max_hp_per_floor":[90,90,90,90,90,90,100,100,100,100,100,100,100,100,100,100,100,100],"card_choices":[{"not_picked":["Forethought","Deep Breath"],"picked":"Panacea","floor":0.0},{"not_picked":["champ:PerfectedStrike","champ:EndlessRage"],"picked":"champ:EnragedBash","floor":2.0},{"not_picked":["champ:CrownThrow","champ:HeartStrike","champ:Duel"],"picked":"SKIP","floor":5.0},{"not_picked":["champ:Encircle","champ:PerfectedStrike"],"picked":"champ:FocusedBerserking","floor":9},{"not_picked":["champ:Shatter","champ:HeartStrike"],"picked":"champ:FocusedDefense","floor":10},{"not_picked":["champ:RisingSlash","champ:Shatter"],"picked":"champ:IronFortress","floor":11},{"not_picked":["champ:Shatter","champ:DeathBlow"],"picked":"champ:SkillfulDodge","floor":13},{"not_picked":["champ:AdrenalArmor","champ:DeathBlow","champ:Shatter"],"picked":"SKIP","floor":14},{"not_picked":["champ:DeathBlow","champ:Endure","champ:GladiatorStyle"],"picked":"SKIP","floor":15}],"player_experience":917688,"relics_obtained":[{"floor":7,"key":"Pear"}],"event_choices":[],"is_beta":false,"boss_relics":[],"items_purged_floors":[9],"is_endless":false,"potions_floor_spawned":[5,11,14,15],"killed_by":"SI_SHIV_ARCHETYPE","ascension_level":1}}