{"host":"gfmw02tnhhvp9jba","time":1612205599,"event":{"mods":["AchievementEnabler","BaseMod","Colored Map","Conspire","Downfall","Highlight Path","Minty Spire (QoL Compilation)","Replay The Spire","StSLib"],"gold_per_floor":[119,119,137,147,170,170,183,216,216,231,231,244,264,264,264,360,360,375,395,405,405,2,28,28,28,28,45,45,45,64,64,64,64,64],"floor_reached":33,"language":"ENG","playtime":1746,"items_purged":[],"score":294,"play_id":"25e72ce0-4006-4023-93c6-462a3940a7ad","local_time":"20210201195319","is_ascension_mode":false,"campfire_choices":[{"data":"Eruption","floor":6.0,"key":"SMITH"},{"data":"Wireheading","floor":15.0,"key":"SMITH"},{"floor":24.0,"key":"REST"},{"floor":28.0,"key":"REST"},{"floor":32,"key":"REST"}],"circlet_count":0,"master_deck":["Strike_P","Strike_P","Defend_P","Defend_P","Eruption+1","Vigilance","FearNoEvil","PathToVictory+1","EmptyFist","Crescendo","ThirdEye","Wireheading+1","CutThroughFate","DevaForm","Nirvana","ClearTheMind+1","Replay:Battleflow","LikeWater","ThirdEye","Replay:Anticipation","WindmillStrike","PathToVictory+1"],"relics":["PureWater","NeowsBlessing","Bronze Scales","Replay:Bottled Eggs","Singing Bowl","Fusion Hammer","Nilry\u0027s Codex","Garlic","Dream Catcher","ReplayTheSpireMod:Ninjato"],"acts_visited":["Exordium","TheCity"],"potions_floor_usage":[33],"damage_taken":[{"damage":0.0,"enemies":"conspire:RoseBush","floor":1.0,"turns":1.0},{"damage":0.0,"enemies":"Cultist","floor":3.0,"turns":1.0},{"damage":0.0,"enemies":"Jaw Worm","floor":4.0,"turns":1.0},{"damage":0.0,"enemies":"Lots of Slimes","floor":7.0,"turns":3.0},{"damage":22.0,"enemies":"3 Sentries","floor":8.0,"turns":7.0},{"damage":9.0,"enemies":"conspire:2 RoseBushes","floor":10.0,"turns":2.0},{"damage":4.0,"enemies":"2 Fungi Beasts","floor":12.0,"turns":3.0},{"damage":3.0,"enemies":"Looter","floor":13.0,"turns":3.0},{"damage":12.0,"enemies":"Slime Boss","floor":16.0,"turns":10.0},{"damage":5.0,"enemies":"Chosen","floor":18.0,"turns":4.0},{"damage":5.0,"enemies":"Spheric Guardian","floor":19.0,"turns":3.0},{"damage":32.0,"enemies":"Shelled Parasite and Fungi","floor":20.0,"turns":5.0},{"damage":11.0,"enemies":"Gremlin Leader","floor":23.0,"turns":4.0},{"damage":13.0,"enemies":"Cultist and Chosen","floor":27.0,"turns":7.0},{"damage":24.0,"enemies":"Snake Plant","floor":30.0,"turns":4.0},{"damage":44,"enemies":"Automaton","floor":33,"turns":8}],"seed_played":"8106269590273187962","potions_obtained":[{"floor":1.0,"key":"LifebloodPotion"},{"floor":8.0,"key":"LifebloodPotion"},{"floor":16.0,"key":"hexamod:SoulburnPotion"},{"floor":23.0,"key":"ColorlessPotion"},{"floor":27.0,"key":"SpeedPotion"}],"is_trial":false,"path_per_floor":["M","?","M","M","T","R","M","E","T","M","?","M","M","?","R","B",null,"M","M","M","?","$","E","R","?","T","M","R","$","M","?","R","B"],"character_chosen":"WATCHER","items_purchased":["LikeWater","Garlic","Toxic Potion","ThirdEye"],"campfire_rested":3,"item_purchase_floors":[22,22,22,22],"current_hp_per_floor":[72,72,72,72,72,72,72,50,50,41,41,39,38,31,31,19,76,71,66,34,18,18,9,34,19,19,8,36,36,14,14,41,0,0],"gold":64,"neow_bonus":"THREE_ENEMY_KILL","is_daily":false,"chose_seed":false,"campfire_upgraded":2,"win_rate":0.0,"timestamp":1612205599,"path_taken":["M","?","M","?","?","R","?","E","T","M","?","M","?","?","R","BOSS","M","M","M","?","$","E","R","?","T","M","R","?","M","?","R","BOSS"],"items_purchased_type":["Card","Relic","Potion","Card"],"build_version":"2020-12-22","purchased_purges":0,"victory":false,"max_hp_per_floor":[72,72,72,72,72,72,72,72,72,72,72,74,76,76,76,76,76,76,76,76,76,76,78,80,85,85,87,89,89,91,91,91,91,91],"card_choices":[{"not_picked":["Prostrate","Collect"],"picked":"FearNoEvil","floor":1.0},{"not_picked":["JustLucky","FlyingSleeves"],"picked":"PathToVictory","floor":3.0},{"not_picked":["Replay:Hum","CrushJoints"],"picked":"EmptyFist","floor":4.0},{"not_picked":["Halt","CrushJoints"],"picked":"Crescendo","floor":7.0},{"not_picked":["SashWhip","CarveReality"],"picked":"ThirdEye","floor":8.0},{"not_picked":["CarveReality","ConjureBlade"],"picked":"Wireheading","floor":10.0},{"not_picked":["SignatureMove","JustLucky","CrushJoints"],"picked":"Singing Bowl","floor":12.0},{"not_picked":["JustLucky","Prostrate","Replay:BluntJabs"],"picked":"Singing Bowl","floor":13.0},{"not_picked":["Omniscience","Establishment"],"picked":"DevaForm","floor":16.0},{"not_picked":["Prostrate+1","Halt"],"picked":"Nirvana","floor":18.0},{"not_picked":["BowlingBash","Protect"],"picked":"ClearTheMind+1","floor":19.0},{"not_picked":["Replay:ManipulateFuture","TalkToTheHand"],"picked":"Replay:Battleflow","floor":20.0},{"not_picked":["MasterReality","Crescendo","SandsOfTime+1"],"picked":"Singing Bowl","floor":23.0},{"not_picked":["WreathOfFlame+1","CarveReality","Replay:BluntJabs"],"picked":"Singing Bowl","floor":24.0},{"not_picked":["Consecrate+1","Replay:BluntJabs","JustLucky"],"picked":"Singing Bowl","floor":27.0},{"not_picked":["Replay:BluntJabs+1","BowlingBash","Replay:Vibes+1"],"picked":"Singing Bowl","floor":28.0},{"not_picked":["Crescendo","Replay:BluntJabs","ClearTheMind"],"picked":"Singing Bowl","floor":30.0},{"not_picked":["Replay:AtTheReady","Evaluate"],"picked":"PathToVictory","floor":32}],"player_experience":110605,"relics_obtained":[{"floor":5.0,"key":"Bronze Scales"},{"floor":8.0,"key":"Replay:Bottled Eggs"},{"floor":9.0,"key":"Singing Bowl"},{"floor":21.0,"key":"Nilry\u0027s Codex"},{"floor":23.0,"key":"Dream Catcher"},{"floor":26.0,"key":"ReplayTheSpireMod:Ninjato"}],"event_choices":[{"damage_healed":0.0,"max_hp_gain":0.0,"max_hp_loss":0.0,"gold_gain":0.0,"event_name":"The Woman in Blue","player_choice":"Bought 0 Potions","floor":2.0,"gold_loss":0.0,"damage_taken":0.0},{"cards_removed":["Defend_P"],"damage_healed":0.0,"max_hp_gain":0.0,"max_hp_loss":0.0,"gold_gain":0.0,"event_name":"NoteForYourself","player_choice":"Took Card","floor":11.0,"gold_loss":0.0,"damage_taken":0.0,"cards_obtained":["CutThroughFate"]},{"cards_removed":["Strike_P"],"damage_healed":0.0,"max_hp_gain":0.0,"max_hp_loss":0.0,"gold_gain":0.0,"event_name":"Golden Wing","player_choice":"Card Removal","floor":14.0,"gold_loss":0.0,"damage_taken":7.0},{"damage_healed":0.0,"max_hp_gain":0.0,"max_hp_loss":0.0,"gold_gain":0.0,"event_name":"Cursed Tome","player_choice":"Obtained Book","floor":21.0,"gold_loss":0.0,"damage_taken":16.0},{"damage_healed":0.0,"max_hp_gain":5.0,"max_hp_loss":0.0,"gold_gain":0.0,"event_name":"Forgotten Altar","player_choice":"Shed Blood","floor":25.0,"gold_loss":0.0,"damage_taken":20.0},{"damage_healed":0.0,"max_hp_gain":0.0,"max_hp_loss":0.0,"gold_gain":0.0,"cards_transformed":["Defend_P","Strike_P"],"event_name":"Drug Dealer","player_choice":"Became Test Subject","floor":31.0,"gold_loss":0.0,"damage_taken":0.0,"cards_obtained":["Replay:Anticipation","WindmillStrike"]}],"is_beta":false,"boss_relics":[{"not_picked":["Calling Bell","Busted Crown"],"picked":"Fusion Hammer"}],"items_purged_floors":[],"is_endless":false,"potions_floor_spawned":[1,8,16,23,27],"killed_by":"Automaton","ascension_level":0}}