{"host":"344lv32hnei0mdhu","time":1612218857,"event":{"mods":["Act Like it!","BaseMod","Better Match","Better Sensory Stone","Better Skull","Better Third Choice","Better Vampires","Colored Powertips","Highlight Path","Minty Spire (QoL Compilation)","Quick Restart","Random Character Button","Rare Cards Sparkle","StSLib"],"gold_per_floor":[112,112,39,51,51,51,89,89,89,113,155,155,177,204,204,317,389,411,449,449,68,90,50,91,91,91,108,108,108],"floor_reached":28,"language":"ENG","playtime":742,"items_purged":["PathToVictory"],"score":420,"play_id":"71ad8112-b75d-42ac-86f5-5309fd44f214","local_time":"20210201163417","is_ascension_mode":true,"campfire_choices":[{"data":"Conclude","floor":6.0,"key":"SMITH"},{"data":"Pray","floor":8.0,"key":"SMITH"},{"floor":12.0,"key":"REST"},{"floor":15.0,"key":"REST"},{"floor":25,"key":"REST"}],"circlet_count":0,"master_deck":["AscendersBane","Eruption","Vigilance","FollowUp","Conclude+1","MentalFortress","Pray+1","FearNoEvil","BowlingBash","InnerPeace","Judgement","Devotion+1","Scrawl","FollowUp","FollowUp","DevaForm","Halt","Weave","SignatureMove","Protect","BowlingBash+1","Judgement","Tantrum+1","ReachHeaven+1"],"relics":["PureWater","NeowsBlessing","CeramicFish","Pantograph","War Paint","Pandora\u0027s Box","Red Mask","Molten Egg 2","Darkstone Periapt"],"acts_visited":["Exordium","TheCity"],"potions_floor_usage":[24],"damage_taken":[{"damage":0.0,"enemies":"Cultist","floor":1.0,"turns":1.0},{"damage":0.0,"enemies":"Jaw Worm","floor":4.0,"turns":1.0},{"damage":0.0,"enemies":"3 Sentries","floor":7.0,"turns":1.0},{"damage":0.0,"enemies":"2 Louse","floor":10.0,"turns":1.0},{"damage":35.0,"enemies":"Lagavulin","floor":11.0,"turns":5.0},{"damage":16.0,"enemies":"Exordium Wildlife","floor":13.0,"turns":4.0},{"damage":0.0,"enemies":"Gremlin Gang","floor":14.0,"turns":1.0},{"damage":11.0,"enemies":"Slime Boss","floor":16.0,"turns":7.0},{"damage":33.0,"enemies":"2 Thieves","floor":18.0,"turns":3.0},{"damage":4.0,"enemies":"Masked Bandits","floor":19.0,"turns":3.0},{"damage":0.0,"enemies":"Spheric Guardian","floor":22.0,"turns":2.0},{"damage":29,"enemies":"Slavers","floor":24,"turns":4},{"damage":8,"enemies":"Chosen and Byrds","floor":27,"turns":4},{"damage":28,"enemies":"Gremlin Leader","floor":28,"turns":2}],"seed_played":"-6834004681433211697","potions_obtained":[{"floor":4.0,"key":"Fire Potion"},{"floor":10.0,"key":"Strength Potion"},{"floor":13.0,"key":"AttackPotion"},{"floor":16.0,"key":"SneckoOil"},{"floor":18.0,"key":"SpeedPotion"},{"floor":22.0,"key":"Fire Potion"}],"is_trial":false,"path_per_floor":["M","$","$","M","?","R","E","R","T","M","E","R","M","M","R","B",null,"M","?","?","$","M","?","E","R","T","M","E"],"character_chosen":"WATCHER","items_purchased":["Conclude","Molten Egg 2","Judgement"],"campfire_rested":3,"item_purchase_floors":[3,21,21],"current_hp_per_floor":[65,65,65,65,65,65,65,65,65,65,30,51,35,35,56,61,69,36,32,32,32,32,32,3,24,24,16,0,0],"gold":108,"neow_bonus":"THREE_ENEMY_KILL","is_daily":false,"chose_seed":false,"campfire_upgraded":2,"win_rate":0.0,"timestamp":1612218857,"path_taken":["M","?","$","?","?","R","E","R","T","M","E","R","M","M","R","BOSS","M","?","?","$","?","?","E","R","T","?","E"],"items_purchased_type":["Card","Relic","Card"],"build_version":"2020-12-22","purchased_purges":1,"victory":false,"max_hp_per_floor":[72,72,72,72,72,72,72,72,72,72,72,72,72,72,72,72,72,72,72,72,72,72,72,72,72,72,72,72,72],"card_choices":[{"not_picked":["Halt","EmptyFist"],"picked":"FollowUp","floor":1.0},{"not_picked":["EmptyBody","PathToVictory"],"picked":"MentalFortress","floor":4.0},{"not_picked":["PanicButton","Deep Breath"],"picked":"Thinking Ahead","floor":5.0},{"not_picked":["EmptyFist","Weave"],"picked":"Pray","floor":7.0},{"not_picked":["Meditate","CutThroughFate"],"picked":"PathToVictory","floor":10.0},{"not_picked":["CrushJoints","Blasphemy"],"picked":"FearNoEvil","floor":11.0},{"not_picked":["Crescendo","Consecrate"],"picked":"BowlingBash","floor":13.0},{"not_picked":["Adaptation","EmptyFist"],"picked":"InnerPeace","floor":14.0},{"not_picked":["MasterReality","Establishment"],"picked":"Judgement","floor":16.0},{"not_picked":["ThirdEye","Prostrate"],"picked":"Protect","floor":18.0},{"not_picked":["Study+1","EmptyBody+1"],"picked":"BowlingBash+1","floor":19.0},{"not_picked":["Meditate+1","EmptyBody+1"],"picked":"Tantrum+1","floor":22.0},{"not_picked":["Prostrate","ThirdEye"],"picked":"ReachHeaven+1","floor":24},{"not_picked":["FlurryOfBlows+1","Weave+1","DeceiveReality"],"picked":"SKIP","floor":27}],"player_experience":392997,"relics_obtained":[{"floor":7.0,"key":"CeramicFish"},{"floor":9.0,"key":"Pantograph"},{"floor":11.0,"key":"War Paint"},{"floor":19.0,"key":"Red Mask"},{"floor":24,"key":"Darkstone Periapt"}],"event_choices":[{"damage_healed":0.0,"max_hp_gain":0.0,"max_hp_loss":0.0,"gold_gain":1.0,"event_name":"betterStone:BetterStone","player_choice":"1","floor":5.0,"gold_loss":0.0,"damage_taken":0.0},{"damage_healed":0.0,"max_hp_gain":0.0,"max_hp_loss":0.0,"gold_gain":0.0,"event_name":"Masked Bandits","player_choice":"Fought Bandits","floor":19.0,"gold_loss":0.0,"damage_taken":0.0},{"cards_removed":["Thinking Ahead"],"damage_healed":0.0,"max_hp_gain":0.0,"max_hp_loss":0.0,"gold_gain":0.0,"event_name":"Purifier","player_choice":"Purged","floor":20.0,"gold_loss":0.0,"damage_taken":0.0},{"damage_healed":0.0,"max_hp_gain":0.0,"max_hp_loss":0.0,"gold_gain":0.0,"event_name":"Designer","player_choice":"Upgrade","floor":23.0,"gold_loss":40.0,"damage_taken":0.0,"cards_upgraded":["Devotion"]}],"is_beta":false,"boss_relics":[{"not_picked":["Philosopher\u0027s Stone","Runic Dome"],"picked":"Pandora\u0027s Box"}],"items_purged_floors":[21],"is_endless":false,"potions_floor_spawned":[4,10,13,16,18,22],"killed_by":"Gremlin Leader","ascension_level":11}}