{"host":"ji1fk25fd1ga4ji1","time":1612184746,"event":{"mods":["2.2 Compatiblity","BaseMod","Colored Map","DeckTracker","Minty Spire (QoL Compilation)","Permanent Neow","Quick Restart","StSLib","SuperFastMode"],"gold_per_floor":[110,127,140,140,140,169,169,94,165,165,165,175,185,215,215,312,312,329,126,126,140,77,77,88,101,101,132,47,61,92,103,103,200,200,210,135,148,161,175,200,213,213,239,239,268,286,297,323,323,323,323,323,7,35,35],"floor_reached":56,"language":"KOR","playtime":1464,"items_purged":["Strike_R","Uppercut","Clothesline","Uppercut","Pommel Strike"],"score":1341,"play_id":"0bb9583b-8be2-4b9f-8c45-e43873f09bd9","local_time":"20210201220546","is_ascension_mode":true,"campfire_choices":[{"data":"Anger","floor":7,"key":"SMITH"},{"data":"Inflame","floor":10,"key":"SMITH"},{"data":"Pommel Strike","floor":15,"key":"SMITH"},{"data":"Demon Form","floor":23,"key":"SMITH"},{"floor":32,"key":"RECALL"},{"data":"Limit Break","floor":42,"key":"SMITH"},{"data":"Evolve","floor":44,"key":"SMITH"},{"data":"Heavy Blade","floor":49,"key":"SMITH"},{"data":"Battle Trance","floor":52,"key":"SMITH"}],"circlet_count":0,"master_deck":["Bash","Anger+1","Whirlwind","Shrug It Off","Inflame+1","Reaper","Pommel Strike+1","Power Through","Demon Form+1","Bloodletting+1","Heavy Blade+1","Evolve+1","Ghostly Armor+1","True Grit","Power Through","Bloodletting","Limit Break+1","Rupture+1","Reaper","Battle Trance+1","Reaper"],"relics":["Burning Blood","Ancient Tea Set","Self Forming Clay","Pandora\u0027s Box","Membership Card","Pantograph","Meat on the Bone","Matryoshka","Magic Flower","Toy Ornithopter","Mark of Pain","Bag of Marbles","Bag of Preparation","Art of War","Shuriken","Centennial Puzzle","War Paint","Red Skull","Mummified Hand"],"acts_visited":["Exordium","TheCity","TheBeyond","TheEnding"],"potions_floor_usage":[24,30,35,55,55],"damage_taken":[{"damage":0.0,"enemies":"Small Slimes","floor":1.0,"turns":3.0},{"damage":6.0,"enemies":"2 Louse","floor":2.0,"turns":2.0},{"damage":6.0,"enemies":"Cultist","floor":3.0,"turns":3.0},{"damage":45,"enemies":"3 Sentries","floor":6,"turns":7},{"damage":0,"enemies":"Lots of Slimes","floor":12,"turns":2},{"damage":11,"enemies":"Large Slime","floor":13,"turns":3},{"damage":14,"enemies":"Gremlin Nob","floor":14,"turns":3},{"damage":42,"enemies":"The Guardian","floor":16,"turns":10},{"damage":3,"enemies":"3 Byrds","floor":18,"turns":6},{"damage":3,"enemies":"Chosen","floor":21,"turns":5},{"damage":22,"enemies":"Shelled Parasite and Fungi","floor":24,"turns":6},{"damage":19,"enemies":"Snecko","floor":25,"turns":5},{"damage":29,"enemies":"Book of Stabbing","floor":27,"turns":6},{"damage":13,"enemies":"Chosen and Byrds","floor":29,"turns":4},{"damage":48,"enemies":"Gremlin Leader","floor":30,"turns":7},{"damage":7,"enemies":"Centurion and Healer","floor":31,"turns":7},{"damage":82,"enemies":"Collector","floor":33,"turns":8},{"damage":13,"enemies":"3 Shapes","floor":35,"turns":4},{"damage":19,"enemies":"3 Darklings","floor":37,"turns":5},{"damage":60,"enemies":"Jaw Worm Horde","floor":38,"turns":6},{"damage":45,"enemies":"Sphere and 2 Shapes","floor":39,"turns":7},{"damage":23,"enemies":"Giant Head","floor":40,"turns":7},{"damage":14,"enemies":"Spire Growth","floor":41,"turns":4},{"damage":38,"enemies":"Reptomancer","floor":45,"turns":5},{"damage":6,"enemies":"Jaw Worm Horde","floor":46,"turns":2},{"damage":14,"enemies":"Sphere and 2 Shapes","floor":47,"turns":4},{"damage":22,"enemies":"Giant Head","floor":48,"turns":6},{"damage":69,"enemies":"Time Eater","floor":50,"turns":5},{"damage":47,"enemies":"Shield and Spear","floor":54,"turns":6},{"damage":114,"enemies":"The Heart","floor":55,"turns":6}],"seed_played":"4531442704681799204","potions_obtained":[{"floor":3.0,"key":"EssenceOfSteel"},{"floor":6,"key":"Ancient Potion"},{"floor":16,"key":"Dexterity Potion"},{"floor":18,"key":"AttackPotion"},{"floor":24,"key":"BloodPotion"},{"floor":27,"key":"DuplicationPotion"},{"floor":31,"key":"Block Potion"},{"floor":37,"key":"Ancient Potion"},{"floor":54,"key":"GamblersBrew"}],"is_trial":false,"path_per_floor":["M","M","M","?","?","E","R","$","T","R","?","M","M","E","R","B",null,"M","$","T","M","$","R","M","M","T","E","?","M","E","M","R","B",null,"M","$","M","M","M","E","M","R","T","R","E","M","M","E","R","B",null,"R","$","E","B",null],"character_chosen":"IRONCLAD","items_purchased":["Membership Card","War Paint","Reaper","Red Skull"],"campfire_rested":0,"item_purchase_floors":[19,53,53,53],"current_hp_per_floor":[80,80,80,85,85,46,46,46,46,46,46,69,64,56,56,27,85,85,85,85,85,85,85,85,85,85,62,62,58,37,78,78,30,85,84,84,85,79,58,85,85,85,85,85,85,85,85,85,85,57,85,85,85,85,85],"gold":35,"neow_bonus":"REMOVE_CARD","is_daily":false,"chose_seed":false,"campfire_upgraded":8,"win_rate":0.0,"timestamp":1612184746,"path_taken":["M","M","M","?","?","E","R","$","T","R","?","?","M","E","R","BOSS","M","$","?","M","$","R","M","M","T","E","?","?","E","M","R","BOSS","M","$","M","M","M","E","M","R","T","R","E","M","M","E","R","BOSS","R","$","E","BOSS"],"items_purchased_type":["Relic","Relic","Card","Relic"],"build_version":"2020-12-22","purchased_purges":5,"victory":true,"max_hp_per_floor":[80,80,80,85,85,85,85,85,85,85,85,85,85,85,85,85,85,85,85,85,85,85,85,85,85,85,85,85,85,85,85,85,85,85,85,85,85,85,85,85,85,85,85,85,85,85,85,85,85,85,85,85,85,85,85],"card_choices":[{"not_picked":["Sword Boomerang","Twin Strike"],"picked":"Anger","floor":1.0},{"not_picked":["Iron Wave","True Grit"],"picked":"Whirlwind","floor":2.0},{"not_picked":["Clothesline","Hemokinesis"],"picked":"Shrug It Off","floor":3.0},{"not_picked":["Body Slam","True Grit"],"picked":"Inflame","floor":6},{"not_picked":["Fire Breathing","Armaments","Feel No Pain"],"picked":"SKIP","floor":12},{"not_picked":["Cleave","Wild Strike"],"picked":"Pommel Strike","floor":13},{"not_picked":["Carnage","Rupture"],"picked":"Power Through","floor":14},{"not_picked":["Juggernaut","Impervious"],"picked":"Demon Form","floor":16},{"not_picked":["Wild Strike+1","Flame Barrier"],"picked":"True Grit","floor":18},{"not_picked":["Entrench","Sever Soul","Warcry"],"picked":"SKIP","floor":21},{"not_picked":["Pommel Strike","Sever Soul"],"picked":"Power Through","floor":24},{"not_picked":["Havoc","Dark Embrace","Sentinel"],"picked":"SKIP","floor":25},{"not_picked":["Twin Strike","Sever Soul+1"],"picked":"Pommel Strike","floor":27},{"not_picked":["Thunderclap+1","Dual Wield","Twin Strike"],"picked":"SKIP","floor":29},{"not_picked":["Flex","Fiend Fire","Evolve"],"picked":"SKIP","floor":30},{"not_picked":["Bloodletting","Thunderclap","Havoc+1"],"picked":"SKIP","floor":31},{"not_picked":["Thunderclap","Havoc+1"],"picked":"Bloodletting","floor":31},{"not_picked":["Impervious","Demon Form"],"picked":"Limit Break","floor":33},{"not_picked":["Cleave+1","Havoc+1","Armaments"],"picked":"SKIP","floor":35},{"not_picked":["Clash","Infernal Blade","Evolve"],"picked":"SKIP","floor":37},{"not_picked":["Rampage+1","Iron Wave","Havoc+1"],"picked":"SKIP","floor":38},{"not_picked":["Cleave+1","Havoc","Warcry+1"],"picked":"SKIP","floor":39},{"not_picked":["Rupture+1","Feel No Pain","Bloodletting+1"],"picked":"SKIP","floor":40},{"not_picked":["Rupture+1","Feel No Pain","Bloodletting+1"],"picked":"SKIP","floor":40},{"not_picked":["Rupture+1","Feel No Pain","Bloodletting+1"],"picked":"SKIP","floor":40},{"not_picked":["Feel No Pain","Bloodletting+1"],"picked":"Rupture+1","floor":40},{"not_picked":["Heavy Blade+1","Headbutt+1"],"picked":"Reaper","floor":41},{"not_picked":["Reckless Charge+1","Armaments"],"picked":"Battle Trance","floor":45},{"not_picked":["Burning Pact+1","Rage+1","Heavy Blade"],"picked":"SKIP","floor":46},{"not_picked":["Ghostly Armor+1","Fire Breathing","Pommel Strike"],"picked":"SKIP","floor":47},{"not_picked":["Dark Embrace","Pommel Strike","Dropkick+1"],"picked":"SKIP","floor":48},{"not_picked":["Flame Barrier","Clothesline+1","Sever Soul+1"],"picked":"SKIP","floor":54},{"not_picked":["Flame Barrier","Clothesline+1","Sever Soul+1"],"picked":"SKIP","floor":54}],"player_experience":486011,"relics_obtained":[{"floor":6,"key":"Ancient Tea Set"},{"floor":14,"key":"Self Forming Clay"},{"floor":20,"key":"Pantograph"},{"floor":26,"key":"Meat on the Bone"},{"floor":27,"key":"Matryoshka"},{"floor":30,"key":"Toy Ornithopter"},{"floor":40,"key":"Bag of Marbles"},{"floor":43,"key":"Bag of Preparation"},{"floor":43,"key":"Art of War"},{"floor":45,"key":"Shuriken"},{"floor":48,"key":"Centennial Puzzle"},{"floor":54,"key":"Mummified Hand"}],"event_choices":[{"damage_healed":0.0,"max_hp_gain":5.0,"max_hp_loss":0.0,"gold_gain":0.0,"event_name":"Big Fish","player_choice":"Donut","floor":4.0,"gold_loss":0.0,"damage_taken":0.0},{"damage_healed":0,"gold_gain":0,"player_choice":"Ignored","damage_taken":0,"max_hp_gain":0,"max_hp_loss":0,"event_name":"Shining Light","floor":5,"gold_loss":0},{"damage_healed":0,"gold_gain":0,"player_choice":"1 cards matched","damage_taken":0,"max_hp_gain":0,"max_hp_loss":0,"event_name":"Match and Keep!","floor":11,"gold_loss":0,"cards_obtained":["Reaper"]},{"damage_healed":0,"gold_gain":0,"player_choice":"Obtained Relic","damage_taken":0,"relics_obtained":["Magic Flower"],"max_hp_gain":0,"max_hp_loss":0,"event_name":"Addict","floor":28,"gold_loss":85}],"is_beta":false,"boss_relics":[{"not_picked":["Coffee Dripper","Empty Cage"],"picked":"Pandora\u0027s Box"},{"not_picked":["SacredBark","Philosopher\u0027s Stone"],"picked":"Mark of Pain"}],"items_purged_floors":[8,19,22,36,53],"is_endless":false,"potions_floor_spawned":[3,6,16,18,24,27,31,33,37,40,41,46,54],"ascension_level":1}}