{"host":"pesfwaef25r60kxm","time":1612167699,"event":{"mods":["ATMod(阿瑾Mod)","Act Like it!","Arknights","BaseMod","Colored Powertips","Downfall","Gensokyo","Minty Spire (QoL Compilation)","Pale of the Ancients","Replay The Spire","RumiaBox-露米娅的神秘盒子","Shop Mod","Spicy Shops","StSLib","Waifu the Spire","WarShipGirlsR/战舰少女R mod","[IsaacMod]以撒尖塔","noobMod","【功能Mod】聪明的最终Boss","【遗物卡牌】REMEMod"],"gold_per_floor":[115,115,134,64,64,64,98,126,126,158,10,25,25,25,25,130,130,442,459,459,459,7,42,42,274,298,312,100,113,146,156,156,254,254,269,4,29,54,88,142,142,183,183,214,2,24,77,100,100,154,183,208,508,72,72,124,124,175,175,199],"floor_reached":61,"language":"ZHS","playtime":2492,"items_purged":["Defend_R","Strike_R","Strike_R","Strike_R","Parasite"],"score":1984,"play_id":"eafb5219-ccf6-491a-b515-6211382bd29f","local_time":"20210201162139","is_ascension_mode":true,"campfire_choices":[{"data":"REME_HeartOfCthun","floor":6,"key":"SMITH"},{"data":"AT_LightSaberMaster","floor":13,"key":"SMITH"},{"data":"Bludgeon","floor":15,"key":"SMITH"},{"data":"Delirium","floor":24,"key":"PURGE"},{"data":"Defend_R","floor":32,"key":"PURGE"},{"data":"Defend_R","floor":41,"key":"PURGE"},{"floor":49,"key":"RECALL"},{"data":"Strike_R","floor":55,"key":"PURGE"},{"data":"Defend_R+1","floor":57,"key":"PURGE"}],"circlet_count":0,"master_deck":["Strike_R+1","Bash","REME_HeartOfCthun+1","AT_LightSaberMaster+1","Bludgeon+1","Sword Boomerang+1","Replay:Undeath\u0027s Touch","AT_ManFootWork+1","Demon Form+1","Flex+1","Armaments","Inflame","Inflame","AT_DrawKnifeCut+1","Limit Break+1","Double Tap+1","Secret Technique","Inflame+1","ReplayTheSpireMod:Limb From Limb+1","AT_ShrugMaster+1","Apotheosis","Metallicize+1","Jack Of All Trades+1","AT_FamilyPortrait","REME_BuildACard"],"relics":["Burning Blood","HushsDoor","ice","REME_ComplimentaryCards","AT_ATBox","PillsDrop","Bag of Marbles","Molten Egg 2","Bottled Tornado","AT_SunfireAegis","MagicDraw3","ReplayTheSpireMod:Spearhead","AddBug","ice","Peace Pipe","Tiny Chest","ReplayTheSpireMod:Ring of Addiction","Potion Belt","Toy Ornithopter","Ring of Misfortune","SteamSale","ClockworkSouvenir","King of Hearts","REME_PuzzleBoxRelic","DoctorsRemote","ReplayTheSpireMod:TigerMarble","War Paint","AT_PhaseBoots","Prayer Wheel","Lantern","AT_SunfireAegis","YumHeart","REME_LowDesire","Ccalipers","Nunchaku","Replay:Bottled Eggs","Guide Book","Replay:Bandana","Pet Ghost","ClockworkSouvenir","Blue Doll","EdensBlessing","MagicDraw4","Omamori","BargainBundle","Magic Flower","PokeGo","paleoftheancients:Timepiece","paleoftheancients:KeyRelic","Ccalipers","Bag of Preparation","HandDrill","Blood Vial","ReplayTheSpireMod:ShopPack","paleoftheancients:SoulOfTheDefect","AT_BellDemon"],"acts_visited":["Exordium","Gensokyo:Gensokyo","TheBeyond","TheBeyond"],"potions_floor_usage":[21,23,23,23,30,37,40,50,54,60,60,60,60],"damage_taken":[{"damage":0,"enemies":"Gensokyo:3_Fairies","floor":1,"turns":4},{"damage":0,"enemies":"Gensokyo:Gryphon","floor":3,"turns":1},{"damage":0,"enemies":"Gensokyo:Aya","floor":7,"turns":2},{"damage":20,"enemies":"Gensokyo:Mamizou","floor":8,"turns":6},{"damage":16,"enemies":"Gensokyo:Aya","floor":10,"turns":3},{"damage":2,"enemies":"Gensokyo:2_Kodama","floor":12,"turns":3},{"damage":43,"enemies":"Gensokyo:Yukari","floor":16,"turns":8},{"damage":7,"enemies":"Gensokyo:3_Dogs","floor":18,"turns":3},{"damage":2,"enemies":"Gensokyo:2_Gloops","floor":19,"turns":4},{"damage":57,"enemies":"Gensokyo:Koishi","floor":23,"turns":5},{"damage":39,"enemies":"Gensokyo:Reisen","floor":25,"turns":4},{"damage":23,"enemies":"Gensokyo:Slime_Group","floor":27,"turns":2},{"damage":0,"enemies":"Gensokyo:3_Gloops","floor":29,"turns":2},{"damage":21,"enemies":"Gensokyo:Tenshi","floor":30,"turns":2},{"damage":19,"enemies":"Gensokyo:Wraith","floor":31,"turns":3},{"damage":24,"enemies":"Gensokyo:Kaguya","floor":33,"turns":4},{"damage":0,"enemies":"3 Darklings","floor":35,"turns":1},{"damage":0,"enemies":"Orb Walker","floor":37,"turns":1},{"damage":0,"enemies":"Maw","floor":39,"turns":2},{"damage":0,"enemies":"Reptomancer","floor":40,"turns":2},{"damage":0,"enemies":"R_Hoarder","floor":42,"turns":2},{"damage":0,"enemies":"Writhing Mass","floor":44,"turns":2},{"damage":0,"enemies":"Spire Growth","floor":46,"turns":2},{"damage":13,"enemies":"Giant Head","floor":47,"turns":2},{"damage":0,"enemies":"3 Darklings","floor":48,"turns":1},{"damage":9,"enemies":"Donu and Deca","floor":50,"turns":9},{"damage":0,"enemies":"Donu and Deca","floor":51,"turns":4},{"damage":8,"enemies":"Donu and Deca","floor":52,"turns":2},{"damage":5,"enemies":"Donu and Deca","floor":56,"turns":2},{"damage":596,"enemies":"Delirium","floor":60,"turns":6}],"seed_played":"-2260406583109712492","potions_obtained":[{"floor":8,"key":"Block Potion"},{"floor":12,"key":"SpeedPotion"},{"floor":18,"key":"AttackPotion"},{"floor":21,"key":"REME_GoldPotion"},{"floor":21,"key":"Weak Potion"},{"floor":21,"key":"Fire Potion"},{"floor":27,"key":"Dexterity Potion"},{"floor":29,"key":"GamblersBrew"},{"floor":30,"key":"Venom Potion"},{"floor":33,"key":"Flashbang"},{"floor":39,"key":"Fire Potion"},{"floor":40,"key":"REME_GoldPotion"},{"floor":47,"key":"Block Potion"},{"floor":48,"key":"LifebloodPotion"}],"is_trial":false,"path_per_floor":["M","?","M","?","$","R","E","?","T","E","COS","M","R","T","R","B",null,"M","M","?","?","COS","E","R","E","T","M","$","M","E","M","R","B",null,"M","$","M","T","M","E","R","E","T","M","$","M","E","M","R","B","M","M","?","$","R","M","R","T","?","B",null],"character_chosen":"IRONCLAD","items_purchased":["War Paint","AT_SpeedBoots","Inflame","Replay:Bottled Eggs","Guide Book","Replay:Bandana","Omamori","BargainBundle","Magic Flower","Bag of Preparation","HandDrill","REME_GoldPotion","HeartOfIron","Blood Vial","ReplayTheSpireMod:ShopPack"],"campfire_rested":0,"item_purchase_floors":[28,28,28,36,36,36,45,45,45,54,54,54,54,54,54],"current_hp_per_floor":[80,80,80,80,80,80,80,66,66,56,56,60,60,60,60,23,58,57,61,46,51,51,15,15,51,51,34,34,40,30,20,20,75,82,84,84,82,82,82,82,82,82,82,80,80,81,75,80,80,105,108,108,108,103,103,107,107,105,105,3824],"gold":199,"neow_bonus":"RANDOM_COMMON_RELIC","is_daily":false,"chose_seed":false,"campfire_upgraded":3,"win_rate":0.0,"timestamp":1612167699,"path_taken":["M","?","?","?","?","R","E","?","T","E","COS","M","R","?","R","BOSS","M","M","?","?","COS","E","R","E","T","M","?","M","E","?","R","BOSS","M","$","M","?","M","E","R","E","T","?","?","M","E","M","R","BOSS","M","M","?","$","R","M","R","T","?","BOSS"],"items_purchased_type":["Relic","Relic","Card","Relic","Relic","Relic","Relic","Relic","Relic","Relic","Relic","Potion","Potion","Relic","Relic"],"build_version":"2020-12-22","purchased_purges":5,"victory":true,"max_hp_per_floor":[80,80,80,80,80,80,80,80,80,80,80,80,80,80,80,75,70,70,70,70,70,70,70,70,75,75,74,74,74,75,82,82,86,84,84,84,82,82,82,82,82,82,82,80,80,81,80,80,80,105,108,108,108,103,103,107,107,105,105,3824],"card_choices":[{"not_picked":[],"picked":"Bomb","floor":0},{"not_picked":["AT_CaressingTears","AT_BodySlamDance"],"picked":"Bludgeon","floor":1},{"not_picked":["Headbutt","Impervious"],"picked":"Sword Boomerang","floor":2},{"not_picked":["Sentinel","Havoc"],"picked":"Replay:Undeath\u0027s Touch","floor":3},{"not_picked":["Hemokinesis+1","Perfected Strike+1","Seeing Red"],"picked":"SKIP","floor":7},{"not_picked":["Sentinel","Headbutt+1","Disarm"],"picked":"SKIP","floor":8},{"not_picked":["Evolve","True Grit","Sword Boomerang+1"],"picked":"SKIP","floor":10},{"not_picked":["Perfected Strike+1","Searing Blow+1"],"picked":"AT_ManFootWork","floor":12},{"not_picked":["Reaper+1","Barricade"],"picked":"Demon Form","floor":16},{"not_picked":["Infernal Blade","Ghostly Armor"],"picked":"Flex+1","floor":18},{"not_picked":["Headbutt+1","Sword Boomerang+1","Anger+1"],"picked":"SKIP","floor":19},{"not_picked":["Pummel+1","Wild Strike+1"],"picked":"Armaments","floor":23},{"not_picked":["Battle Trance+1","Hemokinesis+1","Disarm+1"],"picked":"SKIP","floor":25},{"not_picked":["AT_BodySlamDance","Headbutt+1","Pommel Strike+1"],"picked":"SKIP","floor":27},{"not_picked":["ReplayTheSpireMod:Stacked","Clothesline+1","Flex"],"picked":"SKIP","floor":29},{"not_picked":["REME_Fury","Anger+1","Battle Trance"],"picked":"SKIP","floor":30},{"not_picked":["Hemokinesis+1","Shrug It Off"],"picked":"AT_DrawKnifeCut+1","floor":31},{"not_picked":["ReplayReversal+1","Flex","Cleave+1"],"picked":"SKIP","floor":31},{"not_picked":["Double Tap","Bludgeon+1"],"picked":"Limit Break","floor":33},{"not_picked":["Cleave+1","Massacre+1","Replay:Sssssssssshield+1"],"picked":"Double Tap","floor":35},{"not_picked":["Burning Pact","Thunderclap+1","Cleave+1","REME_BodyOfCthun"],"picked":"SKIP","floor":35},{"not_picked":["Burning Pact","Anger+1","AT_IchimonjiDouble+1"],"picked":"Secret Technique","floor":37},{"not_picked":["Headbutt+1","Body Slam+1","Fire Breathing","Mind Blast+1"],"picked":"SKIP","floor":37},{"not_picked":["Iron Wave+1","Sever Soul+1","AT_LightSaberMaster+1"],"picked":"Inflame+1","floor":39},{"not_picked":["Headbutt+1","Fire Breathing","REME_MawOfCthun"],"picked":"ReplayTheSpireMod:Limb From Limb+1","floor":39},{"not_picked":["AT_DiedThrough","Life Link+1","AT_IchimonjiDouble+1","BloodyBrimstone+1"],"picked":"SKIP","floor":40},{"not_picked":["Cleave+1","ReplayTheSpireMod:LeadingStrike+1","Finesse"],"picked":"AT_ShrugMaster+1","floor":42},{"not_picked":["Bloodletting+1","Havoc+1","Run Through+1"],"picked":"Apotheosis","floor":44},{"not_picked":["Thunderclap+1","AT_CaressingTears","Battle Trance+1","Replay:Sssssssssstrike+1"],"picked":"SKIP","floor":44},{"not_picked":["Clothesline+1","Sword Boomerang+1","Warcry+1","Swift Strike+1"],"picked":"SKIP","floor":46},{"not_picked":["Fiend Fire+1","Warcry+1","AT_IchimonjiDouble+1","REME_TheoryOfElimination"],"picked":"SKIP","floor":46},{"not_picked":["Rupture","Iron Wave+1","Replay:Sssssssssstrike+1"],"picked":"Metallicize+1","floor":47},{"not_picked":["Shrug It Off","Wild Strike+1","Cleave+1","Replay:Sssssssssstrike+1"],"picked":"SKIP","floor":48},{"not_picked":["ReplayTheSpireMod:LeadingStrike+1","Defy Death+1","Wild Strike+1","Replay:Parry+1"],"picked":"SKIP","floor":48},{"not_picked":["Clothesline+1","Iron Wave+1","Body Slam+1","Berserk","Seeing Red+1","Impatience"],"picked":"SKIP","floor":51},{"not_picked":["Feel No Pain+1","Twin Strike+1","Perfected Strike+1","AT_BodySlamDance+1","REME_Cut+1","REME_ProfessionalPlagiarism"],"picked":"SKIP","floor":51},{"not_picked":["Shrug It Off","Dropkick+1","Blood for Blood+1"],"picked":"Jack Of All Trades+1","floor":52},{"not_picked":["ReplayTheSpireMod:Muscle Training+1","Fire Breathing+1","Feel No Pain+1","Dark Shackles"],"picked":"SKIP","floor":52},{"not_picked":["Violence","Battery","Thinking Ahead"],"picked":"AT_FamilyPortrait","floor":54},{"not_picked":["Specialist","REME_FirmDetermination","Forethought"],"picked":"REME_BuildACard","floor":54},{"not_picked":["Fire Breathing+1","True Grit+1","Headbutt+1","REME_ShortnessOfBreath+1"],"picked":"SKIP","floor":56},{"not_picked":["ReplayTheSpireMod:LeadingStrike+1","Evolve+1","Entrench+1","PanicButton+1"],"picked":"SKIP","floor":56}],"player_experience":126022,"relics_obtained":[{"floor":7,"key":"Molten Egg 2"},{"floor":8,"key":"Bottled Tornado"},{"floor":10,"key":"AT_SunfireAegis"},{"floor":14,"key":"MagicDraw3"},{"floor":18,"key":"ice"},{"floor":21,"key":"ReplayTheSpireMod:Ring of Addiction"},{"floor":21,"key":"Potion Belt"},{"floor":21,"key":"Toy Ornithopter"},{"floor":21,"key":"Ring of Misfortune"},{"floor":23,"key":"King of Hearts"},{"floor":25,"key":"DoctorsRemote"},{"floor":26,"key":"ReplayTheSpireMod:TigerMarble"},{"floor":30,"key":"Lantern"},{"floor":31,"key":"AT_SunfireAegis"},{"floor":34,"key":"Ccalipers"},{"floor":34,"key":"Nunchaku"},{"floor":38,"key":"Pet Ghost"},{"floor":40,"key":"ClockworkSouvenir"},{"floor":40,"key":"Blue Doll"},{"floor":42,"key":"EdensBlessing"},{"floor":43,"key":"MagicDraw4"},{"floor":47,"key":"PokeGo"},{"floor":52,"key":"Ccalipers"},{"floor":56,"key":"paleoftheancients:SoulOfTheDefect"},{"floor":58,"key":"AT_BellDemon"}],"event_choices":[],"is_beta":false,"boss_relics":[{"not_picked":["Astrolabe","Fusion Hammer"],"picked":"AddBug"},{"not_picked":[]},{"not_picked":["REME_DemonsWealth","Mark of Pain"],"picked":"REME_LowDesire"},{"not_picked":[]}],"items_purged_floors":[17,28,36,45,54],"is_endless":false,"potions_floor_spawned":[8,12,18,27,29,30,35,39,40,47,48],"ascension_level":5}}