{"host":"o3nki8hvugtioqst","time":1612192965,"event":{"mods":["BaseMod","Hermit","Minty Spire (QoL Compilation)","Quick Restart","Rare Cards Sparkle","StSLib","SuperFastMode","The Bug Knight"],"gold_per_floor":[116,116,116,191,210,236,236,256,256,281,281,293,311,324,324,421,421,441,452,307,382,398,398,415,426,508,48,75,75,16,32,32,32,32],"floor_reached":33,"language":"ENG","playtime":1126,"items_purged":[],"score":379,"play_id":"0ddad497-fecf-44bb-9b78-fde6db1ad60e","local_time":"20210201172245","is_ascension_mode":false,"campfire_choices":[{"data":"hermit:Glare","floor":15,"key":"SMITH"},{"floor":23,"key":"REST"},{"floor":29,"key":"REST"},{"floor":32,"key":"REST"}],"circlet_count":0,"master_deck":["hermit:Strike_Hermit","hermit:Defend_Hermit","hermit:Defend_Hermit+1","hermit:Snapshot","hermit:Covet+1","hermit:Snipe","hermit:Malice+1","hermit:PistolWhip+1","hermit:FlashPowder","hermit:WideOpen+1","hermit:BlackWind+1","hermit:Glare+1","hermit:Gambit","hermit:FromBeyond+1","hermit:Purgatory+1","hermit:Midnight+1","hermit:Desperado+1","hermit:Deadeye+1","hermit:GhostlyPresence+1","hermit:GoldenBullet+1"],"relics":["hermit:Momento","NeowsBlessing","Molten Egg 2","HollowMod:LifeEnderRelic","Ornamental Fan","Astrolabe","Ancient Tea Set","InkBottle","Bronze Scales","Frozen Egg 2","Mercury Hourglass","Blood Vial"],"acts_visited":["Exordium","TheCity"],"potions_floor_usage":[16,28,33],"damage_taken":[{"damage":0,"enemies":"2 Louse","floor":1,"turns":1},{"damage":0,"enemies":"Jaw Worm","floor":5,"turns":1},{"damage":0,"enemies":"Lagavulin","floor":6,"turns":1},{"damage":0,"enemies":"Cultist","floor":8,"turns":3},{"damage":32,"enemies":"Gremlin Nob","floor":10,"turns":4},{"damage":10,"enemies":"Exordium Wildlife","floor":12,"turns":5},{"damage":2,"enemies":"Red Slaver","floor":13,"turns":3},{"damage":0,"enemies":"Blue Slaver","floor":14,"turns":2},{"damage":0,"enemies":"Slime Boss","floor":16,"turns":6},{"damage":24,"enemies":"Shell Parasite","floor":18,"turns":5},{"damage":36,"enemies":"3 Byrds","floor":19,"turns":1},{"damage":0,"enemies":"Cultist and Chosen","floor":22,"turns":2},{"damage":2,"enemies":"Centurion and Healer","floor":24,"turns":3},{"damage":8,"enemies":"Snecko","floor":25,"turns":3},{"damage":7,"enemies":"HollowMod:Nosk","floor":28,"turns":3},{"damage":13,"enemies":"Shelled Parasite and Fungi","floor":31,"turns":4},{"damage":52,"enemies":"Automaton","floor":33,"turns":4}],"seed_played":"8056068539595974729","potions_obtained":[{"floor":1,"key":"CultistPotion"},{"floor":6,"key":"EssenceOfSteel"},{"floor":13,"key":"BlessingOfTheForge"},{"floor":16,"key":"Strength Potion"},{"floor":18,"key":"LiquidMemories"},{"floor":24,"key":"LiquidMemories"}],"is_trial":false,"path_per_floor":["M","?","$","?","M","E","?","M","T","E","?","M","M","M","R","B",null,"M","M","$","?","M","R","M","M","T","$","E","R","?","M","R","B"],"character_chosen":"HERMIT","items_purchased":["Ancient Tea Set","hermit:GoldenBullet+1","Bronze Scales","Frozen Egg 2"],"campfire_rested":3,"item_purchase_floors":[20,27,27,27],"current_hp_per_floor":[75,60,60,60,60,60,60,60,60,28,28,18,16,16,16,16,75,51,15,15,8,8,30,28,20,20,20,13,35,35,24,46,0,0],"gold":32,"neow_bonus":"THREE_ENEMY_KILL","is_daily":false,"chose_seed":false,"campfire_upgraded":1,"win_rate":0.0,"timestamp":1612192965,"path_taken":["M","?","$","?","M","E","?","M","T","E","?","?","M","M","R","BOSS","M","M","$","?","M","R","?","M","T","$","E","R","?","M","R","BOSS"],"items_purchased_type":["Relic","Card","Relic","Relic"],"build_version":"2020-12-22","purchased_purges":0,"victory":false,"max_hp_per_floor":[75,75,75,75,75,75,75,75,75,75,75,75,75,75,75,75,75,75,75,75,75,75,75,75,75,75,75,75,75,75,75,75,75,75],"card_choices":[{"not_picked":["hermit:Snipe","hermit:WideOpen","hermit:CalledShot"],"picked":"SKIP","floor":1},{"not_picked":["hermit:Snipe","hermit:Headshot","hermit:BodyArmor"],"picked":"SKIP","floor":5},{"not_picked":["hermit:Headshot","hermit:BodyArmor"],"picked":"hermit:Snipe","floor":5},{"not_picked":["hermit:TakeCover","hermit:Gestalt"],"picked":"hermit:Malice+1","floor":6},{"not_picked":["hermit:Maintenance","hermit:ItchyTrigger+1"],"picked":"hermit:FlashPowder","floor":8},{"not_picked":["hermit:Misfire+1","hermit:TakeAim"],"picked":"hermit:WideOpen+1","floor":10},{"not_picked":["hermit:TrackingShot+1","hermit:TakeCover","hermit:FlashPowder"],"picked":"SKIP","floor":12},{"not_picked":["hermit:WideOpen+1","hermit:GoldenBullet+1"],"picked":"hermit:BlackWind+1","floor":13},{"not_picked":["hermit:LoneWolf","hermit:Feint"],"picked":"hermit:Glare","floor":14},{"not_picked":["hermit:Magnum+1","hermit:Reprieve"],"picked":"hermit:Gambit","floor":16},{"not_picked":["hermit:Determination+1","hermit:Misfire+1"],"picked":"hermit:Desperado+1","floor":18},{"not_picked":["hermit:Snipe","hermit:Shortfuse+1"],"picked":"hermit:Deadeye+1","floor":19},{"not_picked":["hermit:CursedWeapon+1","hermit:Combo+1","hermit:Maintenance+1"],"picked":"SKIP","floor":22},{"not_picked":["hermit:HighCaliber+1","hermit:Combo"],"picked":"hermit:GhostlyPresence+1","floor":24},{"not_picked":["hermit:CalledShot+1","hermit:HighCaliber+1","hermit:Vantage"],"picked":"SKIP","floor":25},{"not_picked":["hermit:Gestalt+1","hermit:Coalescence+1","hermit:CalledShot+1"],"picked":"SKIP","floor":28},{"not_picked":["hermit:Malice+1","hermit:LowProfile","hermit:Vantage"],"picked":"SKIP","floor":31}],"player_experience":244422,"relics_obtained":[{"floor":6,"key":"Molten Egg 2"},{"floor":9,"key":"HollowMod:LifeEnderRelic"},{"floor":10,"key":"Ornamental Fan"},{"floor":26,"key":"InkBottle"},{"floor":28,"key":"Mercury Hourglass"}],"event_choices":[{"damage_healed":0,"gold_gain":0,"player_choice":"Entered Light","damage_taken":15,"max_hp_gain":0,"max_hp_loss":0,"event_name":"Shining Light","floor":2,"gold_loss":0,"cards_upgraded":["hermit:Defend_Hermit","hermit:Covet"]},{"damage_healed":0,"gold_gain":75,"player_choice":"Gained Gold","damage_taken":0,"max_hp_gain":0,"max_hp_loss":0,"event_name":"Golden Wing","floor":4,"gold_loss":0},{"damage_healed":0,"gold_gain":0,"cards_transformed":["hermit:Defend_Hermit"],"player_choice":"Change","damage_taken":0,"max_hp_gain":0,"max_hp_loss":0,"event_name":"Living Wall","floor":7,"gold_loss":0,"cards_obtained":["hermit:PistolWhip"]},{"cards_removed":["hermit:Strike_Hermit"],"damage_healed":0,"gold_gain":0,"player_choice":"Offered Basic","damage_taken":0,"max_hp_gain":0,"max_hp_loss":0,"event_name":"Bonfire Elementals","floor":11,"gold_loss":0},{"damage_healed":0,"gold_gain":75,"player_choice":"Touch","damage_taken":7,"max_hp_gain":0,"max_hp_loss":0,"event_name":"FaceTrader","floor":21,"gold_loss":0},{"damage_healed":0,"gold_gain":0,"player_choice":"Paid Gold","damage_taken":0,"relics_obtained":["Blood Vial"],"max_hp_gain":0,"max_hp_loss":0,"event_name":"WeMeetAgain","floor":30,"gold_loss":59}],"is_beta":false,"boss_relics":[{"not_picked":["Pandora\u0027s Box","Fusion Hammer"],"picked":"Astrolabe"}],"items_purged_floors":[],"is_endless":false,"potions_floor_spawned":[1,6,13,16,18,19,22,24],"killed_by":"Automaton","ascension_level":0}}