{"host":"vld99k9l4elccfy8","time":1612163710,"event":{"mods":["AchievementEnabler","BaseMod","Bestiary","Block Reminder","Colored Map","Colored Powertips","Custom Start","Highlight Path","Minty Spire (QoL Compilation)","Permanent Neow","Rare Cards Sparkle"],"gold_per_floor":[166,166,177,189,189,189,230,244,291,291,68,68,103,117,117,243,243,267,283,283,283,283],"floor_reached":21,"language":"ENG","playtime":1900,"items_purged":["Injury"],"score":189,"play_id":"369e4921-8d3b-453a-a8de-21b88f0582e7","local_time":"20210201001510","is_ascension_mode":false,"campfire_choices":[{"data":"Phantasmal Killer","floor":6.0,"key":"SMITH"},{"floor":10.0,"key":"RECALL"},{"data":"Envenom","floor":15,"key":"SMITH"}],"circlet_count":0,"master_deck":["Survivor","Neutralize","Bane","Distraction","Neutralize","Phantasmal Killer+1","Deflect","Endless Agony","Envenom+1","Bouncing Flask","Tools of the Trade","Distraction","Doppelganger","Reflex","Bane","Choke","Malaise","Bouncing Flask","Noxious Fumes","Terror","Well Laid Plans","Backflip","Outmaneuver+1","Terror+1","A Thousand Cuts"],"relics":["Tiny House","Golden Idol","Mercury Hourglass","Lantern","HandDrill","Smiling Mask","Pandora\u0027s Box"],"acts_visited":["Exordium","TheCity"],"potions_floor_usage":[21],"damage_taken":[{"damage":2.0,"enemies":"Small Slimes","floor":1.0,"turns":5.0},{"damage":0.0,"enemies":"Cultist","floor":3.0,"turns":4.0},{"damage":0.0,"enemies":"Jaw Worm","floor":4.0,"turns":4.0},{"damage":2.0,"enemies":"Gremlin Nob","floor":7.0,"turns":4.0},{"damage":3.0,"enemies":"Looter","floor":8.0,"turns":3.0},{"damage":17.0,"enemies":"3 Sentries","floor":13.0,"turns":7.0},{"damage":0.0,"enemies":"Blue Slaver","floor":14.0,"turns":4.0},{"damage":36,"enemies":"Hexaghost","floor":16,"turns":8},{"damage":27,"enemies":"Spheric Guardian","floor":18,"turns":4},{"damage":19,"enemies":"Shell Parasite","floor":19,"turns":4},{"damage":34,"enemies":"3 Cultists","floor":21,"turns":4}],"seed_played":"6887230336040864938","potions_obtained":[{"floor":0.0,"key":"DuplicationPotion"},{"floor":3.0,"key":"PowerPotion"},{"floor":4.0,"key":"Block Potion"},{"floor":7.0,"key":"DuplicationPotion"},{"floor":19,"key":"ColorlessPotion"}],"is_trial":false,"path_per_floor":["M","?","M","M","?","R","E","M","T","R","$","?","E","M","R","B",null,"M","M","?","M"],"character_chosen":"THE_SILENT","items_purchased":["HandDrill"],"campfire_rested":0,"item_purchase_floors":[11],"current_hp_per_floor":[73,73,73,73,73,73,71,68,68,68,68,68,51,51,51,15,75,48,29,29,0,0],"gold":283,"neow_bonus":"BOSS_RELIC","is_daily":false,"chose_seed":false,"campfire_upgraded":2,"win_rate":0.0,"timestamp":1612163710,"path_taken":["M","?","?","M","?","R","E","M","T","R","$","?","E","M","R","BOSS","M","M","?","?"],"items_purchased_type":["Relic"],"build_version":"2020-12-22","purchased_purges":1,"victory":false,"max_hp_per_floor":[75,75,75,75,75,75,75,75,75,75,75,75,75,75,75,75,75,75,75,75,75,75],"card_choices":[{"not_picked":["Sucker Punch","Tactician"],"picked":"Bane","floor":0.0},{"not_picked":["Choke","Dagger Throw"],"picked":"Distraction","floor":1.0},{"not_picked":["Flying Knee","Underhanded Strike"],"picked":"Deflect","floor":3.0},{"not_picked":["Underhanded Strike","Slice"],"picked":"Endless Agony","floor":4.0},{"not_picked":["Choke","Quick Slash"],"picked":"Envenom","floor":7.0},{"not_picked":["Dagger Spray","Dodge and Roll"],"picked":"Bouncing Flask","floor":8.0},{"not_picked":["Blur","Deflect"],"picked":"Tools of the Trade","floor":13.0},{"not_picked":["Slice","Masterful Stab"],"picked":"Distraction","floor":14.0},{"not_picked":["Envenom","Glass Knife"],"picked":"Doppelganger","floor":16},{"not_picked":["Flying Knee","Tactician"],"picked":"Outmaneuver+1","floor":18},{"not_picked":["Reflex","Deflect"],"picked":"Terror+1","floor":19}],"player_experience":366103,"relics_obtained":[{"floor":7.0,"key":"Mercury Hourglass"},{"floor":9.0,"key":"Lantern"},{"floor":13.0,"key":"Smiling Mask"}],"event_choices":[{"damage_healed":0.0,"max_hp_gain":0.0,"max_hp_loss":0.0,"gold_gain":0.0,"event_name":"Match and Keep!","player_choice":"2 cards matched","floor":2.0,"gold_loss":0.0,"damage_taken":0.0,"cards_obtained":["Neutralize","Phantasmal Killer"]},{"damage_healed":0.0,"max_hp_gain":0.0,"max_hp_loss":0.0,"gold_gain":0.0,"event_name":"Golden Idol","player_choice":"Take Wound","floor":5.0,"gold_loss":0.0,"damage_taken":0.0,"relics_obtained":["Golden Idol"],"cards_obtained":["Injury"]},{"damage_healed":0.0,"max_hp_gain":0.0,"max_hp_loss":0.0,"gold_gain":0.0,"event_name":"Lab","player_choice":"Got Potions","floor":12.0,"gold_loss":0.0,"damage_taken":0.0},{"damage_healed":0,"gold_gain":0,"cards_transformed":["Glass Knife"],"player_choice":"Transformed","damage_taken":0,"max_hp_gain":0,"max_hp_loss":0,"event_name":"Transmorgrifier","floor":20,"gold_loss":0,"cards_obtained":["A Thousand Cuts"]}],"is_beta":false,"boss_relics":[{"not_picked":["Ectoplasm","Fusion Hammer"],"picked":"Pandora\u0027s Box"}],"items_purged_floors":[11],"is_endless":false,"potions_floor_spawned":[3,4,7,16,18,19],"killed_by":"3 Cultists","ascension_level":0}}