{"host":"gf8hyl7jhl0is674","time":1612140399,"event":{"mods":["2.2 Compatiblity","Act Like it!","Aspiration","BaseMod","CapriCore","Chen","Colored Map","Gensokyo","Koishi","Marisa????????","Minty Spire (QoL Compilation)","Onozuka Komachi Mod","Permanent Neow","Reimu??????","StSLib","The Administrix","The Blue Laboratory","The Immortal","The Jungle","The Servant 0.9.4","Waifu the Spire","Yakumo Yukari mod"],"gold_per_floor":[140,159,159,173,183,183,215,249,249,249,329,329,340,352,352,452,452,467,74,88,100,100,100,200,219,219,219,233,0,25,25,25,126,426,443,443,143,161,161,192,205,205,205,205,61,61,36,46,46,46],"floor_reached":51,"language":"ENG","playtime":5379,"items_purged":["AT_purpleEX"],"score":755,"play_id":"7eac6eba-bfd2-4ba0-853f-7ca69004082d","local_time":"20210131174639","is_ascension_mode":false,"campfire_choices":[{"data":"Yakumo_Ran_purple","floor":6,"key":"SMITH"},{"floor":12,"key":"REST"},{"data":"Observe_purple_2","floor":15,"key":"SMITH"},{"data":"MeetDecomposer_purple","floor":23,"key":"SMITH"},{"data":"SfantasyHide_purple","floor":27,"key":"SMITH"},{"data":"Boundary_of_Extermination_purpleEX","floor":32,"key":"SMITH"},{"data":"Gensokyo:TurboGranny","floor":42,"key":"SMITH"},{"data":"Mirror_TwoAndThreeElementRealm_purple","floor":44,"key":"SMITH"},{"data":"SharpContractionReality_purple","floor":46,"key":"SMITH"},{"data":"OmniscientAndOmnipotent_Monster_purple","floor":49,"key":"SMITH"}],"circlet_count":0,"master_deck":["AT_purpleEX+1","AT_purpleEX+1","Observe_purple_1","Observe_purple_2+1","Mirror_TwoAndThreeElementRealm_purple+1","WorldDissolvedintheRealm_purple","Charmbait_purple","Yakumo_Ran_purple+1","Boundary_DreamRealityDamnation_purple","Photoelasticity_Doppler_Effect_purple+1","SfantasyHide_purple+1","Line_surface_state_purple+1","Computing_the_future_purpleEX","Photoelasticity_Doppler_Effect_purple+1","ProofOfUnderstanding_purple+1","SfantasyHide_purple+1","Mirror_FormAndEmptin_purple","StateErode_purple+1","MeetDecomposer_purple+1","Umbrella_purple+1","Bait_HighSpeedFlying_purple+1","Chen:Instinct","Line_surface_state_purple","Mirror_WaveAndshot_purple+1","Shallow_ocean_purpleEX","Erosivefilter_purple+1","Boundary_of_Extermination_purpleEX+1","UniverseChoice_purple","CurseOfTheBell","MetroBOOM_purple+1","Malaise","Leg Sweep","Wraith Form v2","Gensokyo:BlemishedSteel","Gensokyo:TurboGranny+1","SharpContractionReality_purple+1","Line_surface_state_purple","Shallow_ocean_purpleEX","OmniscientAndOmnipotent_Monster_purple+1","OpenedBox_purple+1"],"relics":["Boundary_crack","Memoryfragments_purpleEX","Whetstone","Parasol_purpleEX","Bottled Tornado","Happy Flower","Astrolabe","Meat on the Bone","Lizard Tail","Torii","FossilizedHelix","RuthlessExorcism:ReiMu","Calling Bell","Lantern","Mercury Hourglass","Old Coin","Gensokyo:DualWield","Strawberry","Frozen Egg 2","Oddly Smooth Stone","Toy Ornithopter"],"acts_visited":["Gensokyo:Gensokyo","Gensokyo:Gensokyoer","Gensokyo:Gensokyoest"],"potions_floor_usage":[7,20,25,35,50,50],"damage_taken":[{"damage":1,"enemies":"Gensokyo:Python","floor":1,"turns":4},{"damage":13,"enemies":"Gensokyo:Gryphon","floor":2,"turns":4},{"damage":7,"enemies":"Gensokyo:2_Kodama","floor":4,"turns":2},{"damage":12,"enemies":"Gensokyo:5_Fairies","floor":5,"turns":3},{"damage":29,"enemies":"Gensokyo:Cirno","floor":7,"turns":5},{"damage":12,"enemies":"Gensokyo:Cirno","floor":8,"turns":5},{"damage":0,"enemies":"Gensokyo:LivingMonolith","floor":13,"turns":3},{"damage":5,"enemies":"Gensokyo:3_Kodama","floor":14,"turns":3},{"damage":17,"enemies":"Gensokyo:Reimu","floor":16,"turns":10},{"damage":10,"enemies":"Gensokyo:CosmicMonolith","floor":18,"turns":3},{"damage":0,"enemies":"Gensokyo:3_Dogs","floor":20,"turns":3},{"damage":12,"enemies":"Gensokyo:3_Gloops","floor":21,"turns":4},{"damage":0,"enemies":"Gensokyo:3_Gloops","floor":24,"turns":3},{"damage":12,"enemies":"Gensokyo:Slime_Group","floor":25,"turns":3},{"damage":11,"enemies":"Gensokyo:Swordslinger","floor":28,"turns":3},{"damage":22,"enemies":"Gensokyo:Koishi","floor":30,"turns":4},{"damage":37,"enemies":"Gensokyo:Eternal_Rivals","floor":33,"turns":8},{"damage":0,"enemies":"Gensokyo:AncientGuardian","floor":35,"turns":6},{"damage":10,"enemies":"Gensokyo:3_Boulders","floor":38,"turns":4},{"damage":47,"enemies":"Gensokyo:Kasen","floor":40,"turns":7},{"damage":0,"enemies":"Gensokyo:Dusk_and_Dawn","floor":41,"turns":3},{"damage":0,"enemies":"Gensokyo:Sharpion","floor":48,"turns":3},{"damage":0,"enemies":"Gensokyo:Yuyuko","floor":50,"turns":6}],"seed_played":"-6924148858410863933","potions_obtained":[{"floor":4,"key":"blueLaboratory:BottleOfVodka"},{"floor":5,"key":"blueLaboratory:ForbiddenFruitJuice"},{"floor":7,"key":"DistilledChaos"},{"floor":14,"key":"Swift Potion"},{"floor":21,"key":"Fire Potion"},{"floor":24,"key":"blueLaboratory:PyrophylliteBrew"},{"floor":30,"key":"EssenceOfSteel"},{"floor":40,"key":"Dexterity Potion"}],"is_trial":false,"path_per_floor":["M","M","?","M","M","R","?","E","T","?","?","R","M","M","R","B",null,"M","$","M","M","?","R","?","M","T","R","M","?","E","?","R","B",null,"M","?","COS","M","?","E","M","R","T","R","$","R","$","M","R","B",null],"character_chosen":"Youkari","items_purchased":["StateErode_purple","MeetDecomposer_purple","Meat on the Bone","Oddly Smooth Stone","OmniscientAndOmnipotent_Monster_purple"],"campfire_rested":1,"item_purchase_floors":[19,19,19,45,47],"current_hp_per_floor":[70,64,64,67,67,67,38,26,26,26,26,47,48,44,44,29,70,62,62,63,54,54,54,54,65,65,65,56,56,38,38,38,14,70,70,70,70,62,62,37,51,51,51,51,51,51,51,54,54,55],"gold":46,"neow_bonus":"ONE_RANDOM_RARE_CARD","is_daily":false,"chose_seed":false,"campfire_upgraded":9,"win_rate":0.0,"timestamp":1612140399,"path_taken":["M","?","?","M","M","R","?","E","T","?","?","R","M","M","R","BOSS","M","$","M","M","?","R","?","M","T","R","M","?","E","?","R","BOSS","M","?","COS","?","?","E","M","R","T","R","$","R","?","M","R","BOSS"],"items_purchased_type":["Card","Card","Relic","Relic","Card"],"build_version":"2020-12-22","purchased_purges":1,"victory":true,"max_hp_per_floor":[70,70,70,70,70,70,70,70,70,70,70,70,70,70,70,70,70,70,70,70,70,70,70,70,70,70,70,70,70,70,70,70,70,70,70,70,70,70,70,77,77,77,77,77,77,77,77,77,77,77],"card_choices":[{"not_picked":["Worldmountain_purple","DarkRealmRedLine_purple"],"picked":"WorldDissolvedintheRealm_purple","floor":1},{"not_picked":["SharpContractionReality_purple","Realm_recovery_purpleEX"],"picked":"Bait_HighSpeedFlying_purple","floor":2},{"not_picked":["Line_surface_state_purple","ExistenceContinue_purple"],"picked":"Charmbait_purple","floor":3},{"not_picked":["SharpContractionReality_purple","AdvanceAttack_purple"],"picked":"Yakumo_Ran_purple","floor":4},{"not_picked":["DimensionStaggered_purple","Charmbait_purple"],"picked":"Boundary_DreamRealityDamnation_purple","floor":5},{"not_picked":["Boundary_DynamicStaticEquilibrium_purple","Nest_LightFlightworm_purple"],"picked":"ProofOfUnderstanding_purple","floor":7},{"not_picked":["OmniscientAndOmnipotent_Monster_purple","WorldDissolvedintheRealm_purple"],"picked":"Photoelasticity_Doppler_Effect_purple","floor":8},{"not_picked":["SharpContractionReality_purple","Realm_recovery_purpleEX"],"picked":"SfantasyHide_purple","floor":13},{"not_picked":["SharpContractionReality_purple","Boundary_ObjectiveBoundary_purple"],"picked":"Line_surface_state_purple","floor":14},{"not_picked":["D_absorption_purple","Theboundaryofcreation_purpleEX"],"picked":"Computing_the_future_purpleEX","floor":16},{"not_picked":["Shallow_ocean_purpleEX","Extrememeaning_purpleEX"],"picked":"Mirror_FormAndEmptin_purple","floor":18},{"not_picked":["Charmbait_purple+1","Price_of_realm_purpleEX"],"picked":"Umbrella_purple+1","floor":20},{"not_picked":["AdvanceAttack_purple","Shallow_ocean_purpleEX"],"picked":"Bait_HighSpeedFlying_purple+1","floor":21},{"not_picked":["ExistenceContinue_purple","Bait_HighSpeedFlying_purple"],"picked":"Line_surface_state_purple","floor":24},{"not_picked":["StateErode_purple","StateDuplicate_purple+1"],"picked":"Mirror_WaveAndshot_purple+1","floor":25},{"not_picked":["AdvanceAttack_purple","Worldmountain_purple"],"picked":"Shallow_ocean_purpleEX","floor":28},{"not_picked":["ExternalForce_HighSpeedFlying_purple","Worldmountain_purple"],"picked":"Erosivefilter_purple+1","floor":30},{"not_picked":["Mirror_TwoAndThreeElementRealm_purple","LoveAcrossDimensions_purple"],"picked":"UniverseChoice_purple","floor":33},{"not_picked":["ButterflyHabitatTemple_purple+1","StateErode_purple"],"picked":"MetroBOOM_purple+1","floor":35},{"not_picked":["SfantasyHide_purple+1","Shallow_ocean_purpleEX"],"picked":"SharpContractionReality_purple","floor":38},{"not_picked":["SfantasyHide_purple+1","MNeedle_purple"],"picked":"Line_surface_state_purple","floor":40},{"not_picked":["Realm_recovery_purpleEX+1","Boundary_ObjectiveBoundary_purple"],"picked":"Shallow_ocean_purpleEX","floor":41},{"not_picked":["DimensionStaggered_purple+1","RuptureOfTimeAndSpace_purple+1"],"picked":"OpenedBox_purple+1","floor":48}],"player_experience":363341,"relics_obtained":[{"floor":7,"key":"Whetstone"},{"floor":8,"key":"Parasol_purpleEX"},{"floor":9,"key":"Bottled Tornado"},{"floor":24,"key":"Lizard Tail"},{"floor":24,"key":"Torii"},{"floor":26,"key":"FossilizedHelix"},{"floor":30,"key":"RuthlessExorcism:ReiMu"},{"floor":34,"key":"Lantern"},{"floor":34,"key":"Mercury Hourglass"},{"floor":34,"key":"Old Coin"},{"floor":40,"key":"Strawberry"},{"floor":43,"key":"Frozen Egg 2"}],"event_choices":[],"is_beta":false,"boss_relics":[{"not_picked":["Empty Cage","Ectoplasm"],"picked":"Astrolabe"},{"not_picked":["aspiration:SecretTechniqueScroll","aspiration:FutureDiary"],"picked":"Calling Bell"}],"items_purged_floors":[19],"is_endless":false,"potions_floor_spawned":[4,5,7,14,21,24,30,33,40,41],"ascension_level":0}}