{"host":"rlwsj8oje50c4na7","time":1612185086,"event":{"mods":["2.2 Compatiblity","Act Like it!","Arknights","Aspiration","BaseMod","Beaked The Cultist","Bestiary","Better Altar","Better Skull","Better Third Choice","Better Vampires","BetterRewards","Colored Map","Colored Powertips","Conspire","Defuse TimeMaze Blight","Energized Spire","Friendly Minions","Gensokyo","GifTheSpireLib","GungeonMod","Halation","Hallownest","Hermit","Highlight Path","Hubris","Infinite Spire","Ironclad Rager","Jedi Mod","JesterMod","Jorbs\u0027s Wanderer Trilogy","Mad Scientist","Minty Spire (QoL Compilation)","Pale of the Ancients","Quick Restart","Random Character Button","Relic Filter","Relic Stats","Reliquary","Reorder Act Four","Replay The Spire","Retaliation","Shade Mod","Shop Mod","Spicy Shops","StSLib","Stuff the Spire","The Administrix","The Blackbeard","The Bladedancer","The Blue Laboratory","The Bug Knight","The Clintock","The Construct","The Cursed","The Disciple","The Exalted","The Forsaken","The Hierophant","The IronCluck","The Judge","The Kombatant","The Marked","The Mystic","The Necromancer","The Runesmith","The Servant 0.9.4","TheSwordswoman","Waifu the Spire","everything is the same but u backflip on backflip","slay the spire mod where everything is the same but ironclad has a cowboy hat"],"gold_per_floor":[109,109,124,138,156,190,190,215,240,268,10,41,41,72,72,176,176,187,102,102,115,134,162,182,213,266,266,296,314,19,34,34,133,133,152,174,174,174,199,244,244,272,272,318,358,358,396,433,433,433,433,19,19,55,55,55],"floor_reached":55,"language":"ENG","playtime":5946,"items_purged":[],"score":948,"play_id":"b7a0ecf6-c80d-4058-ad2a-8be5c938ae67","local_time":"20210201151126","is_ascension_mode":true,"campfire_choices":[{"floor":7.0,"key":"RECALL"},{"data":"Blood_Curse","floor":13.0,"key":"SMITH"},{"data":"Siphon_Strength","floor":15.0,"key":"SMITH"},{"data":"Summon_Undead","floor":32.0,"key":"SMITH"},{"data":"Spectral_Walk","floor":32.0,"key":"SMITH"},{"data":"Blood_Whip","floor":41.0,"key":"SMITH"},{"data":"Blood_Whip","floor":41.0,"key":"SMITH"},{"data":"Negative_Energy_Shield","floor":49.0,"key":"SMITH"},{"data":"Negative_Energy_Arrows","floor":49.0,"key":"SMITH"},{"data":"Toxic_Smoke_Screen","floor":53,"key":"SMITH"},{"data":"Necrotic_Claws","floor":53,"key":"SMITH"}],"circlet_count":0,"master_deck":["Strike_W+1","Strike_W","Strike_W","Strike_W+1","Defend_W","Defend_W","Defend_W","Negative_Energy_Arrows+1","Bone_Wall","Siphon_Strength+1","Blood_Curse+1","Blood_Whip+1","Negative_Energy_Sphere","Blood_Whip+1","Necrotic_Claws+1","Blood_Shield","Summon_Undead+1","Life_Drain+1","Negative_Energy_Shield+1","Spectral_Walk+1","Blood_Curse+1","Uncharnel+1","Vampiric_Strike+1","Exploit+1","Necrotic_Claws+1","Death_Coil+1","Blood_Curse+1","Life_Drain+1","Toxic_Smoke_Screen+1"],"relics":["Vampire_Amulet","Calipers","Bag of Marbles","Strawberry","StuffTheSpire:ForceGauntlet","Molten Egg 2","reliquary:SharkskinSheath","aspiration:FutureDiary","halation:LettersToHer","reliquary:Buckler","reliquary:RosewoodLute","aspiration:TomeofQuesting","ReplayFunnel","Replay:Arrowhead","infinitespire:EvilPickle","conspire:SlowCooker","halation:EternalFortune","hubris:SphereOfDissonance","Blue Candle","Art of War","ClockworkSouvenir","infinitespire:Bottled Soul"],"acts_visited":["Exordium","TheCity","TheBeyond","TheEnding"],"potions_floor_usage":[50,55,55,55],"damage_taken":[{"damage":0.0,"enemies":"Cultist","floor":1.0,"turns":4.0},{"damage":0.0,"enemies":"Jaw Worm","floor":3.0,"turns":3.0},{"damage":0.0,"enemies":"conspire:RoseBush","floor":4.0,"turns":3.0},{"damage":2.0,"enemies":"2 Fungi Beasts","floor":5.0,"turns":4.0},{"damage":2.0,"enemies":"Gremlin Nob","floor":6.0,"turns":1.0},{"damage":10.0,"enemies":"HollowMod:MossKnight","floor":8.0,"turns":3.0},{"damage":24.0,"enemies":"Lagavulin","floor":10.0,"turns":5.0},{"damage":2.0,"enemies":"HollowMod:MossKnight","floor":12.0,"turns":2.0},{"damage":12.0,"enemies":"3 Sentries","floor":14.0,"turns":6.0},{"damage":8.0,"enemies":"Hexaghost","floor":16.0,"turns":7.0},{"damage":7.0,"enemies":"Shell Parasite","floor":18.0,"turns":3.0},{"damage":9.0,"enemies":"2 Thieves","floor":21.0,"turns":3.0},{"damage":4.0,"enemies":"3 Cultists","floor":22.0,"turns":4.0},{"damage":15.0,"enemies":"conspire:Head Lice","floor":23.0,"turns":4.0},{"damage":10.0,"enemies":"Cultist and Chosen","floor":24.0,"turns":4.0},{"damage":25.0,"enemies":"HollowMod:Nosk","floor":25.0,"turns":6.0},{"damage":8.0,"enemies":"Slavers","floor":28.0,"turns":5.0},{"damage":4.0,"enemies":"Snecko","floor":29.0,"turns":2.0},{"damage":13.0,"enemies":"3 Cultists","floor":31.0,"turns":4.0},{"damage":13.0,"enemies":"Pondfish","floor":33.0,"turns":7.0},{"damage":22.0,"enemies":"3 Darklings","floor":35.0,"turns":5.0},{"damage":14.0,"enemies":"Orb Walker","floor":36.0,"turns":2.0},{"damage":2.0,"enemies":"Maw","floor":39.0,"turns":5.0},{"damage":24.0,"enemies":"Giant Head","floor":40.0,"turns":7.0},{"damage":27.0,"enemies":"Jaw Worm Horde","floor":42.0,"turns":4.0},{"damage":34.0,"enemies":"Reptomancer","floor":44.0,"turns":5.0},{"damage":14.0,"enemies":"Writhing Mass","floor":45.0,"turns":4.0},{"damage":2.0,"enemies":"Maw","floor":47.0,"turns":5.0},{"damage":9.0,"enemies":"Jaw Worm Horde","floor":48.0,"turns":4.0},{"damage":22,"enemies":"Replay:Hell Engine","floor":50,"turns":8},{"damage":43,"enemies":"Shield and Spear","floor":54,"turns":7},{"damage":55,"enemies":"The Heart","floor":55,"turns":5}],"seed_played":"-511337884672918223","potions_obtained":[{"floor":1.0,"key":"FearPotion"},{"floor":5.0,"key":"jedi:StrikingPotion"},{"floor":6.0,"key":"jedi:tentaclejuice"},{"floor":10.0,"key":"jedi:holywater"},{"floor":12.0,"key":"Block Potion"},{"floor":16.0,"key":"GamblersBrew"},{"floor":28.0,"key":"Languid Potion"},{"floor":31.0,"key":"PowerPotion"},{"floor":33.0,"key":"SteroidPotion"},{"floor":35.0,"key":"PowerPotion"},{"floor":36.0,"key":"FearPotion"},{"floor":42.0,"key":"jedi:StrikingPotion"},{"floor":47.0,"key":"blueLaboratory:HorrorPotion"}],"is_trial":false,"path_per_floor":["M","?","M","M","M","E","R","E","T","E","$","E","R","E","R","B",null,"M","?","?","M","M","E","M","E","T","?","E","M","$","M","R","B",null,"M","M","?","?","M","E","R","M","T","E","M","?","M","M","R","B",null,"$","R","E","B"],"character_chosen":"NECROMANCER","items_purchased":["StuffTheSpire:ForceGauntlet","Replay:Arrowhead","Blood_Curse+1","Life_Drain+1","Toxic_Smoke_Screen","ClockworkSouvenir","Energy Potion","ColorlessPotion"],"campfire_rested":0,"item_purchase_floors":[11,30,52,52,52,52,52,52],"current_hp_per_floor":[75,75,75,75,75,75,75,67,67,52,52,52,52,46,46,40,82,77,77,77,72,80,82,74,57,57,57,65,63,63,62,62,69,82,68,62,65,65,75,65,65,50,50,40,38,74,74,74,74,63,74,74,74,41,0,0],"gold":55,"neow_bonus":"REMOVE_CARD","is_daily":false,"chose_seed":false,"campfire_upgraded":10,"win_rate":0.0,"timestamp":1612185086,"path_taken":["M","?","M","M","M","E","R","E","T","E","?","E","R","E","R","BOSS","M","?","?","M","M","E","M","E","T","?","E","?","$","M","R","BOSS","M","M","?","?","?","E","R","M","T","E","?","?","M","M","R","BOSS","$","R","E","BOSS"],"items_purchased_type":["Relic","Relic","Card","Card","Card","Relic","Potion","Potion"],"build_version":"2020-12-22","purchased_purges":0,"victory":false,"max_hp_per_floor":[75,75,75,75,75,75,75,75,75,82,82,82,82,82,82,82,82,82,82,82,82,82,82,82,82,82,82,82,82,82,82,82,82,82,82,82,85,85,85,85,85,85,85,85,85,74,74,74,74,74,74,74,74,74,74,74],"relic_stats":{"counters":[32,141],"Blue Candle":[0],"Art of War":[3],"obtain_stats":[{"ReplayFunnel":28,"Calipers":6,"StuffTheSpire:ForceGauntlet":11,"Blue Candle":43,"hubris:SphereOfDissonance":40,"aspiration:TomeofQuesting":26,"DemoMod:GlassGuonStoneRelic":1,"conspire:SlowCooker":34,"reliquary:RosewoodLute":25,"Replay:Arrowhead":30,"ClockworkSouvenir":52,"infinitespire:EvilPickle":33,"infinitespire:Bottled Soul":54,"Strawberry":10,"halation:EternalFortune":37,"Molten Egg 2":12,"reliquary:Buckler":23,"Vampire_Amulet":0,"Bag of Marbles":8,"Art of War":44,"aspiration:FutureDiary":17,"halation:LettersToHer":19,"reliquary:SharkskinSheath":14},{"ReplayFunnel":17,"Calipers":5,"StuffTheSpire:ForceGauntlet":7,"Blue Candle":25,"hubris:SphereOfDissonance":24,"aspiration:TomeofQuesting":16,"DemoMod:GlassGuonStoneRelic":1,"conspire:SlowCooker":20,"reliquary:RosewoodLute":16,"Replay:Arrowhead":18,"ClockworkSouvenir":30,"infinitespire:EvilPickle":20,"infinitespire:Bottled Soul":31,"Strawberry":7,"halation:EternalFortune":22,"Molten Egg 2":8,"reliquary:Buckler":14,"Vampire_Amulet":0,"Bag of Marbles":6,"Art of War":26,"aspiration:FutureDiary":10,"halation:LettersToHer":11,"reliquary:SharkskinSheath":9},{"ReplayFunnel":67,"Calipers":15,"StuffTheSpire:ForceGauntlet":23,"Blue Candle":103,"hubris:SphereOfDissonance":99,"aspiration:TomeofQuesting":62,"DemoMod:GlassGuonStoneRelic":4,"conspire:SlowCooker":80,"reliquary:RosewoodLute":62,"Replay:Arrowhead":69,"ClockworkSouvenir":129,"infinitespire:EvilPickle":80,"infinitespire:Bottled Soul":136,"Strawberry":23,"halation:EternalFortune":87,"Molten Egg 2":25,"reliquary:Buckler":52,"Vampire_Amulet":0,"Bag of Marbles":18,"Art of War":108,"aspiration:FutureDiary":38,"halation:LettersToHer":41,"reliquary:SharkskinSheath":31}]},"card_choices":[{"not_picked":["Bone_Bullets","Scare"],"picked":"Siphon_Strength","floor":1.0},{"not_picked":["Negative_Energy_Sphere","Thousand_Bone_Knives"],"picked":"Blood_Curse","floor":3.0},{"not_picked":["Blood_Curse","Negative_Energy_Mist"],"picked":"Blood_Whip","floor":4.0},{"not_picked":["Pandemic","Epidemic","Scare"],"picked":"SKIP","floor":5.0},{"not_picked":["Scare","Death_March_Dance"],"picked":"Negative_Energy_Sphere","floor":6.0},{"not_picked":["Negative_Energy_Mist","Blood_Wake"],"picked":"Blood_Whip","floor":8.0},{"not_picked":["Consume_Illness","Chill_Blood"],"picked":"Necrotic_Claws","floor":10.0},{"not_picked":["Death_Coil+1","Deaths_Shadow+1"],"picked":"Blood_Shield","floor":12.0},{"not_picked":["Bone_Armor","Death_March_Dance+1","Epidemic"],"picked":"SKIP","floor":14.0},{"not_picked":["Finger_Of_Death+1","Spectral_Armor"],"picked":"Summon_Undead","floor":18.0},{"not_picked":["Acid_Javelin+1","Negative_Energy_Sphere+1"],"picked":"Life_Drain+1","floor":21.0},{"not_picked":["Bone_Armor+1","Blood_Is_Power"],"picked":"Negative_Energy_Shield","floor":22.0},{"not_picked":["Consume_Illness+1","Negative_Energy_Mist+1","Summon_Lich"],"picked":"SKIP","floor":23.0},{"not_picked":["Blood_for_Blood+1","Consume_Illness+1"],"picked":"Spectral_Walk","floor":24.0},{"not_picked":["Negative_Energy_Javelin+1","Scare","Consume_Illness"],"picked":"SKIP","floor":25.0},{"not_picked":["Summon_Lich+1","Spectral_Walk"],"picked":"Uncharnel+1","floor":28.0},{"not_picked":["Death_March_Dance+1","Spectral_Armor","Negative_Energy_Mist"],"picked":"SKIP","floor":29.0},{"not_picked":["Necromantic_Selection","Epidemic","Exploit+1"],"picked":"SKIP","floor":31.0},{"not_picked":["Bone_Spikes+1","Slay_Living+1","Negative_Energy_Mist+1"],"picked":"SKIP","floor":35.0},{"not_picked":["Bones_to_Steel","Death_Coil+1","Negative_Energy_Shield+1"],"picked":"SKIP","floor":36.0},{"not_picked":["Bone_Bullets+1","Negative_Energy_Bomb+1"],"picked":"Vampiric_Strike+1","floor":39.0},{"not_picked":["Detonate_Bones+1","Bone_Prison","Death_March_Dance+1"],"picked":"SKIP","floor":40.0},{"not_picked":["Bone_Spikes+1","Vampiric_Strike+1","Necromantic_Selection+1"],"picked":"SKIP","floor":42.0},{"not_picked":["Summon_Undead+1","Spectral_Walk"],"picked":"Exploit+1","floor":44.0},{"not_picked":["Reap_The_Weak+1","Scare"],"picked":"Necrotic_Claws+1","floor":45.0},{"not_picked":["Negative_Energy_Javelin+1","Chill_Blood","Negative_Energy_Mist"],"picked":"SKIP","floor":47.0},{"not_picked":["Spectral_Armor+1","Bone_Bullets+1"],"picked":"Death_Coil+1","floor":48.0},{"not_picked":["Uncharnel","Scare","Bone_Armory+1"],"picked":"SKIP","floor":54}],"player_experience":915018,"relics_obtained":[{"floor":6.0,"key":"Calipers"},{"floor":8.0,"key":"Bag of Marbles"},{"floor":10.0,"key":"Strawberry"},{"floor":12.0,"key":"Molten Egg 2"},{"floor":14.0,"key":"reliquary:SharkskinSheath"},{"floor":23.0,"key":"reliquary:Buckler"},{"floor":25.0,"key":"reliquary:RosewoodLute"},{"floor":26.0,"key":"halation:LettersToHer"},{"floor":26.0,"key":"aspiration:TomeofQuesting"},{"floor":28.0,"key":"ReplayFunnel"},{"floor":40.0,"key":"hubris:SphereOfDissonance"},{"floor":43.0,"key":"halation:LettersToHer"},{"floor":43.0,"key":"Blue Candle"},{"floor":44.0,"key":"Art of War"},{"floor":54,"key":"infinitespire:Bottled Soul"}],"event_choices":[{"damage_healed":0.0,"max_hp_gain":0.0,"max_hp_loss":0.0,"gold_gain":0.0,"event_name":"Addict","player_choice":"Obtained Relic","floor":19.0,"gold_loss":85.0,"damage_taken":0.0,"relics_obtained":["halation:LettersToHer"]},{"damage_healed":0.0,"max_hp_gain":0.0,"max_hp_loss":0.0,"gold_gain":0.0,"event_name":"Duplicator","player_choice":"Copied","floor":27.0,"gold_loss":0.0,"damage_taken":0.0,"cards_obtained":["Blood_Curse"]},{"damage_healed":74.0,"max_hp_gain":0.0,"max_hp_loss":11.0,"gold_gain":0.0,"event_name":"The Moai Head","player_choice":"Heal","floor":46.0,"gold_loss":0.0,"damage_taken":0.0}],"is_beta":false,"boss_relics":[{"not_picked":["hubris:HollowSoul","Replay:Ancient Bell"],"picked":"aspiration:FutureDiary"},{"not_picked":["jedi:battlestandard","Ring of Chaos"],"picked":"conspire:SlowCooker"}],"items_purged_floors":[],"is_endless":false,"potions_floor_spawned":[1,5,6,10,12,16,22,24,28,31,33,35,36,42,47,54],"killed_by":"The Heart","ascension_level":1}}