{"host":"kpyf5rnb72uwap8k","time":1612167957,"event":{"mods":["AchievementEnabler","BaseMod","Colored Map","Colored Powertips","DeckTracker","Minty Spire (QoL Compilation)","Permanent Neow","Quick Restart","StSLib","SuperFastMode"],"gold_per_floor":[118,43,55,78,90,90,120,120,120,153,167,184,184,184,184,285,285,305,305,54,0,10,10,36,36,36,36,49,64,64,81,81,81],"floor_reached":32,"language":"KOR","playtime":1077,"items_purged":["Strike_G","Strike_G"],"score":297,"play_id":"c7f18e03-8004-4668-bc4e-25cbd3121c4a","local_time":"20210201172557","is_ascension_mode":true,"campfire_choices":[{"floor":6.0,"key":"REST"},{"data":"Neutralize","floor":8.0,"key":"SMITH"},{"floor":15.0,"key":"REST"},{"floor":23.0,"key":"REST"},{"data":"Envenom","floor":27.0,"key":"SMITH"}],"circlet_count":0,"master_deck":["Strike_G","Defend_G","Defend_G","Defend_G","Defend_G","Defend_G","Survivor","Neutralize+1","Endless Agony","Flying Knee","Prepared","Predator+1","Envenom+1","Bane","Blur"],"relics":["Ring of the Snake","Bronze Scales","Torii","Pantograph","Lantern","SlaversCollar","Sling","Mercury Hourglass","Boot"],"acts_visited":["Exordium","TheCity"],"potions_floor_usage":[],"damage_taken":[{"damage":1.0,"enemies":"Cultist","floor":1.0,"turns":5.0},{"damage":4.0,"enemies":"Small Slimes","floor":3.0,"turns":4.0},{"damage":0.0,"enemies":"2 Louse","floor":5.0,"turns":2.0},{"damage":10.0,"enemies":"Gremlin Nob","floor":7.0,"turns":4.0},{"damage":32.0,"enemies":"Lagavulin","floor":10.0,"turns":10.0},{"damage":0.0,"enemies":"Looter","floor":11.0,"turns":4.0},{"damage":2.0,"enemies":"Red Slaver","floor":12.0,"turns":4.0},{"damage":17.0,"enemies":"The Guardian","floor":16.0,"turns":13.0},{"damage":0.0,"enemies":"Chosen","floor":18.0,"turns":4.0},{"damage":27.0,"enemies":"Spheric Guardian","floor":22.0,"turns":5.0},{"damage":12.0,"enemies":"Book of Stabbing","floor":24.0,"turns":5.0},{"damage":8.0,"enemies":"Cultist and Chosen","floor":28.0,"turns":4.0},{"damage":9.0,"enemies":"Centurion and Healer","floor":29.0,"turns":7.0},{"damage":12.0,"enemies":"Chosen and Byrds","floor":31.0,"turns":4.0}],"seed_played":"8902193728054408543","potions_obtained":[{"floor":1.0,"key":"Strength Potion"},{"floor":3.0,"key":"Energy Potion"},{"floor":5.0,"key":"BlessingOfTheForge"},{"floor":11.0,"key":"ColorlessPotion"},{"floor":16.0,"key":"SkillPotion"},{"floor":18.0,"key":"SteroidPotion"},{"floor":31.0,"key":"SpeedPotion"}],"is_trial":false,"path_per_floor":["M","$","M","T","M","R","E","R","T","E","M","M","?","?","R","B",null,"M","?","$","?","M","R","E","?","T","R","M","M","$","M","R"],"character_chosen":"THE_SILENT","items_purchased":["Sling"],"campfire_rested":3,"item_purchase_floors":[20],"current_hp_per_floor":[69,69,65,65,65,70,60,60,60,28,28,26,26,26,47,53,70,70,70,70,70,43,64,52,52,52,52,44,35,35,23,23,23],"gold":81,"neow_bonus":"REMOVE_CARD","is_daily":false,"chose_seed":false,"campfire_upgraded":2,"win_rate":0.0,"timestamp":1612167957,"path_taken":["M","$","?","?","M","R","E","R","T","E","M","M","?","?","R","BOSS","M","?","$","?","M","R","E","?","T","R","M","M","$","?","R"],"items_purchased_type":["Relic"],"build_version":"2020-12-22","purchased_purges":2,"victory":false,"max_hp_per_floor":[70,70,70,70,70,70,70,70,70,70,70,70,70,70,70,70,70,70,70,70,70,70,70,70,70,70,70,70,70,70,70,70,70],"card_choices":[{"not_picked":["Bouncing Flask","Slice"],"picked":"Endless Agony","floor":1.0},{"not_picked":["Underhanded Strike","Dodge and Roll"],"picked":"Flying Knee","floor":3.0},{"not_picked":["Calculated Gamble","Deadly Poison","Dagger Spray"],"picked":"SKIP","floor":5.0},{"not_picked":["Deadly Poison","Reflex","Catalyst"],"picked":"SKIP","floor":7.0},{"not_picked":["Flying Knee","Malaise","Dagger Throw"],"picked":"SKIP","floor":10.0},{"not_picked":["Deadly Poison","Heel Hook"],"picked":"Prepared","floor":11.0},{"not_picked":["Concentrate","Terror"],"picked":"Predator","floor":12.0},{"not_picked":["Adrenaline","Venomology"],"picked":"Envenom","floor":16.0},{"not_picked":["Terror","Flying Knee"],"picked":"Bane","floor":18.0},{"not_picked":["Noxious Fumes","Terror","Dodge and Roll+1"],"picked":"SKIP","floor":22.0},{"not_picked":["Deadly Poison","Tactician","Deflect"],"picked":"SKIP","floor":24.0},{"not_picked":["PiercingWail","Prepared","Outmaneuver+1"],"picked":"SKIP","floor":28.0},{"not_picked":["All Out Attack","Caltrops","Quick Slash"],"picked":"SKIP","floor":29.0},{"not_picked":["All Out Attack","Deflect","Reflex"],"picked":"SKIP","floor":31.0}],"player_experience":250447,"relics_obtained":[{"floor":4.0,"key":"Bronze Scales"},{"floor":7.0,"key":"Torii"},{"floor":9.0,"key":"Pantograph"},{"floor":10.0,"key":"Lantern"},{"floor":24.0,"key":"Mercury Hourglass"},{"floor":26.0,"key":"Boot"}],"event_choices":[{"damage_healed":0.0,"max_hp_gain":0.0,"max_hp_loss":0.0,"gold_gain":0.0,"event_name":"Shining Light","player_choice":"Ignored","floor":13.0,"gold_loss":0.0,"damage_taken":0.0},{"damage_healed":0.0,"max_hp_gain":0.0,"max_hp_loss":0.0,"gold_gain":0.0,"event_name":"Accursed Blacksmith","player_choice":"Forge","floor":14.0,"gold_loss":0.0,"damage_taken":0.0,"cards_upgraded":["Predator"]},{"damage_healed":0.0,"max_hp_gain":0.0,"max_hp_loss":0.0,"gold_gain":0.0,"event_name":"The Mausoleum","player_choice":"Ignored","floor":19.0,"gold_loss":0.0,"damage_taken":0.0},{"damage_healed":0.0,"max_hp_gain":0.0,"max_hp_loss":0.0,"gold_gain":0.0,"event_name":"Masked Bandits","player_choice":"Paid Fearfully","floor":21.0,"gold_loss":54.0,"damage_taken":0.0},{"damage_healed":0.0,"max_hp_gain":0.0,"max_hp_loss":0.0,"gold_gain":0.0,"cards_transformed":["Strike_G"],"event_name":"Transmorgrifier","player_choice":"Transformed","floor":25.0,"gold_loss":0.0,"damage_taken":0.0,"cards_obtained":["Blur"]}],"is_beta":false,"boss_relics":[{"not_picked":["Sozu","Ectoplasm"],"picked":"SlaversCollar"}],"items_purged_floors":[2,20],"is_endless":false,"potions_floor_spawned":[1,3,5,11,16,18,31],"ascension_level":2}}