{"host":"17jxu4722zcujg93","time":1612172034,"event":{"mods":["BaseMod","Colored Map","Downfall","Minty Spire (QoL Compilation)","StSLib"],"gold_per_floor":[199,199,210,225,400,458,483,506,516,530,430,447,447,18,30,128,128,128,147,147,159,172,172,248,153,180,180,115,115,15,42,54,54,54,54],"floor_reached":33,"language":"ENG","playtime":3834,"items_purged":["Doubt","hexamod:ParanormalForm","hexamod:SpectralAdrenaline"],"score":300,"play_id":"844e5783-3a9e-471e-83f0-4c55ddfd586f","local_time":"20210201013354","is_ascension_mode":false,"campfire_choices":[{"data":"hexamod:Float","floor":1,"key":"SMITH"},{"data":"hexamod:ExtraCrispy","floor":11,"key":"SMITH"},{"data":"hexamod:GhostShield","floor":13,"key":"SMITH"},{"data":"hexamod:HexaLevel","floor":18,"key":"SMITH"},{"data":"expansioncontent:QuickStudy","floor":23,"key":"SMITH"},{"data":"hexamod:SoulSteal","floor":30,"key":"SMITH"}],"circlet_count":0,"master_deck":["hexamod:Sear","hexamod:Float+1","hexamod:ExtraCrispy+1","hexamod:FlamesFromBeyond","hexamod:Hexaguard","hexamod:HeatMetal","hexamod:GhostShield+1","hexamod:ThermalTransfer","hexamod:GiftsFromTheDead","hexamod:SearingWound","hexamod:AdvancingGuard","expansioncontent:QuickStudy+1","hexamod:HexaLevel+1","hexamod:HeatCrush","hexamod:ShieldOfDarkness","hexamod:FifthSeal","hexamod:WildfireWeapon","hexamod:SoulSteal+1","hexamod:SearingWound","hexamod:GhostOfSpireFuture+1","hexamod:SpectersWail+1","hexamod:FourthSeal","hexamod:Firestarter+1","hexamod:StepThrough","hexamod:ThirdSeal","hexamod:Hexaguard+1","hexamod:PowerFromBeyond","hexamod:GhostShield+1","hexamod:GhostflameInferno","hexamod:SixthSeal","hexamod:FirstSeal"],"relics":["hexamod:SpiritBrand","Anchor","Smiling Mask","downfall:HeartBlessingBlue","Pandora\u0027s Box","The Courier","Tiny Chest","Eternal Feather","downfall:HeartBlessingGreen","hexamod:SoulConsumer"],"acts_visited":["Exordium","TheCity"],"potions_floor_usage":[16,26,26,33,33],"damage_taken":[{"damage":0,"enemies":"Small Slimes","floor":3,"turns":3},{"damage":0,"enemies":"Cultist","floor":4,"turns":3},{"damage":25,"enemies":"3 Sentries","floor":6,"turns":9},{"damage":0,"enemies":"2 Louse","floor":9,"turns":3},{"damage":8,"enemies":"Exordium Wildlife","floor":10,"turns":4},{"damage":0,"enemies":"Red Slaver","floor":12,"turns":3},{"damage":0,"enemies":"downfall:FleeingMerchant","floor":14,"turns":4},{"damage":7,"enemies":"Large Slime","floor":15,"turns":5},{"damage":55,"enemies":"WA_ARCHETYPE_RETAIN","floor":16,"turns":15},{"damage":4,"enemies":"Spheric Guardian","floor":19,"turns":4},{"damage":11,"enemies":"3 Byrds","floor":21,"turns":3},{"damage":2,"enemies":"Centurion and Healer","floor":22,"turns":6},{"damage":7,"enemies":"downfall:FleeingMerchant","floor":25,"turns":4},{"damage":0,"enemies":"Slavers","floor":26,"turns":4},{"damage":8,"enemies":"downfall:FleeingMerchant","floor":28,"turns":4},{"damage":14,"enemies":"Gremlin Leader","floor":31,"turns":6},{"damage":13,"enemies":"3 Cultists","floor":32,"turns":4},{"damage":51,"enemies":"DF_ARCHETYPE_CLAW","floor":33,"turns":9}],"seed_played":"-8467236769358298891","potions_obtained":[{"floor":3,"key":"BlessingOfTheForge"},{"floor":6,"key":"FairyPotion"},{"floor":15,"key":"Guardian:BlockOnCardUsePotion"},{"floor":19,"key":"SneckoOil"},{"floor":21,"key":"hexamod:EctoCoolerPotion"},{"floor":28,"key":"FearPotion"}],"is_trial":false,"path_per_floor":["R","?","M","M","?","?","T","T","M","M","R","M","R","$","M","B",null,"R","M","?","M","M","R","T","$","E","?","$","T","R","E","M","B"],"character_chosen":"THE_SPIRIT","items_purchased":["hexamod:SearingWound","hexamod:AdvancingGuard","expansioncontent:QuickStudy","hexamod:StepThrough"],"campfire_rested":0,"item_purchase_floors":[14,14,14,25],"current_hp_per_floor":[70,70,70,70,70,45,45,45,45,37,47,47,47,47,40,13,80,80,76,76,65,63,63,63,56,56,56,48,48,63,49,40,0,0,0],"gold":54,"neow_bonus":"HUNDRED_GOLD","is_daily":false,"chose_seed":false,"campfire_upgraded":6,"win_rate":0.0,"timestamp":1612172034,"path_taken":["R","?","?","M","?","?","T","?","?","M","R","M","R","$","M","BOSS","R","M","?","M","?","R","T","$","E","?","$","?","R","E","M","BOSS"],"items_purchased_type":["Card","Card","Card","Card"],"build_version":"2020-12-22","purchased_purges":3,"victory":false,"max_hp_per_floor":[70,70,70,70,70,70,70,70,70,70,80,80,80,80,80,80,80,80,80,80,80,80,80,80,80,80,80,80,80,80,80,80,80,80,80],"card_choices":[{"not_picked":["hexamod:StepThrough","hexamod:RecurringNightmare"],"picked":"hexamod:ExtraCrispy","floor":3},{"not_picked":["hexamod:AdvancingGuard","hexamod:GhostLash"],"picked":"hexamod:FlamesFromBeyond","floor":4},{"not_picked":["hexamod:AdvancingGuard","hexamod:HeatMetal"],"picked":"hexamod:Hexaguard","floor":6},{"not_picked":["hexamod:GhostflameBarrier","hexamod:BacktrackSmack"],"picked":"hexamod:HeatMetal","floor":9},{"not_picked":["hexamod:HeatShield","hexamod:HauntingEcho"],"picked":"hexamod:GhostShield","floor":10},{"not_picked":["hexamod:NightmareStrike","hexamod:BurningTouch"],"picked":"hexamod:ThermalTransfer","floor":12},{"not_picked":["hexamod:ThermalTransfer","hexamod:Haunt"],"picked":"hexamod:GiftsFromTheDead","floor":14},{"not_picked":["hexamod:InspiringFlames","hexamod:ThirdSeal","hexamod:RainOfEmbers"],"picked":"SKIP","floor":15},{"not_picked":["hexamod:UnlimitedPower","hexamod:TimeOfNeed"],"picked":"hexamod:HexaLevel","floor":16},{"not_picked":["hexamod:ShieldOfDarkness","hexamod:HeatCrush","hexamod:GhostShield"],"picked":"SKIP","floor":19},{"not_picked":["hexamod:GhostShield","hexamod:Firestarter+1"],"picked":"hexamod:GhostOfSpireFuture+1","floor":21},{"not_picked":["hexamod:BurningTouch","hexamod:RetreatToShadows"],"picked":"hexamod:SpectersWail+1","floor":22},{"not_picked":["hexamod:ThirdSeal","hexamod:SecondSeal"],"picked":"hexamod:FourthSeal","floor":25},{"not_picked":["hexamod:RetreatToShadows","hexamod:ThermalTransfer"],"picked":"hexamod:Firestarter+1","floor":25},{"not_picked":["hexamod:Hexaguard","hexamod:FirstSeal"],"picked":"hexamod:ThirdSeal","floor":26},{"not_picked":["hexamod:EmpoweredFlame","hexamod:RadiantFlame+1"],"picked":"hexamod:Hexaguard+1","floor":28},{"not_picked":["hexamod:ThermalTransfer","hexamod:BacktrackSmack"],"picked":"hexamod:PowerFromBeyond","floor":28},{"not_picked":["hexamod:Firestarter","hexamod:PhantomCloak"],"picked":"hexamod:GhostShield+1","floor":31},{"not_picked":["hexamod:RainOfEmbers+1","hexamod:DynamicBlow"],"picked":"hexamod:GhostflameInferno","floor":31},{"not_picked":["hexamod:ThirdSeal","hexamod:SecondSeal"],"picked":"hexamod:SixthSeal","floor":32},{"not_picked":["hexamod:HeatMetal","hexamod:CatchUp"],"picked":"hexamod:FirstSeal","floor":32}],"player_experience":164836,"relics_obtained":[{"floor":6,"key":"Anchor"},{"floor":8,"key":"Smiling Mask"},{"floor":24,"key":"The Courier"},{"floor":26,"key":"Tiny Chest"},{"floor":29,"key":"Eternal Feather"},{"floor":31,"key":"hexamod:SoulConsumer"}],"event_choices":[{"damage_healed":0,"gold_gain":0,"player_choice":"Ignored","damage_taken":0,"max_hp_gain":0,"max_hp_loss":0,"event_name":"NoteForYourself","floor":2,"gold_loss":0}],"is_beta":false,"boss_relics":[{"not_picked":["SacredBark","Sozu"],"picked":"Pandora\u0027s Box"}],"items_purged_floors":[14,25,28],"is_endless":false,"potions_floor_spawned":[3,6,15,19,21],"killed_by":"DF_ARCHETYPE_CLAW","ascension_level":0}}