{"host":"r6jigiblrojhp6xe","time":1612217286,"event":{"mods":["AchievementEnabler","BaseMod","DeckTracker","Hermit","Minty Spire (QoL Compilation)","Quick Restart","Rare Cards Sparkle","Relic Stats","StSLib","SuperFastMode","everything is the same but u backflip on backflip"],"gold_per_floor":[117,4,23,23,23,55,55,88,143,188,200,212,241,253,265,355,367,390,414,442,474,140,173,173,173,198,213,252,52,78,104,104,190,190,215,224,245,298,141,141,164,188,269,269,293,321,321,321,321,321,321],"floor_reached":50,"language":"KOR","playtime":1164,"items_purged":[],"score":1260,"play_id":"98dfe679-638b-4f3b-8f2b-20ab178b3b7b","local_time":"20210202070806","is_ascension_mode":true,"campfire_choices":[{"data":"Perfected Strike","floor":12.0,"key":"SMITH"},{"data":"Pommel Strike","floor":15.0,"key":"SMITH"},{"data":"Pommel Strike","floor":24.0,"key":"SMITH"},{"data":"Limit Break","floor":32.0,"key":"SMITH"},{"data":"1","floor":40,"key":"LIFT"},{"data":"2","floor":44,"key":"LIFT"},{"data":"3","floor":49,"key":"LIFT"}],"circlet_count":0,"master_deck":["AscendersBane","Strike_R","Strike_R","Strike_R","Strike_R","Strike_R","Defend_R","Defend_R","Defend_R","Defend_R+1","Bash+1","Perfected Strike+1","Pommel Strike+1","Shrug It Off","Perfected Strike+1","Pommel Strike+1","Pommel Strike","Twin Strike","Limit Break+1","Pommel Strike","Shockwave+1","Pommel Strike","Shrug It Off","Evolve","Wild Strike+1","Inflame+1","Offering","Armaments+1","Thinking Ahead","Burning Pact+1","Shrug It Off","Perfected Strike+1","Pommel Strike"],"relics":["Burning Blood","NeowsBlessing","Smiling Mask","Letter Opener","MawBank","Ginger","Velvet Choker","Meat on the Bone","Tiny Chest","Oddly Smooth Stone","CeramicFish","Happy Flower","Runic Cube","Girya","Bag of Marbles","Boot","Eternal Feather","Mummified Hand"],"acts_visited":["Exordium","TheCity","TheBeyond"],"potions_floor_usage":[33,41,46],"damage_taken":[{"damage":0.0,"enemies":"Small Slimes","floor":1.0,"turns":1.0},{"damage":0.0,"enemies":"2 Louse","floor":3.0,"turns":1.0},{"damage":0.0,"enemies":"3 Sentries","floor":6.0,"turns":1.0},{"damage":8.0,"enemies":"Gremlin Nob","floor":8.0,"turns":3.0},{"damage":32.0,"enemies":"Lagavulin","floor":10.0,"turns":6.0},{"damage":0.0,"enemies":"Cultist","floor":13.0,"turns":2.0},{"damage":35.0,"enemies":"Slime Boss","floor":16.0,"turns":9.0},{"damage":23.0,"enemies":"3 Byrds","floor":18.0,"turns":4.0},{"damage":12.0,"enemies":"2 Thieves","floor":19.0,"turns":3.0},{"damage":15.0,"enemies":"Centurion and Healer","floor":20.0,"turns":3.0},{"damage":24.0,"enemies":"Cultist and Chosen","floor":21.0,"turns":5.0},{"damage":0.0,"enemies":"Gremlin Leader","floor":23.0,"turns":8.0},{"damage":1.0,"enemies":"Snecko","floor":27.0,"turns":3.0},{"damage":27.0,"enemies":"Slavers","floor":28.0,"turns":5.0},{"damage":3.0,"enemies":"Snake Plant","floor":30.0,"turns":2.0},{"damage":25.0,"enemies":"Sentry and Sphere","floor":31.0,"turns":5.0},{"damage":23,"enemies":"Collector","floor":33,"turns":5},{"damage":31,"enemies":"3 Darklings","floor":35,"turns":5},{"damage":15,"enemies":"Orb Walker","floor":37,"turns":3},{"damage":47,"enemies":"2 Orb Walkers","floor":38,"turns":4},{"damage":0,"enemies":"Transient","floor":41,"turns":6},{"damage":0,"enemies":"Writhing Mass","floor":42,"turns":1},{"damage":0,"enemies":"Sphere and 2 Shapes","floor":45,"turns":8},{"damage":55,"enemies":"Reptomancer","floor":46,"turns":3},{"damage":47,"enemies":"Time Eater","floor":50,"turns":3}],"seed_played":"8169285331624785986","potions_obtained":[{"floor":3.0,"key":"Regen Potion"},{"floor":8.0,"key":"SneckoOil"},{"floor":10.0,"key":"Weak Potion"},{"floor":20.0,"key":"Block Potion"},{"floor":31.0,"key":"SteroidPotion"},{"floor":33,"key":"SteroidPotion"},{"floor":38,"key":"Fire Potion"},{"floor":42,"key":"SteroidPotion"},{"floor":46,"key":"Block Potion"}],"is_trial":false,"path_per_floor":["M","$","M","?","$","E","?","E","T","E","?","R","M","?","R","B",null,"M","M","M","M","$","E","R","?","T","M","E","$","M","M","R","B",null,"M","?","M","?","$","R","M","M","T","R","M","E","T","T","R","B"],"character_chosen":"IRONCLAD","items_purchased":["Pommel Strike","Shrug It Off","Meat on the Bone","Pommel Strike","SteroidPotion","Evolve","Happy Flower","Bag of Marbles"],"campfire_rested":0,"item_purchase_floors":[2,2,22,22,22,29,29,39],"current_hp_per_floor":[74,74,75,52,52,58,63,61,61,35,35,35,41,80,80,51,73,56,50,41,23,23,56,56,33,33,50,41,41,56,49,49,44,75,50,50,53,24,24,24,42,60,60,60,66,29,29,29,47,0,0],"gold":321,"neow_bonus":"THREE_ENEMY_KILL","is_daily":false,"chose_seed":false,"campfire_upgraded":4,"win_rate":0.0,"timestamp":1612217286,"path_taken":["M","$","M","?","$","E","?","E","T","E","?","R","M","?","R","BOSS","M","M","M","?","$","E","R","?","T","M","E","$","M","M","R","BOSS","M","?","M","?","$","R","M","M","T","R","M","E","?","?","R","BOSS"],"items_purchased_type":["Card","Card","Relic","Card","Potion","Card","Relic","Relic"],"build_version":"2020-12-22","purchased_purges":0,"victory":false,"max_hp_per_floor":[75,75,75,75,75,75,80,80,80,80,80,80,80,80,80,80,80,80,80,80,80,80,80,80,85,85,85,85,85,85,85,85,85,85,85,85,85,85,85,85,85,85,85,85,85,85,85,85,85,85,85],"relic_stats":{"Happy Flower":[15],"counters":[25,99],"CeramicFish":99,"Eternal Feather":18,"Letter Opener":[53],"Ginger":[9],"Smiling Mask":0,"MawBank":156,"Boot":[0],"Burning Blood":139,"Mummified Hand":[1],"Tiny Chest":1,"obtain_stats":[{"Girya":38,"NeowsBlessing":0,"Happy Flower":29,"CeramicFish":28,"Velvet Choker":17,"Oddly Smooth Stone":26,"Eternal Feather":47,"Letter Opener":8,"Ginger":10,"Smiling Mask":6,"MawBank":9,"Boot":46,"Burning Blood":0,"Mummified Hand":48,"Tiny Chest":23,"Bag of Marbles":39,"Meat on the Bone":22,"Runic Cube":34},{"Girya":20,"NeowsBlessing":0,"Happy Flower":14,"CeramicFish":14,"Velvet Choker":7,"Oddly Smooth Stone":12,"Eternal Feather":24,"Letter Opener":4,"Ginger":5,"Smiling Mask":3,"MawBank":4,"Boot":24,"Burning Blood":0,"Mummified Hand":24,"Tiny Chest":12,"Bag of Marbles":20,"Meat on the Bone":11,"Runic Cube":17},{"Girya":78,"NeowsBlessing":0,"Happy Flower":54,"CeramicFish":54,"Velvet Choker":23,"Oddly Smooth Stone":46,"Eternal Feather":96,"Letter Opener":6,"Ginger":12,"Smiling Mask":3,"MawBank":6,"Boot":96,"Burning Blood":0,"Mummified Hand":96,"Tiny Chest":46,"Bag of Marbles":78,"Meat on the Bone":38,"Runic Cube":66}],"Meat on the Bone":132,"Runic Cube":[20]},"card_choices":[{"not_picked":["Flex","Perfected Strike","Havoc"],"picked":"SKIP","floor":1.0},{"not_picked":["Flex","Havoc"],"picked":"Perfected Strike","floor":1.0},{"not_picked":["Sentinel","Havoc"],"picked":"Perfected Strike","floor":3.0},{"not_picked":["Cleave","Rupture"],"picked":"Pommel Strike","floor":6.0},{"not_picked":["Clothesline","Corruption"],"picked":"Whirlwind","floor":8.0},{"not_picked":["Power Through","Seeing Red"],"picked":"Pommel Strike","floor":10.0},{"not_picked":["Hemokinesis","Combust"],"picked":"Twin Strike","floor":13.0},{"not_picked":["Exhume","Juggernaut"],"picked":"Limit Break","floor":16.0},{"not_picked":["Sever Soul","Clothesline","Iron Wave"],"picked":"SKIP","floor":18.0},{"not_picked":["Clash","Feel No Pain+1"],"picked":"Pommel Strike","floor":19.0},{"not_picked":["Body Slam","Sword Boomerang"],"picked":"Shockwave+1","floor":20.0},{"not_picked":["Shockwave","Anger+1","Headbutt"],"picked":"SKIP","floor":21.0},{"not_picked":["Feel No Pain","Searing Blow","Thunderclap"],"picked":"SKIP","floor":23.0},{"not_picked":["Shockwave","True Grit","Rage"],"picked":"SKIP","floor":27.0},{"not_picked":["True Grit","Sword Boomerang"],"picked":"Shrug It Off","floor":28.0},{"not_picked":["Shockwave","Reckless Charge"],"picked":"Wild Strike+1","floor":30.0},{"not_picked":["Infernal Blade","True Grit"],"picked":"Inflame+1","floor":31.0},{"not_picked":["Juggernaut","Berserk"],"picked":"Offering","floor":33},{"not_picked":["Rupture","Body Slam+1"],"picked":"Armaments+1","floor":35},{"not_picked":["PanicButton","Mayhem"],"picked":"Thinking Ahead","floor":36},{"not_picked":["Armaments+1","Headbutt"],"picked":"Burning Pact+1","floor":37},{"not_picked":["Headbutt","Rampage+1"],"picked":"Shrug It Off","floor":41},{"not_picked":["Headbutt","Havoc+1"],"picked":"Perfected Strike+1","floor":42},{"not_picked":["Ghostly Armor+1","Combust+1"],"picked":"Pommel Strike","floor":45},{"not_picked":["Anger","Body Slam","Evolve+1"],"picked":"SKIP","floor":46}],"player_experience":602866,"relics_obtained":[{"floor":6.0,"key":"Smiling Mask"},{"floor":8.0,"key":"Letter Opener"},{"floor":9.0,"key":"MawBank"},{"floor":10.0,"key":"Ginger"},{"floor":23.0,"key":"Tiny Chest"},{"floor":26.0,"key":"Oddly Smooth Stone"},{"floor":28.0,"key":"CeramicFish"},{"floor":38,"key":"Girya"},{"floor":46,"key":"Boot"},{"floor":47,"key":"Eternal Feather"},{"floor":48,"key":"Mummified Hand"}],"event_choices":[{"damage_healed":0.0,"max_hp_gain":0.0,"max_hp_loss":0.0,"gold_gain":0.0,"event_name":"Shining Light","player_choice":"Entered Light","floor":4.0,"gold_loss":0.0,"damage_taken":23.0,"cards_upgraded":["Defend_R","Bash"]},{"damage_healed":0.0,"max_hp_gain":5.0,"max_hp_loss":0.0,"gold_gain":0.0,"event_name":"Big Fish","player_choice":"Donut","floor":7.0,"gold_loss":0.0,"damage_taken":0.0},{"damage_healed":0.0,"max_hp_gain":0.0,"max_hp_loss":0.0,"gold_gain":0.0,"event_name":"Living Wall","player_choice":"Grow","floor":11.0,"gold_loss":0.0,"damage_taken":0.0,"cards_upgraded":["Perfected Strike"]},{"cards_removed":["Whirlwind"],"damage_healed":39.0,"max_hp_gain":0.0,"max_hp_loss":0.0,"gold_gain":0.0,"event_name":"Bonfire Elementals","player_choice":"Offered Uncommon","floor":14.0,"gold_loss":0.0,"damage_taken":0.0},{"damage_healed":0.0,"max_hp_gain":5.0,"max_hp_loss":0.0,"gold_gain":0.0,"event_name":"Forgotten Altar","player_choice":"Shed Blood","floor":25.0,"gold_loss":0.0,"damage_taken":28.0},{"damage_healed":0,"gold_gain":0,"player_choice":"Memory 1","damage_taken":0,"max_hp_gain":0,"max_hp_loss":0,"event_name":"SensoryStone","floor":36,"gold_loss":0},{"damage_healed":0,"gold_gain":0,"player_choice":"Fight","damage_taken":0,"max_hp_gain":0,"max_hp_loss":0,"event_name":"Mysterious Sphere","floor":38,"gold_loss":0}],"is_beta":false,"boss_relics":[{"not_picked":["SacredBark","Runic Pyramid"],"picked":"Velvet Choker"},{"not_picked":["Astrolabe","Pandora\u0027s Box"],"picked":"Runic Cube"}],"items_purged_floors":[],"is_endless":false,"potions_floor_spawned":[3,8,10,20,31,33,38,42,45,46],"killed_by":"Time Eater","ascension_level":20}}