{"host":"i0m9g0siyue4991n","time":1612212171,"event":{"mods":["100% Spire Juice","ATMod(°¢èªMod)","Act Like it!","BaseMod","BetterRewards","CapriCore","Challenge The Spire","Custom Start","Friendly Minions","Gensokyo","GungeonMod","HololiveMod","Marisa£¨ìFÓê¡¡Ä§ÀíÉ³£©","Minty Spire (QoL Compilation)","Quick Restart","Reimu£¨²©ÀöÁéÃÎ£©","RumiaBox-Â¶Ã×æ«µÄÉñÃØºÐ×Ó","StSLib","The Administrix","The Immortal","The Servant 0.9.4","Yakumo Yukari mod"],"gold_per_floor":[110,60,20,40,57,84,84,123,123,166,166,166,308,411,411,564,564,601,169,169,69,69,201,265,265,265,317,317,354,487,513,513,685,685,771,214,314,374,418,549,549,672,739,798,798,836,926,926,926,981,981,981,282,365,390],"floor_reached":56,"language":"ZHS","playtime":3361,"items_purged":["DemoMod:Strike_Huntress","DemoMod:CrossBow","DemoMod:RustySidearm","Parasite"],"score":1610,"play_id":"c4d24cd3-65a9-4dc7-a142-7de3c41cb0d7","local_time":"20210202044251","is_ascension_mode":true,"campfire_choices":[{"data":"DemoMod:ConditionalReflex","floor":7.0,"key":"SMITH"},{"data":"AT_FamilyPortrait","floor":12.0,"key":"SMITH"},{"data":"DemoMod:ShadowBullets","floor":15.0,"key":"SMITH"},{"data":"DemoMod:Elimentaler","floor":25,"key":"SMITH"},{"data":"DemoMod:ManualReload","floor":28,"key":"SMITH"},{"data":"AT_TearsDenial","floor":32,"key":"SMITH"},{"data":"DemoMod:TableSutra","floor":41,"key":"SMITH"},{"floor":45,"key":"RECALL"},{"data":"DemoMod:BlackHoleGun","floor":49,"key":"SMITH"},{"data":"Panacea","floor":52,"key":"SMITH"}],"circlet_count":0,"master_deck":["DemoMod:Defend_Huntress","DemoMod:Defend_Huntress","DemoMod:Defend_Huntress","DemoMod:Defend_Huntress","DemoMod:Roll","DemoMod:ManualReload+1","AT_FamilyPortrait+1","DemoMod:SAA","DemoMod:ConditionalReflex+1","DemoMod:StrategicReserve","DemoMod:BlackHoleGun+1","DemoMod:ShadowBullets+1","DemoMod:Elimentaler+1","AT_TearsDenial+1","DemoMod:ConditionalReflex+1","DemoMod:ThirdPartyController","Panacea+1","DemoMod:ConditionalReflex+1","DemoMod:Eureka","DemoMod:ConditionalReflex+1","DemoMod:TableSutra+1"],"relics":["DemoMod:Dog","AT_ATBox","PaintedHorse:ReiMu","GodSword1","AT_MibuBalloonWealth","DemoMod:GreenGuonStone","AT_TrinityForce","Toy Ornithopter","DemoMod:AgedBell","Art of War","Meat on the Bone","Strawberry","DemoMod:ResourcefulSack","DemoMod:ElasticCartridgeClip","DemoMod:PartiallyEatenCheese","Ccalipers","Mercury Hourglass","Unceasing Top","Juzu Bracelet","DemoMod:WhiteGuonStone","ClockworkSouvenir","Blue Candle","DemoMod:GlassGuonStoneRelic","AT_GuinsooRageblade"],"acts_visited":["Exordium","TheCity","TheBeyond","TheEnding"],"potions_floor_usage":[27,40,50,55,55,55],"damage_taken":[{"damage":0.0,"enemies":"Jaw Worm","floor":1.0,"turns":4.0},{"damage":0.0,"enemies":"2 Louse","floor":4.0,"turns":2.0},{"damage":0.0,"enemies":"Cultist","floor":5.0,"turns":3.0},{"damage":68.0,"enemies":"Gremlin Nob","floor":6.0,"turns":7.0},{"damage":0.0,"enemies":"Exordium Thugs","floor":8.0,"turns":2.0},{"damage":0.0,"enemies":"Looter","floor":10.0,"turns":4.0},{"damage":0.0,"enemies":"Lots of Slimes","floor":13.0,"turns":2.0},{"damage":7.0,"enemies":"3 Sentries","floor":14.0,"turns":3.0},{"damage":51.0,"enemies":"Hexaghost","floor":16.0,"turns":18.0},{"damage":0.0,"enemies":"Spheric Guardian","floor":18.0,"turns":3.0},{"damage":36,"enemies":"Gremlin Leader","floor":23,"turns":5},{"damage":0,"enemies":"Shell Parasite","floor":24,"turns":4},{"damage":38,"enemies":"Book of Stabbing","floor":27,"turns":7},{"damage":0,"enemies":"Snake Plant","floor":29,"turns":4},{"damage":0,"enemies":"Gremlin Leader","floor":30,"turns":5},{"damage":4,"enemies":"Automaton","floor":33,"turns":8},{"damage":10,"enemies":"3 Shapes","floor":35,"turns":2},{"damage":0,"enemies":"Orb Walker","floor":38,"turns":3},{"damage":3,"enemies":"Writhing Mass","floor":39,"turns":7},{"damage":0,"enemies":"Reptomancer","floor":40,"turns":4},{"damage":12,"enemies":"4 Shapes","floor":42,"turns":4},{"damage":0,"enemies":"Transient","floor":43,"turns":5},{"damage":0,"enemies":"Giant Head","floor":44,"turns":8},{"damage":0,"enemies":"Transient","floor":46,"turns":5},{"damage":0,"enemies":"Jaw Worm Horde","floor":47,"turns":2},{"damage":48,"enemies":"Donu and Deca","floor":50,"turns":9},{"damage":13,"enemies":"Shield and Spear","floor":54,"turns":6},{"damage":9,"enemies":"The Heart","floor":55,"turns":5}],"seed_played":"5475797508899575747","potions_obtained":[{"floor":1.0,"key":"Block Potion"},{"floor":11.0,"key":"FearPotion"},{"floor":11.0,"key":"SkillPotion"},{"floor":11.0,"key":"SpeedPotion"},{"floor":13.0,"key":"SteroidPotion"},{"floor":16.0,"key":"DuplicationPotion"},{"floor":23,"key":"GamblersBrew"},{"floor":27,"key":"Strength Potion"},{"floor":29,"key":"Ancient Potion"},{"floor":33,"key":"PowerPotion"},{"floor":38,"key":"Dexterity Potion"},{"floor":42,"key":"Explosive Potion"}],"is_trial":false,"path_per_floor":["M","?","?","M","M","E","R","M","T","M","?","R","M","E","R","B",null,"M","$","?","$","?","E","M","R","T","E","R","M","E","T","R","B",null,"M","$","?","M","M","E","R","M","T","E","R","M","M","?","R","B",null,"R","$","E","B",null],"character_chosen":"HUNTRESS","items_purchased":["AT_TearsDenial","Toy Ornithopter","DemoMod:DirectionalPad","DemoMod:PartiallyEatenCheese","Ccalipers","DemoMod:WhiteGuonStone","ClockworkSouvenir","Blue Candle"],"campfire_rested":0,"item_purchase_floors":[19,19,19,36,36,53,53,53],"current_hp_per_floor":[70,70,70,70,70,6,6,6,6,6,6,6,9,2,2,4,73,73,73,73,73,73,37,37,37,37,10,10,10,10,17,17,31,80,70,70,70,70,67,72,72,60,60,63,63,69,69,69,69,38,83,83,80,67,73],"gold":390,"neow_bonus":"TRANSFORM_CARD","is_daily":false,"chose_seed":false,"campfire_upgraded":9,"win_rate":0.0,"timestamp":1612212171,"path_taken":["M","?","?","M","M","E","R","M","T","M","?","R","M","E","R","BOSS","M","$","?","?","?","E","M","R","T","E","R","?","E","?","R","BOSS","M","$","?","?","M","E","R","M","T","E","R","M","M","?","R","BOSS","R","$","E","BOSS"],"items_purchased_type":["Card","Relic","Card","Relic","Relic","Relic","Relic","Relic"],"build_version":"2020-12-22","purchased_purges":4,"victory":true,"max_hp_per_floor":[70,70,70,70,70,70,70,70,70,70,70,70,73,73,73,73,73,73,73,73,73,73,73,73,73,73,73,73,73,73,80,80,80,80,80,80,80,80,80,80,80,80,80,83,83,83,83,83,83,83,83,83,80,80,80],"card_choices":[{"not_picked":["DemoMod:BattleInHaste","DemoMod:Replace"],"picked":"DemoMod:ConditionalReflex","floor":1.0},{"not_picked":["DemoMod:GunShield","DemoMod:Ejector","DemoMod:AC15"],"picked":"SKIP","floor":4.0},{"not_picked":["DemoMod:DoubleSwitch","DemoMod:RadGun","DemoMod:GunShield"],"picked":"SKIP","floor":5.0},{"not_picked":["DemoMod:CombinedRifle","DemoMod:Ejector","DemoMod:JK47"],"picked":"SKIP","floor":6.0},{"not_picked":["DemoMod:BlackHoleGun","DemoMod:ConditionalReflex"],"picked":"DemoMod:StrategicReserve","floor":8.0},{"not_picked":["DemoMod:BattleInHaste","DemoMod:BoxingGlove"],"picked":"DemoMod:BlackHoleGun","floor":10.0},{"not_picked":["DemoMod:Ejector","DemoMod:BattleInHaste"],"picked":"DemoMod:ShadowBullets","floor":13.0},{"not_picked":["DemoMod:ChanceBullets","DemoMod:StrategicReserve"],"picked":"DemoMod:DirectionalPad","floor":14.0},{"not_picked":["DemoMod:Replace","DemoMod:AbyssalTentacle","DemoMod:BoxingGlove"],"picked":"SKIP","floor":14.0},{"not_picked":["DemoMod:Slinger","DemoMod:BlankBullets"],"picked":"DemoMod:Elimentaler","floor":16.0},{"not_picked":["DemoMod:MegaHand+1","DemoMod:JK47","DemoMod:SAA"],"picked":"SKIP","floor":18.0},{"not_picked":["DemoMod:LifeOrb+1","DemoMod:Unmoved+1","DemoMod:SAA+1"],"picked":"SKIP","floor":23},{"not_picked":["DemoMod:AWP","DemoMod:DirectionalPad"],"picked":"DemoMod:ConditionalReflex+1","floor":24},{"not_picked":["DemoMod:AC15","DemoMod:Elimentaler","DemoMod:PotionOfGunFriendShip"],"picked":"SKIP","floor":27},{"not_picked":["DemoMod:BattleInHaste","DemoMod:DoubleSwitch","DemoMod:PracticeMakesPerfect"],"picked":"SKIP","floor":29},{"not_picked":["DemoMod:Unity","DemoMod:BlackHoleGun","DemoMod:EasyReloadBullets"],"picked":"SKIP","floor":30},{"not_picked":["DemoMod:BattleInHaste","DemoMod:ShadowBullets+1","DemoMod:AbyssalTentacle"],"picked":"SKIP","floor":30},{"not_picked":["DemoMod:BulletBore","DemoMod:GunslingerForm"],"picked":"DemoMod:Eureka","floor":33},{"not_picked":["DemoMod:TripleGun+1","DemoMod:FeignSurrender","DemoMod:Camera"],"picked":"SKIP","floor":35},{"not_picked":["DemoMod:Unity+1","DemoMod:PotionOfGunFriendShip+1"],"picked":"DemoMod:ConditionalReflex+1","floor":38},{"not_picked":["DemoMod:DirectionalPad","DemoMod:TeaPot"],"picked":"DemoMod:TableSutra","floor":39},{"not_picked":["DemoMod:CombinedRifle","DemoMod:SAA","DemoMod:TripleGun+1"],"picked":"SKIP","floor":39},{"not_picked":["DemoMod:DoubleVision","DemoMod:Casey+1","DemoMod:JK47+1"],"picked":"SKIP","floor":40},{"not_picked":["DemoMod:SAA","DemoMod:AWP","DemoMod:MachoBrace+1"],"picked":"SKIP","floor":42},{"not_picked":["DemoMod:Replace","DemoMod:Desperate","DemoMod:TeaPot+1"],"picked":"SKIP","floor":43},{"not_picked":["DemoMod:FinishedGun","DemoMod:FortunesFavor+1","DemoMod:DirectionalPad+1"],"picked":"SKIP","floor":44},{"not_picked":["DemoMod:LifeOrb","DemoMod:DoubleSwitch+1","DemoMod:Casey+1"],"picked":"SKIP","floor":46},{"not_picked":["DemoMod:Camera+1","DemoMod:ZorGun","DemoMod:GunShield+1"],"picked":"SKIP","floor":47},{"not_picked":["DemoMod:StrategicReserve+1","DemoMod:DarkMarker","DemoMod:EasyReloadBullets+1"],"picked":"SKIP","floor":54}],"player_experience":581613,"relics_obtained":[{"floor":6.0,"key":"GodSword1"},{"floor":9.0,"key":"AT_MibuBalloonWealth"},{"floor":14.0,"key":"DemoMod:GreenGuonStone"},{"floor":23,"key":"DemoMod:AgedBell"},{"floor":27,"key":"Art of War"},{"floor":30,"key":"Meat on the Bone"},{"floor":31,"key":"Strawberry"},{"floor":33,"key":"DemoMod:ResourcefulSack"},{"floor":40,"key":"Mercury Hourglass"},{"floor":43,"key":"Unceasing Top"},{"floor":44,"key":"Juzu Bracelet"},{"floor":54,"key":"AT_GuinsooRageblade"}],"event_choices":[{"cards_removed":["DemoMod:Strike_Huntress"],"damage_healed":0.0,"max_hp_gain":0.0,"max_hp_loss":0.0,"gold_gain":0.0,"event_name":"The Cleric","player_choice":"Card Removal","floor":2.0,"gold_loss":50.0,"damage_taken":0.0},{"damage_healed":0.0,"max_hp_gain":0.0,"max_hp_loss":0.0,"gold_gain":0.0,"event_name":"yidonshenshe","player_choice":"ÈûÇ®","floor":3.0,"gold_loss":40.0,"damage_taken":0.0,"relics_obtained":["PaintedHorse:ReiMu"]},{"damage_healed":0.0,"max_hp_gain":0.0,"max_hp_loss":0.0,"gold_gain":0.0,"event_name":"Lab","player_choice":"Got Potions","floor":11.0,"gold_loss":0.0,"damage_taken":0.0},{"damage_healed":0.0,"max_hp_gain":0.0,"max_hp_loss":0.0,"gold_gain":0.0,"event_name":"Duplicator","player_choice":"Copied","floor":20.0,"gold_loss":0.0,"damage_taken":0.0,"cards_obtained":["DemoMod:ConditionalReflex"]},{"damage_healed":0,"gold_gain":0,"player_choice":"2 cards matched","damage_taken":0,"max_hp_gain":0,"max_hp_loss":0,"event_name":"Match and Keep!","floor":22,"gold_loss":0,"cards_obtained":["DemoMod:ThirdPartyController","Panacea"]},{"damage_healed":0,"gold_gain":100,"player_choice":"Pray","damage_taken":0,"max_hp_gain":0,"max_hp_loss":0,"event_name":"Golden Shrine","floor":37,"gold_loss":0},{"damage_healed":0,"gold_gain":0,"player_choice":"Ignored","damage_taken":0,"max_hp_gain":0,"max_hp_loss":0,"event_name":"Tomb of Lord Red Mask","floor":48,"gold_loss":0}],"is_beta":false,"boss_relics":[{"not_picked":["Hololive_ChaosS","Fusion Hammer"],"picked":"AT_TrinityForce"},{"not_picked":["Velvet Choker","AddBug"],"picked":"DemoMod:ElasticCartridgeClip"}],"items_purged_floors":[19,21,36,53],"is_endless":false,"potions_floor_spawned":[1,13,16,23,27,29,33,38,39,42,44,50,54],"ascension_level":4}}