{"host":"wuernuywc9gl215o","time":1612182328,"event":{"mods":["AchievementEnabler","BaseMod","Block Reminder","Key Reminder","Minty Spire (QoL Compilation)","Permanent Neow","Potion Indicator Mod","Quick Restart","Relic Stats"],"gold_per_floor":[111,127,147,166,166,166,197,197,197,226,226,236,267,267,267,358,358,381,381,404,404,404,442,442,473,527,442,482,501,426,426,426],"floor_reached":31,"language":"ENG","playtime":1945,"items_purged":[],"score":672,"play_id":"01f0283d-6ae6-4567-9a9f-a6cc4cb8b6d9","local_time":"20210201122528","is_ascension_mode":true,"campfire_choices":[{"data":"Fire Breathing","floor":6.0,"key":"SMITH"},{"floor":8.0,"key":"REST"},{"data":"Clothesline","floor":11.0,"key":"SMITH"},{"data":"Bash","floor":15.0,"key":"SMITH"},{"floor":24.0,"key":"REST"}],"circlet_count":0,"master_deck":["AscendersBane","Strike_R+1","Strike_R+1","Strike_R+1","Strike_R+1","Defend_R+1","Defend_R+1","Defend_R+1","Defend_R+1","Bash+1","Shockwave","Dual Wield","Pommel Strike","Fire Breathing+1","Clothesline+1","Evolve","Brutality","Havoc","True Grit","Rupture","RitualDagger","Sentinel","Flame Barrier","Rupture+1","Burning Pact"],"relics":["Snecko Eye","Dead Branch","Gambling Chip","Unceasing Top","Ancient Tea Set","Golden Idol","Runic Cube","Frozen Egg 2","Omamori","Nunchaku","Tiny Chest","Bottled Flame"],"acts_visited":["Exordium","TheCity"],"potions_floor_usage":[29],"damage_taken":[{"damage":6.0,"enemies":"Cultist","floor":1.0,"turns":3.0},{"damage":0.0,"enemies":"Jaw Worm","floor":2.0,"turns":4.0},{"damage":8.0,"enemies":"Small Slimes","floor":3.0,"turns":3.0},{"damage":1.0,"enemies":"2 Fungi Beasts","floor":4.0,"turns":3.0},{"damage":25.0,"enemies":"3 Sentries","floor":7.0,"turns":4.0},{"damage":8.0,"enemies":"Gremlin Nob","floor":10.0,"turns":3.0},{"damage":2.0,"enemies":"3 Louse","floor":12.0,"turns":2.0},{"damage":0.0,"enemies":"3 Sentries","floor":13.0,"turns":5.0},{"damage":26.0,"enemies":"The Guardian","floor":16.0,"turns":13.0},{"damage":15.0,"enemies":"Shell Parasite","floor":18.0,"turns":3.0},{"damage":0.0,"enemies":"2 Thieves","floor":20.0,"turns":4.0},{"damage":7.0,"enemies":"Slavers","floor":23.0,"turns":4.0},{"damage":17.0,"enemies":"Book of Stabbing","floor":25.0,"turns":4.0},{"damage":24.0,"enemies":"Slavers","floor":28.0,"turns":6.0},{"damage":4,"enemies":"3 Cultists","floor":29,"turns":4},{"damage":31,"enemies":"Cultist and Chosen","floor":31,"turns":3}],"seed_played":"8366419611960083053","potions_obtained":[{"floor":2.0,"key":"Ancient Potion"},{"floor":3.0,"key":"GamblersBrew"},{"floor":4.0,"key":"Energy Potion"},{"floor":7.0,"key":"DistilledChaos"},{"floor":13.0,"key":"LiquidMemories"},{"floor":18.0,"key":"ColorlessPotion"},{"floor":28.0,"key":"PowerPotion"}],"is_trial":false,"path_per_floor":["M","M","M","M","?","R","E","R","T","E","R","M","E","?","R","B",null,"M","?","M","?","?","E","R","E","T","?","E","M","?","M"],"character_chosen":"IRONCLAD","items_purchased":[],"campfire_rested":2,"item_purchase_floors":[],"current_hp_per_floor":[62,62,54,53,53,53,28,50,50,42,42,40,40,40,40,14,55,40,40,40,40,34,27,47,30,30,30,6,2,2,0,0],"gold":426,"neow_bonus":"BOSS_RELIC","is_daily":false,"chose_seed":false,"campfire_upgraded":3,"win_rate":0.0,"timestamp":1612182328,"path_taken":["M","M","M","?","?","R","E","R","T","E","R","M","E","?","R","BOSS","M","?","M","?","?","E","R","E","T","?","E","M","?","M"],"items_purchased_type":[],"build_version":"2020-12-22","purchased_purges":0,"victory":false,"max_hp_per_floor":[75,75,75,75,75,75,75,75,75,75,75,75,75,68,68,68,68,68,68,68,68,68,68,68,68,68,68,68,68,68,68,68],"relic_stats":{"Nunchaku":[2],"counters":[16,68],"Golden Idol":54,"Dead Branch":[52],"Gambling Chip":[55],"Snecko Eye":[138,144,130,127],"Tiny Chest":0,"obtain_stats":[{"Golden Idol":14,"Dead Branch":7,"Omamori":25,"Frozen Egg 2":23,"Ancient Tea Set":13,"Burning Blood":0,"Nunchaku":26,"Bottled Flame":28,"Gambling Chip":9,"Snecko Eye":0,"Tiny Chest":27,"Unceasing Top":10,"Runic Cube":17},{"Golden Idol":8,"Dead Branch":5,"Omamori":13,"Frozen Egg 2":12,"Ancient Tea Set":8,"Burning Blood":0,"Nunchaku":13,"Bottled Flame":14,"Gambling Chip":5,"Snecko Eye":0,"Tiny Chest":13,"Unceasing Top":6,"Runic Cube":9},{"Golden Idol":27,"Dead Branch":17,"Omamori":55,"Frozen Egg 2":51,"Ancient Tea Set":27,"Burning Blood":0,"Nunchaku":55,"Bottled Flame":61,"Gambling Chip":17,"Snecko Eye":0,"Tiny Chest":55,"Unceasing Top":20,"Runic Cube":40}],"Unceasing Top":[1],"Runic Cube":[22]},"card_choices":[{"not_picked":["True Grit","Headbutt"],"picked":"Shockwave","floor":1.0},{"not_picked":["Dark Embrace","Shrug It Off"],"picked":"Dual Wield","floor":2.0},{"not_picked":["Inflame","Perfected Strike"],"picked":"Pommel Strike","floor":3.0},{"not_picked":["Perfected Strike","Sentinel"],"picked":"Fire Breathing","floor":4.0},{"not_picked":["Sentinel","Wild Strike"],"picked":"Clothesline","floor":7.0},{"not_picked":["Thunderclap","Infernal Blade"],"picked":"Evolve","floor":10.0},{"not_picked":["Rage","Warcry","Rampage"],"picked":"SKIP","floor":12.0},{"not_picked":["True Grit","Iron Wave","Blood for Blood"],"picked":"SKIP","floor":13.0},{"not_picked":["Double Tap","Exhume"],"picked":"Brutality","floor":16.0},{"not_picked":["Body Slam","Rage"],"picked":"Havoc","floor":18.0},{"not_picked":["Warcry","Wild Strike"],"picked":"True Grit","floor":20.0},{"not_picked":["Combust+1","Warcry"],"picked":"Sentinel","floor":23.0},{"not_picked":["Fiend Fire","Flex"],"picked":"Flame Barrier","floor":25.0},{"not_picked":["True Grit","Thunderclap"],"picked":"Rupture+1","floor":28.0},{"not_picked":["Thunderclap+1","Searing Blow"],"picked":"Burning Pact","floor":29}],"player_experience":745342,"relics_obtained":[{"floor":7.0,"key":"Dead Branch"},{"floor":9.0,"key":"Gambling Chip"},{"floor":10.0,"key":"Unceasing Top"},{"floor":13.0,"key":"Ancient Tea Set"},{"floor":23.0,"key":"Frozen Egg 2"},{"floor":25.0,"key":"Omamori"},{"floor":26.0,"key":"Nunchaku"},{"floor":28.0,"key":"Bottled Flame"}],"event_choices":[{"damage_healed":0.0,"max_hp_gain":0.0,"max_hp_loss":0.0,"gold_gain":0.0,"event_name":"Liars Game","player_choice":"Ignored","floor":5.0,"gold_loss":0.0,"damage_taken":0.0},{"damage_healed":0.0,"max_hp_gain":0.0,"max_hp_loss":7.0,"gold_gain":0.0,"event_name":"Golden Idol","player_choice":"Lose Max HP","floor":14.0,"gold_loss":0.0,"damage_taken":0.0,"relics_obtained":["Golden Idol"]},{"damage_healed":0.0,"max_hp_gain":0.0,"max_hp_loss":0.0,"gold_gain":0.0,"event_name":"Back to Basics","player_choice":"Simplicity","floor":19.0,"gold_loss":0.0,"damage_taken":0.0,"cards_upgraded":["Strike_R","Strike_R","Strike_R","Strike_R","Strike_R","Defend_R","Defend_R","Defend_R","Defend_R"]},{"damage_healed":0.0,"max_hp_gain":0.0,"max_hp_loss":0.0,"gold_gain":0.0,"event_name":"The Library","player_choice":"Read","floor":21.0,"gold_loss":0.0,"damage_taken":0.0,"cards_obtained":["Rupture"]},{"damage_healed":0.0,"max_hp_gain":0.0,"max_hp_loss":0.0,"gold_gain":0.0,"event_name":"Nest","player_choice":"Joined the Cult","floor":22.0,"gold_loss":0.0,"damage_taken":6.0,"cards_obtained":["RitualDagger"]},{"damage_healed":0.0,"max_hp_gain":0.0,"max_hp_loss":0.0,"gold_gain":0.0,"event_name":"Addict","player_choice":"Obtained Relic","floor":27.0,"gold_loss":85.0,"damage_taken":0.0,"relics_obtained":["Tiny Chest"]},{"cards_removed":["Strike_R"],"damage_healed":0,"gold_gain":0,"player_choice":"Gave Gold","damage_taken":0,"max_hp_gain":0,"max_hp_loss":0,"event_name":"Beggar","floor":30,"gold_loss":75}],"is_beta":false,"boss_relics":[{"not_picked":["Black Star","Sozu"],"picked":"Runic Cube"}],"items_purged_floors":[],"is_endless":false,"potions_floor_spawned":[2,3,4,7,13,18,20,28],"killed_by":"Cultist and Chosen","ascension_level":20}}