{"host":"qgvpd00zvzorrg7j","time":1612154278,"event":{"mods":["BaseMod","Colored Map","Downfall","Minty Spire (QoL Compilation)","Quick Restart","StSLib"],"gold_per_floor":[99,99,99,99,99,24,24,39,114,114,124,135,161,46,66,66,66,66],"floor_reached":16,"language":"ENG","playtime":574,"items_purged":["Slimebound:Strike_Slimebound","Slimebound:Defend_Slimebound"],"score":88,"play_id":"46959abd-23f6-41e2-9993-56de797c0206","local_time":"20210131233758","is_ascension_mode":false,"campfire_choices":[{"data":"Slimebound:CorrosiveSpit","floor":1,"key":"SMITH"}],"circlet_count":0,"master_deck":["Slimebound:Strike_Slimebound","Slimebound:Strike_Slimebound","Slimebound:Tackle","Slimebound:Defend_Slimebound","Slimebound:Defend_Slimebound","Slimebound:Split","Slimebound:CorrosiveSpit+1","Slimebound:ComboTackle","Slimebound:SlimeTap","Slimebound:LeechingTouch","Slimebound:SamplingLick","Slimebound:Grow","Slimebound:GoopSpray"],"relics":["Slimebound:AbsorbEndCombat","downfall:HeartsMalice","Ginger","Regal Pillow","Odd Mushroom"],"acts_visited":["Exordium"],"potions_floor_usage":[],"damage_taken":[{"damage":0,"enemies":"2 Louse","floor":2,"turns":1},{"damage":0,"enemies":"Small Slimes","floor":4,"turns":1},{"damage":0,"enemies":"downfall:FleeingMerchant","floor":6,"turns":1},{"damage":6,"enemies":"Jaw Worm","floor":8,"turns":2},{"damage":12,"enemies":"Exordium Wildlife","floor":11,"turns":4},{"damage":5,"enemies":"Blue Slaver","floor":12,"turns":3},{"damage":14,"enemies":"The Mushroom Lair","floor":13,"turns":4},{"damage":0,"enemies":"downfall:FleeingMerchant","floor":14,"turns":4},{"damage":0,"enemies":"Gremlin Gang","floor":15,"turns":3},{"damage":63,"enemies":"SI_SHIV_ARCHETYPE","floor":16,"turns":8}],"seed_played":"1570828021807553464","potions_obtained":[{"floor":11,"key":"SteroidPotion"},{"floor":12,"key":"Dexterity Potion"},{"floor":15,"key":"ColorlessPotion"}],"is_trial":false,"path_per_floor":["R","M","?","M","?","$","T","M","?","?","M","M","?","$","M","B"],"character_chosen":"SLIMEBOUND","items_purchased":[],"campfire_rested":0,"item_purchase_floors":[],"current_hp_per_floor":[65,65,70,70,70,70,70,66,66,59,51,48,40,44,52,0,0,0],"gold":66,"neow_bonus":"THREE_ENEMY_KILL","is_daily":false,"chose_seed":false,"campfire_upgraded":1,"win_rate":0.0,"timestamp":1612154278,"path_taken":["R","M","?","M","?","$","T","M","?","?","?","M","?","?","M","BOSS"],"items_purchased_type":[],"build_version":"2020-12-22","purchased_purges":2,"victory":false,"max_hp_per_floor":[65,65,70,70,70,70,70,70,70,70,70,70,70,70,70,70,70,70],"card_choices":[{"not_picked":["Slimebound:RollThrough","Slimebound:SlimeBarrage"],"picked":"Slimebound:ComboTackle","floor":2},{"not_picked":["Slimebound:Replication","Slimebound:Chomp"],"picked":"Slimebound:SlimeTap","floor":4},{"not_picked":["Slimebound:ComboTackle","Slimebound:SplitMire"],"picked":"Slimebound:LeechingTouch","floor":6},{"not_picked":["Slimebound:Prepare","Slimebound:SlimeBrawl","Slimebound:Replication"],"picked":"SKIP","floor":8},{"not_picked":["Slimebound:PressTheAttack","Slimebound:SlimeBrawl"],"picked":"Slimebound:SamplingLick","floor":11},{"not_picked":["Slimebound:FinishingTackle","Slimebound:SplitBruiser","Slimebound:GoopTackle"],"picked":"SKIP","floor":12},{"not_picked":["Slimebound:LevelUp","Slimebound:SelfFormingGoo"],"picked":"Slimebound:Grow","floor":13},{"not_picked":["Slimebound:RallyTheTroops","Slimebound:RejuvenatingLick"],"picked":"Slimebound:GoopSpray","floor":14},{"not_picked":["Slimebound:SplitAcid","Slimebound:Chomp","Slimebound:SlimeBrawl"],"picked":"SKIP","floor":15}],"player_experience":593347,"relics_obtained":[{"floor":7,"key":"Ginger"},{"floor":13,"key":"Odd Mushroom"}],"event_choices":[{"damage_healed":0,"gold_gain":0,"player_choice":"Donut","damage_taken":0,"max_hp_gain":5,"max_hp_loss":0,"event_name":"Big Fish","floor":3,"gold_loss":0},{"cards_removed":["Slimebound:Defend_Slimebound"],"damage_healed":0,"gold_gain":0,"player_choice":"Forget","damage_taken":0,"max_hp_gain":0,"max_hp_loss":0,"event_name":"Living Wall","floor":5,"gold_loss":0},{"damage_healed":0,"gold_gain":0,"player_choice":"Success","damage_taken":7,"relics_obtained":["Regal Pillow"],"max_hp_gain":0,"max_hp_loss":0,"event_name":"Scrap Ooze","floor":10,"gold_loss":0},{"damage_healed":0,"gold_gain":0,"player_choice":"Fought Mushrooms","damage_taken":0,"max_hp_gain":0,"max_hp_loss":0,"event_name":"Mushrooms","floor":13,"gold_loss":0}],"is_beta":false,"boss_relics":[],"items_purged_floors":[6,14],"is_endless":false,"potions_floor_spawned":[11,12,15],"killed_by":"SI_SHIV_ARCHETYPE","ascension_level":0}}