{"host":"sav7uxregyirlf69","time":1612179836,"event":{"mods":["AchievementEnabler","BaseMod","Colored Map","DeckTracker","Keyboard Shortcuts","Minty Spire (QoL Compilation)","READ ME - Guardian Mod","StSLib","SuperFastMode"],"gold_per_floor":[109,119,135,135,151,151,50,50,50,61,61,83,108,108,108,108,108],"floor_reached":16,"language":"KOR","playtime":218,"items_purged":["Strike_R"],"score":204,"play_id":"cea2ede6-03d2-4c19-aa94-b25f668ec18a","local_time":"20210201204356","is_ascension_mode":true,"campfire_choices":[{"data":"Bloodletting","floor":6,"key":"SMITH"},{"data":"Whirlwind","floor":8,"key":"SMITH"},{"data":"Feed","floor":15,"key":"SMITH"}],"circlet_count":0,"master_deck":["AscendersBane","Strike_R","Strike_R","Strike_R","Strike_R","Defend_R","Defend_R","Defend_R","Defend_R","Bash","Hemokinesis","Whirlwind+1","Feel No Pain","Bloodletting+1","Shrug It Off","Feed+1"],"relics":["Burning Blood","MealTicket","Ice Cream","Champion Belt","CeramicFish","HornCleat"],"acts_visited":["Exordium"],"potions_floor_usage":[],"damage_taken":[{"damage":6,"enemies":"Cultist","floor":1,"turns":3},{"damage":14,"enemies":"Jaw Worm","floor":2,"turns":2},{"damage":7,"enemies":"Small Slimes","floor":3,"turns":3},{"damage":8,"enemies":"3 Louse","floor":5,"turns":2},{"damage":6,"enemies":"Blue Slaver","floor":10,"turns":5},{"damage":9,"enemies":"Lots of Slimes","floor":12,"turns":3},{"damage":33,"enemies":"Lagavulin","floor":13,"turns":6},{"damage":42,"enemies":"Slime Boss","floor":16,"turns":8}],"seed_played":"-8986169422107367118","potions_obtained":[{"floor":1,"key":"SpeedPotion"}],"is_trial":false,"path_per_floor":["M","M","M","?","M","R","$","R","T","M","T","M","E","?","R","B"],"character_chosen":"IRONCLAD","items_purchased":["Shrug It Off"],"campfire_rested":0,"item_purchase_floors":[7],"current_hp_per_floor":[68,60,59,59,57,57,72,72,72,72,72,69,42,42,42,0,0],"gold":108,"neow_bonus":"RANDOM_COMMON_RELIC","is_daily":false,"chose_seed":false,"campfire_upgraded":3,"win_rate":0.0,"timestamp":1612179836,"path_taken":["M","M","M","?","M","R","?","R","T","M","?","M","E","?","R","BOSS"],"items_purchased_type":["Card"],"build_version":"2020-12-22","purchased_purges":1,"victory":false,"max_hp_per_floor":[75,75,75,75,75,75,75,75,75,75,75,75,75,75,75,75,75],"card_choices":[{"not_picked":["Cleave","Flex"],"picked":"Hemokinesis","floor":1},{"not_picked":["Flex","Havoc"],"picked":"Whirlwind","floor":2},{"not_picked":["Armaments","Cleave"],"picked":"Feel No Pain","floor":3},{"not_picked":["Anger","Dropkick"],"picked":"Bloodletting","floor":5},{"not_picked":["Shrug It Off","Twin Strike","Wild Strike"],"picked":"SKIP","floor":10},{"not_picked":["Searing Blow","Dropkick"],"picked":"Feed","floor":12},{"not_picked":["Headbutt","Armaments","Uppercut"],"picked":"SKIP","floor":13}],"player_experience":1452517,"relics_obtained":[{"floor":9,"key":"Champion Belt"},{"floor":11,"key":"CeramicFish"},{"floor":13,"key":"HornCleat"}],"event_choices":[{"damage_healed":0,"gold_gain":0,"player_choice":"Gave Potion","damage_taken":0,"relics_obtained":["Ice Cream"],"max_hp_gain":0,"max_hp_loss":0,"event_name":"WeMeetAgain","floor":4,"gold_loss":0},{"damage_healed":0,"gold_gain":0,"player_choice":"Ignored","damage_taken":0,"max_hp_gain":0,"max_hp_loss":0,"event_name":"Liars Game","floor":14,"gold_loss":0}],"is_beta":false,"boss_relics":[],"items_purged_floors":[7],"is_endless":false,"potions_floor_spawned":[1],"killed_by":"Slime Boss","ascension_level":20}}