{"host":"krw8blyxua7at9ak","time":1612148652,"event":{"mods":["BaseMod","Highlight Path","Minty Spire (QoL Compilation)","ojb\u0027s Info Mod"],"gold_per_floor":[112,125,135,146,162,192,204,243,279,291,291],"floor_reached":10,"language":"ENG","playtime":377,"items_purged":[],"score":160,"play_id":"b459cb4e-2ea6-429c-8410-a16000c086fc","local_time":"20210201040412","is_ascension_mode":true,"campfire_choices":[{"data":"Blade Dance","floor":7,"key":"SMITH"}],"circlet_count":0,"master_deck":["AscendersBane","Strike_G","Strike_G","Strike_G","Strike_G","Strike_G","Defend_G","Defend_G","Defend_G","Defend_G","Defend_G","Survivor","Neutralize","Backstab","Flying Knee","Blade Dance+1","Underhanded Strike","Cloak And Dagger"],"relics":["Ring of the Snake","Oddly Smooth Stone","MawBank","Shovel","Pen Nib"],"acts_visited":["Exordium"],"potions_floor_usage":[6,10],"damage_taken":[{"damage":0.0,"enemies":"Cultist","floor":1.0,"turns":3.0},{"damage":0.0,"enemies":"Jaw Worm","floor":2.0,"turns":3.0},{"damage":1.0,"enemies":"Small Slimes","floor":3.0,"turns":3.0},{"damage":0.0,"enemies":"2 Fungi Beasts","floor":4.0,"turns":3.0},{"damage":10.0,"enemies":"Gremlin Gang","floor":5.0,"turns":7.0},{"damage":17,"enemies":"Lagavulin","floor":6,"turns":5},{"damage":22,"enemies":"3 Sentries","floor":8,"turns":10},{"damage":23,"enemies":"Lagavulin","floor":10,"turns":3}],"seed_played":"5344533787866793356","potions_obtained":[{"floor":1.0,"key":"GamblersBrew"},{"floor":2.0,"key":"DuplicationPotion"},{"floor":4.0,"key":"Strength Potion"}],"is_trial":false,"path_per_floor":["M","M","M","M","M","E","R","E","T","E"],"character_chosen":"THE_SILENT","items_purchased":[],"campfire_rested":0,"item_purchase_floors":[],"current_hp_per_floor":[59,59,58,58,48,31,31,9,9,0,0],"gold":291,"neow_bonus":"RANDOM_COMMON_RELIC","is_daily":false,"chose_seed":false,"campfire_upgraded":1,"win_rate":0.0,"timestamp":1612148652,"path_taken":["M","M","M","M","?","E","R","E","T","E"],"items_purchased_type":[],"build_version":"2020-12-22","purchased_purges":0,"victory":false,"max_hp_per_floor":[66,66,66,66,66,66,66,66,66,66,66],"card_choices":[{"not_picked":["Finisher","Backflip"],"picked":"Backstab","floor":1.0},{"not_picked":["Bane","Acrobatics"],"picked":"Flying Knee","floor":2.0},{"not_picked":["Deadly Poison","Heel Hook","Bane"],"picked":"SKIP","floor":3.0},{"not_picked":["Leg Sweep","Dagger Spray"],"picked":"Blade Dance","floor":4.0},{"not_picked":["Dodge and Roll","Concentrate"],"picked":"Underhanded Strike","floor":5.0},{"not_picked":["Poisoned Stab","Crippling Poison"],"picked":"Cloak And Dagger","floor":6},{"not_picked":["Dodge and Roll","Poisoned Stab","Flying Knee"],"picked":"SKIP","floor":8}],"player_experience":377841,"relics_obtained":[{"floor":6,"key":"MawBank"},{"floor":8,"key":"Shovel"},{"floor":9,"key":"Pen Nib"}],"event_choices":[],"is_beta":false,"boss_relics":[],"items_purged_floors":[],"is_endless":false,"potions_floor_spawned":[1,2,4],"killed_by":"Lagavulin","ascension_level":20}}