{"host":"f0gpob8hq9vgebej","time":1612146770,"event":{"mods":["AchievementEnabler","BaseMod","Minty Spire (QoL Compilation)","Quick Restart","SuperFastMode"],"gold_per_floor":[365,385,400,420,438,438,467,482,782,782,129,129,145,177,177,282,282,293,119,132,132,112,112,124,124,150,25,25,25],"floor_reached":28,"language":"KOR","playtime":615,"items_purged":["Defend_P","Defend_P","Strike_P"],"score":332,"play_id":"0f9400c3-40fa-4ed7-be39-cabe0b9850bc","local_time":"20210201113250","is_ascension_mode":true,"campfire_choices":[{"data":"Eruption","floor":6.0,"key":"SMITH"},{"data":"EmptyFist","floor":10.0,"key":"SMITH"},{"floor":12.0,"key":"REST"},{"floor":15.0,"key":"REST"},{"data":"MentalFortress","floor":23.0,"key":"SMITH"},{"data":"Ragnarok","floor":25.0,"key":"SMITH"}],"circlet_count":0,"master_deck":["Strike_P","Strike_P","Eruption+1","Vigilance","TalkToTheHand","SandsOfTime","WheelKick","EmptyFist+1","FearNoEvil","Meditate","Ragnarok+1","LessonLearned","FollowUp+1","ClearTheMind+1","JustLucky+1","Conclude+1","MentalFortress+1"],"relics":["PureWater","Unceasing Top","Old Coin","Orrery","Mummified Hand","Pen Nib","Astrolabe","Nilry\u0027s Codex","Tiny Chest"],"acts_visited":["Exordium","TheCity"],"potions_floor_usage":[28,28,28],"damage_taken":[{"damage":0.0,"enemies":"Small Slimes","floor":1.0,"turns":2.0},{"damage":0.0,"enemies":"Cultist","floor":2.0,"turns":3.0},{"damage":0.0,"enemies":"2 Louse","floor":3.0,"turns":4.0},{"damage":5.0,"enemies":"2 Fungi Beasts","floor":4.0,"turns":5.0},{"damage":9.0,"enemies":"Large Slime","floor":5.0,"turns":4.0},{"damage":17.0,"enemies":"3 Sentries","floor":7.0,"turns":6.0},{"damage":13.0,"enemies":"Exordium Thugs","floor":8.0,"turns":4.0},{"damage":11.0,"enemies":"Red Slaver","floor":13.0,"turns":4.0},{"damage":0.0,"enemies":"Lagavulin","floor":14.0,"turns":4.0},{"damage":13.0,"enemies":"Hexaghost","floor":16.0,"turns":8.0},{"damage":19.0,"enemies":"Shell Parasite","floor":18.0,"turns":3.0},{"damage":0.0,"enemies":"Spheric Guardian","floor":20.0,"turns":3.0},{"damage":22.0,"enemies":"Snake Plant","floor":24.0,"turns":2.0},{"damage":9,"enemies":"Slavers","floor":28,"turns":1}],"seed_played":"2717624486077365111","potions_obtained":[{"floor":1.0,"key":"Strength Potion"},{"floor":7.0,"key":"Block Potion"},{"floor":13.0,"key":"Swift Potion"},{"floor":14.0,"key":"ColorlessPotion"},{"floor":20.0,"key":"Regen Potion"},{"floor":22.0,"key":"CultistPotion"},{"floor":24.0,"key":"Block Potion"}],"is_trial":false,"path_per_floor":["M","M","M","M","M","R","E","M","T","R","$","R","M","E","R","B",null,"M","$","M","?","?","R","M","R","T","$","E"],"character_chosen":"WATCHER","items_purchased":["Orrery","Mummified Hand","Ragnarok","MentalFortress"],"campfire_rested":2,"item_purchase_floors":[11,11,11,19],"current_hp_per_floor":[47,47,47,42,33,33,16,3,3,3,3,24,13,13,34,21,59,40,40,40,24,24,24,2,2,2,2,0,0],"gold":25,"neow_bonus":"TWO_FIFTY_GOLD","is_daily":false,"chose_seed":false,"campfire_upgraded":4,"win_rate":0.0,"timestamp":1612146770,"path_taken":["M","M","M","M","M","R","E","M","T","R","$","R","M","E","R","BOSS","M","$","M","?","?","R","M","R","T","$","E"],"items_purchased_type":["Relic","Relic","Card","Card"],"build_version":"2020-12-22","purchased_purges":3,"victory":false,"max_hp_per_floor":[72,72,72,72,72,72,72,72,72,72,72,72,72,72,72,72,72,72,72,72,72,72,72,72,72,72,72,72,72],"card_choices":[{"not_picked":["Weave","Collect"],"picked":"TalkToTheHand","floor":1.0},{"not_picked":["TalkToTheHand","PathToVictory","Halt"],"picked":"SKIP","floor":2.0},{"not_picked":["Consecrate","Wireheading"],"picked":"SandsOfTime","floor":3.0},{"not_picked":["EmptyMind","FlyingSleeves"],"picked":"WheelKick","floor":4.0},{"not_picked":["JustLucky","Evaluate","Protect"],"picked":"SKIP","floor":5.0},{"not_picked":["Prostrate","EmptyMind"],"picked":"EmptyFist","floor":7.0},{"not_picked":["CutThroughFate","EmptyMind","Fasting2"],"picked":"SKIP","floor":8.0},{"not_picked":["TalkToTheHand","ForeignInfluence"],"picked":"FearNoEvil","floor":11.0},{"not_picked":["WheelKick","Prostrate"],"picked":"Meditate","floor":11.0},{"not_picked":["JustLucky","Worship","EmptyFist"],"picked":"SKIP","floor":13.0},{"not_picked":["FlyingSleeves","CrushJoints","Protect"],"picked":"SKIP","floor":14.0},{"not_picked":["SpiritShield","Wish"],"picked":"LessonLearned","floor":16.0},{"not_picked":["SignatureMove+1","TalkToTheHand"],"picked":"Conclude+1","floor":18.0},{"not_picked":["FlyingSleeves","EmptyBody","FollowUp"],"picked":"SKIP","floor":20.0},{"not_picked":["Wireheading","ClearTheMind","ForeignInfluence"],"picked":"SKIP","floor":24.0}],"player_experience":334855,"relics_obtained":[{"floor":7.0,"key":"Unceasing Top"},{"floor":9.0,"key":"Old Coin"},{"floor":14.0,"key":"Pen Nib"},{"floor":21.0,"key":"Nilry\u0027s Codex"},{"floor":26.0,"key":"Tiny Chest"}],"event_choices":[{"damage_healed":0.0,"max_hp_gain":0.0,"max_hp_loss":0.0,"gold_gain":0.0,"event_name":"Cursed Tome","player_choice":"Obtained Book","floor":21.0,"gold_loss":0.0,"damage_taken":16.0},{"damage_healed":0.0,"max_hp_gain":0.0,"max_hp_loss":0.0,"gold_gain":0.0,"event_name":"The Woman in Blue","player_choice":"Bought 1 Potion","floor":22.0,"gold_loss":0.0,"damage_taken":0.0}],"is_beta":false,"boss_relics":[{"not_picked":["HolyWater","Fusion Hammer"],"picked":"Astrolabe"}],"items_purged_floors":[11,19,27],"is_endless":false,"potions_floor_spawned":[1,7,13,14,20,24],"killed_by":"Slavers","ascension_level":6}}