{"host":"b5fatnnekk5nir4z","time":1612191506,"event":{"mods":["Act Like it!","Aspiration","BaseMod","Better Match","Better Note","Better Sensory Stone","Better Skull","Better Third Choice","Better Vampires","Colored Powertips","Conspire","Downfall","Energized Spire","GifTheSpireLib","Gremlin Skip","Halation","Hubris","Infinite Spire","Marisa（F雨　魔理沙）","Mimic Mod","Minty Spire (QoL Compilation)","Pale of the Ancients","Permanent Neow","Reliquary","Replay The Spire","RumiaBox-露米娅的神秘盒子","Shop Mod","Spikes Relics","StSLib","Stuff the Spire","Trackpad"],"gold_per_floor":[0,14,14,25,47,47,92,92,92,139,163,189,217,217,233,242,242,242],"floor_reached":16,"language":"ZHS","playtime":706,"items_purged":[],"score":104,"play_id":"009e425e-4c1e-403f-9598-72120d67ca6f","local_time":"20210201225826","is_ascension_mode":false,"campfire_choices":[{"floor":1.0,"key":"DIG"},{"data":"hexamod:HexaLevel","floor":9.0,"key":"SMITH"}],"circlet_count":0,"master_deck":["hexamod:Strike","hexamod:Strike","hexamod:Strike","hexamod:Defend","hexamod:Defend","hexamod:Defend","hexamod:Sear","hexamod:Float","hexamod:HauntingEcho","hexamod:SecondSeal","StuffTheSpire:FreeRealEstate","hexamod:NecessarySacrifice","hexamod:HexaLevel+1","Replay:BasicMightCard","hexamod:FirstSeal","hexamod:ThirdSeal","hexamod:SwordOfDarkness","hexamod:Haunt"],"relics":["hexamod:SpiritBrand","trackpad:Mousetrap","infinitespire:WardingShard"],"acts_visited":["Exordium"],"potions_floor_usage":[],"damage_taken":[{"damage":1.0,"enemies":"Jaw Worm","floor":2.0,"turns":2.0},{"damage":0.0,"enemies":"Small Slimes","floor":4.0,"turns":3.0},{"damage":0.0,"enemies":"Cultist","floor":5.0,"turns":2.0},{"damage":0.0,"enemies":"2 Fungi Beasts","floor":7.0,"turns":3.0},{"damage":39.0,"enemies":"Lagavulin","floor":10.0,"turns":6.0},{"damage":1.0,"enemies":"2 Fungi Beasts","floor":11.0,"turns":2.0},{"damage":13.0,"enemies":"Lots of Slimes","floor":12.0,"turns":4.0},{"damage":0.0,"enemies":"2 Fungi Beasts","floor":13.0,"turns":2.0},{"damage":0,"enemies":"3 Louse","floor":15,"turns":4},{"damage":35,"enemies":"DF_ARCHETYPE_STREAMLINE","floor":16,"turns":6}],"seed_played":"7041880980330317681","potions_obtained":[{"floor":4.0,"key":"Weak Potion"},{"floor":11.0,"key":"Elixir"},{"floor":12.0,"key":"SteroidPotion"}],"is_trial":false,"path_per_floor":["R","M","?","M","M","?","MIM","?","R","E","M","M","M","?","M","B"],"character_chosen":"THE_SPIRIT","items_purchased":[],"campfire_rested":0,"item_purchase_floors":[],"current_hp_per_floor":[70,69,69,69,69,69,69,69,69,30,29,23,30,30,37,2,2,2],"gold":242,"neow_bonus":"REMOVE_TWO","is_daily":false,"chose_seed":false,"campfire_upgraded":1,"win_rate":0.0,"timestamp":1612191506,"path_taken":["R","M","?","M","M","?","MIM","?","R","E","M","?","M","?","M","BOSS"],"items_purchased_type":[],"build_version":"2020-12-22","purchased_purges":0,"victory":false,"max_hp_per_floor":[70,70,70,70,70,70,70,70,70,70,70,70,70,70,70,70,70,70],"card_choices":[{"not_picked":["hexamod:Firestarter","hexamod:GhostLash","hexamod:HeatMetal"],"picked":"SKIP","floor":2.0},{"not_picked":["hexamod:NecessarySacrifice","hexamod:HeatShield"],"picked":"hexamod:SecondSeal","floor":4.0},{"not_picked":["hexamod:ExtraCrispy","hexamod:GhostflameBarrier","hexamod:Incineration"],"picked":"SKIP","floor":5.0},{"not_picked":["conspire:Banana","Mind Blast"],"picked":"StuffTheSpire:FreeRealEstate","floor":6.0},{"not_picked":["hexamod:HeatCrush","hexamod:RetreatToShadows"],"picked":"hexamod:NecessarySacrifice","floor":7.0},{"not_picked":["hexamod:RainOfEmbers","hexamod:EtherealExpedition","hexamod:FlamesFromBeyond"],"picked":"SKIP","floor":10.0},{"not_picked":["hexamod:InspiringFlames","hexamod:RadiantFlame"],"picked":"hexamod:FirstSeal","floor":11.0},{"not_picked":["hexamod:BacktrackSmack","hexamod:GhostLash","hexamod:GhostShield"],"picked":"SKIP","floor":12.0},{"not_picked":["hexamod:SpectralAdrenaline","hexamod:Haunt"],"picked":"hexamod:ThirdSeal","floor":13.0},{"not_picked":["hexamod:HauntingEcho","hexamod:InspiringFlames"],"picked":"hexamod:SwordOfDarkness","floor":15},{"not_picked":["hexamod:GhostLash","hexamod:TurnItUp"],"picked":"hexamod:Haunt","floor":15}],"player_experience":22933,"relics_obtained":[{"floor":1.0,"key":"trackpad:Mousetrap"},{"floor":10.0,"key":"infinitespire:WardingShard"}],"event_choices":[{"damage_healed":0.0,"max_hp_gain":0.0,"max_hp_loss":0.0,"gold_gain":1.0,"event_name":"betterStone:BetterStone","player_choice":"1","floor":6.0,"gold_loss":0.0,"damage_taken":0.0}],"is_beta":false,"boss_relics":[],"items_purged_floors":[],"is_endless":false,"potions_floor_spawned":[4,11,12],"killed_by":"DF_ARCHETYPE_STREAMLINE","ascension_level":0}}