{"host":"vqgrg90fv56geajp","time":1612200900,"event":{"mods":["BaseMod","Colored Map","Colored Powertips","Minty Spire (QoL Compilation)","Quick Restart","Rare Cards Sparkle","Relic Stats"],"gold_per_floor":[109,68,68,68,44,44,59,86,86,104,133,166,176,210,210,289,289,308,7,7,7,23,23,34,34,34,34,34,34,64,78,78,78,78],"floor_reached":33,"language":"ENG","playtime":1530,"items_purged":[],"score":637,"play_id":"c67182c2-41a8-4e37-bbf2-6e674677c65d","local_time":"20210201193500","is_ascension_mode":true,"campfire_choices":[{"data":"Infinite Blades","floor":6,"key":"SMITH"},{"floor":15,"key":"REST"},{"floor":23,"key":"REST"},{"data":"Ghostly","floor":28,"key":"SMITH"},{"data":"Ghostly","floor":32,"key":"SMITH"}],"circlet_count":0,"master_deck":["AscendersBane","Survivor","Neutralize","Cloak And Dagger","Infinite Blades+1","PiercingWail","Deflect","Infinite Blades","Die Die Die","Accuracy","Footwork","PiercingWail","Burst","Phantasmal Killer","Poisoned Stab","Finisher","Phantasmal Killer","Bullet Time","Finisher","Sucker Punch","Phantasmal Killer","Adrenaline","Footwork","Dark Shackles","Accuracy","Footwork","Ghostly+1","Ghostly","Ghostly+1","Footwork","Corpse Explosion+1","PiercingWail+1"],"relics":["Ring of the Snake","NeowsBlessing","Tough Bandages","PreservedInsect","Odd Mushroom","Sundial","Mango","Pandora\u0027s Box","Oddly Smooth Stone","Thread and Needle","Eternal Feather","Toxic Egg 2"],"acts_visited":["TheCity"],"potions_floor_usage":[11,16,16],"damage_taken":[{"damage":0,"enemies":"Cultist","floor":1,"turns":1},{"damage":0,"enemies":"Jaw Worm","floor":7,"turns":1},{"damage":0,"enemies":"Gremlin Nob","floor":8,"turns":1},{"damage":0,"enemies":"Small Slimes","floor":10,"turns":4},{"damage":5,"enemies":"The Mushroom Lair","floor":11,"turns":4},{"damage":15,"enemies":"3 Sentries","floor":12,"turns":5},{"damage":2,"enemies":"Looter","floor":13,"turns":4},{"damage":26,"enemies":"Gremlin Nob","floor":14,"turns":4},{"damage":29,"enemies":"Slime Boss","floor":16,"turns":13},{"damage":49,"enemies":"Chosen","floor":18,"turns":6},{"damage":7,"enemies":"3 Byrds","floor":22,"turns":6},{"damage":15,"enemies":"Centurion and Healer","floor":24,"turns":5},{"damage":4,"enemies":"Gremlin Leader","floor":30,"turns":6},{"damage":0,"enemies":"3 Cultists","floor":31,"turns":3},{"damage":45,"enemies":"Champ","floor":33,"turns":10}],"seed_played":"5675697255661668656","potions_obtained":[{"floor":7,"key":"Energy Potion"},{"floor":11,"key":"Energy Potion"},{"floor":13,"key":"EntropicBrew"},{"floor":30,"key":"SpeedPotion"}],"is_trial":false,"path_per_floor":["M","$","$","?","$","R","M","E","T","M","?","E","M","E","R","B",null,"M","$","?","?","M","R","M","T","T","?","R","?","E","M","R","B"],"character_chosen":"THE_SILENT","items_purchased":["Infinite Blades","PiercingWail","Footwork","Oddly Smooth Stone","Dark Shackles"],"campfire_rested":2,"item_purchase_floors":[2,5,19,19,19],"current_hp_per_floor":[59,59,59,59,59,59,59,59,59,59,54,39,37,25,49,20,65,16,16,32,32,25,49,34,34,34,34,40,40,36,36,40,0,0],"gold":78,"neow_bonus":"THREE_ENEMY_KILL","is_daily":false,"chose_seed":false,"campfire_upgraded":3,"win_rate":0.0,"timestamp":1612200900,"path_taken":["M","?","$","?","$","R","M","E","T","?","?","E","M","E","R","BOSS","M","$","?","?","M","R","?","?","T","?","R","?","E","M","R","BOSS"],"items_purchased_type":["Card","Card","Card","Relic","Card"],"build_version":"2020-12-22","purchased_purges":0,"victory":false,"max_hp_per_floor":[66,66,66,66,66,66,66,66,66,66,66,66,66,80,80,80,80,80,80,80,80,80,80,80,80,80,40,40,40,40,40,40,40,40],"relic_stats":{"Tough Bandages":[15],"counters":[15,73],"Sundial":[6],"Pandora\u0027s Box":["Phantasmal Killer","Poisoned Stab","Finisher","Phantasmal Killer","Bullet Time","Finisher","Sucker Punch","Phantasmal Killer","Adrenaline"],"Eternal Feather":10,"PreservedInsect":100,"obtain_stats":[{"Tough Bandages":8,"NeowsBlessing":0,"Sundial":12,"Oddly Smooth Stone":19,"Mango":14,"Pandora\u0027s Box":17,"Thread and Needle":21,"Eternal Feather":25,"PreservedInsect":9,"Odd Mushroom":11,"Toxic Egg 2":30,"Ring of the Snake":0},{"Tough Bandages":3,"NeowsBlessing":0,"Sundial":6,"Oddly Smooth Stone":10,"Mango":8,"Pandora\u0027s Box":9,"Thread and Needle":10,"Eternal Feather":12,"PreservedInsect":3,"Odd Mushroom":5,"Toxic Egg 2":13,"Ring of the Snake":0},{"Tough Bandages":3,"NeowsBlessing":0,"Sundial":16,"Oddly Smooth Stone":43,"Mango":24,"Pandora\u0027s Box":37,"Thread and Needle":43,"Eternal Feather":54,"PreservedInsect":3,"Odd Mushroom":11,"Toxic Egg 2":60,"Ring of the Snake":0}],"Ring of the Snake":[30]},"card_choices":[{"not_picked":["Dagger Spray","Dagger Throw"],"picked":"Cloak And Dagger","floor":1},{"not_picked":["Concentrate","Predator"],"picked":"Deflect","floor":7},{"not_picked":["Heel Hook","Predator"],"picked":"Infinite Blades","floor":8},{"not_picked":["Flying Knee","Acrobatics"],"picked":"Die Die Die","floor":10},{"not_picked":["Bane","Noxious Fumes"],"picked":"Slice","floor":11},{"not_picked":["Calculated Gamble","Sucker Punch"],"picked":"Accuracy","floor":12},{"not_picked":["Cloak And Dagger","Setup"],"picked":"Footwork","floor":13},{"not_picked":["Slice","Underhanded Strike"],"picked":"PiercingWail","floor":14},{"not_picked":["Tools of the Trade","Adrenaline"],"picked":"Burst","floor":16},{"not_picked":["Acrobatics","Slice+1","Flying Knee"],"picked":"SKIP","floor":18},{"not_picked":["Deadly Poison","Calculated Gamble"],"picked":"Accuracy","floor":22},{"not_picked":["Predator","Dagger Throw"],"picked":"Footwork","floor":24},{"not_picked":["Slice","Noxious Fumes"],"picked":"Corpse Explosion+1","floor":30},{"not_picked":["Reflex+1","Deadly Poison+1"],"picked":"PiercingWail+1","floor":31}],"player_experience":2538656,"relics_obtained":[{"floor":8,"key":"Tough Bandages"},{"floor":9,"key":"PreservedInsect"},{"floor":11,"key":"Odd Mushroom"},{"floor":12,"key":"Sundial"},{"floor":14,"key":"Mango"},{"floor":25,"key":"Eternal Feather"},{"floor":30,"key":"Toxic Egg 2"}],"event_choices":[{"cards_removed":["Strike_G"],"damage_healed":0,"gold_gain":0,"player_choice":"Purged","damage_taken":0,"max_hp_gain":0,"max_hp_loss":0,"event_name":"Purifier","floor":4,"gold_loss":0},{"damage_healed":0,"gold_gain":0,"player_choice":"Fought Mushrooms","damage_taken":0,"max_hp_gain":0,"max_hp_loss":0,"event_name":"Mushrooms","floor":11,"gold_loss":0},{"damage_healed":16,"gold_gain":0,"player_choice":"Heal","damage_taken":0,"max_hp_gain":0,"max_hp_loss":0,"event_name":"The Library","floor":20,"gold_loss":0},{"damage_healed":0,"gold_gain":0,"player_choice":"Gave Potion","damage_taken":0,"relics_obtained":["Thread and Needle"],"max_hp_gain":0,"max_hp_loss":0,"event_name":"WeMeetAgain","floor":21,"gold_loss":0},{"damage_healed":0,"gold_gain":0,"player_choice":"Became a Ghost","damage_taken":0,"max_hp_gain":0,"max_hp_loss":40,"event_name":"Ghosts","floor":27,"gold_loss":0,"cards_obtained":["Ghostly","Ghostly","Ghostly"]},{"damage_healed":0,"gold_gain":0,"cards_transformed":["Slice"],"player_choice":"Transformed","damage_taken":0,"max_hp_gain":0,"max_hp_loss":0,"event_name":"Transmorgrifier","floor":29,"gold_loss":0,"cards_obtained":["Footwork"]}],"is_beta":false,"boss_relics":[{"not_picked":["Fusion Hammer","SacredBark"],"picked":"Pandora\u0027s Box"}],"items_purged_floors":[],"is_endless":false,"potions_floor_spawned":[7,11,13,30],"killed_by":"Champ","ascension_level":20}}