{"host":"8d3fefv2347kqkpz","time":1612202364,"event":{"mods":["AchievementEnabler","Act Like it!","Aspiration","BaseMod","Better Vampires","Colored Map","Colored Powertips","Conspire","GifTheSpireLib","Highlight Path","Hubris","Mimic Mod","Minty Spire (QoL Compilation)","Quick Restart","Rare Cards Sparkle","Relic Stats","Replay The Spire","Spicy Shops","StSLib","The Jungle","Waifu the Spire"],"gold_per_floor":[110,110,35,51,65,65,83,98,98,114,133,208,208,228,228,328,328,348,363,379,379,379],"floor_reached":21,"language":"ZHS","playtime":783,"items_purged":["ReplayTheSpireMod:Restless Dread"],"score":177,"play_id":"4e63f792-ae20-4b1a-be04-dead51688e47","local_time":"20210202015924","is_ascension_mode":false,"campfire_choices":[{"data":"Zap","floor":6.0,"key":"SMITH"},{"floor":13.0,"key":"REST"},{"floor":15,"key":"REST"}],"circlet_count":0,"master_deck":["Strike_B","Strike_B","Strike_B","Defend_B","Defend_B","Defend_B","Defend_B","Zap+1","Dualcast","Meteor Strike","Compile Driver","Conserve Battery","Static Discharge","Defragment","Conserve Battery","Leap","Echo Form","Capacitor"],"relics":["Cracked Core","Replay:Towering Pillar of Hats","aspiration:Stellarator"],"acts_visited":["Exordium","TheCity"],"potions_floor_usage":[16],"damage_taken":[{"damage":0.0,"enemies":"2 Louse","floor":1.0,"turns":3.0},{"damage":1.0,"enemies":"Cultist","floor":4.0,"turns":3.0},{"damage":0.0,"enemies":"Small Slimes","floor":5.0,"turns":3.0},{"damage":2.0,"enemies":"2 Fungi Beasts","floor":7.0,"turns":3.0},{"damage":11.0,"enemies":"Exordium Wildlife","floor":8.0,"turns":3.0},{"damage":14.0,"enemies":"Lots of Slimes","floor":10.0,"turns":5.0},{"damage":14.0,"enemies":"Blue Slaver","floor":11.0,"turns":4.0},{"damage":19,"enemies":"Exordium Thugs","floor":14,"turns":6},{"damage":31,"enemies":"The Guardian","floor":16,"turns":14},{"damage":35,"enemies":"Chosen","floor":18,"turns":7},{"damage":7,"enemies":"Shell Parasite","floor":19,"turns":7},{"damage":3,"enemies":"Snecko","floor":20,"turns":4},{"damage":30,"enemies":"Centurion and Healer","floor":21,"turns":7}],"seed_played":"-8158361974641773192","potions_obtained":[{"floor":4.0,"key":"Death Potion"},{"floor":5.0,"key":"DuplicationPotion"},{"floor":11.0,"key":"Adrenaline Potion"}],"is_trial":false,"path_per_floor":["M","?","$","M","M","R","M","M","T","M","M","?","R","M","R","B",null,"M","M","M","M"],"character_chosen":"DEFECT","items_purchased":[],"campfire_rested":2,"item_purchase_floors":[],"current_hp_per_floor":[75,75,75,74,74,74,72,61,61,47,33,22,44,25,47,16,75,40,33,30,0,0],"gold":379,"neow_bonus":"THREE_RARE_CARDS","is_daily":false,"chose_seed":false,"campfire_upgraded":1,"win_rate":0.0,"timestamp":1612202364,"path_taken":["M","?","$","M","M","R","M","M","T","?","M","?","R","M","R","BOSS","M","M","M","M"],"items_purchased_type":[],"build_version":"2020-12-22","purchased_purges":1,"victory":false,"max_hp_per_floor":[75,75,75,75,75,75,75,75,75,75,75,75,75,75,75,75,75,75,75,75,75,75],"relic_stats":{"counters":[13,69],"obtain_stats":[{"Replay:Towering Pillar of Hats":9,"aspiration:Stellarator":17,"Cracked Core":0},{"Replay:Towering Pillar of Hats":5,"aspiration:Stellarator":9,"Cracked Core":0},{"Replay:Towering Pillar of Hats":15,"aspiration:Stellarator":44,"Cracked Core":0}]},"card_choices":[{"not_picked":["Machine Learning","Rainbow"],"picked":"Meteor Strike","floor":0.0},{"not_picked":["Go for the Eyes","Turbo","Rebound"],"picked":"SKIP","floor":1.0},{"not_picked":["Hologram","Steam","Gash"],"picked":"SKIP","floor":4.0},{"not_picked":["Redo","Ball Lightning"],"picked":"Conserve Battery","floor":5.0},{"not_picked":["Beam Cell","Gash","Stack"],"picked":"SKIP","floor":7.0},{"not_picked":["Genetic Algorithm","Heatsinks"],"picked":"Static Discharge","floor":8.0},{"not_picked":["Coolheaded","Panic Button"],"picked":"Defragment","floor":10.0},{"not_picked":["Compile Driver","Streamline"],"picked":"Conserve Battery","floor":11.0},{"not_picked":["Go for the Eyes","BootSequence"],"picked":"Leap","floor":14},{"not_picked":["hubris:DoWhile","ReplayRNGCard"],"picked":"Echo Form","floor":16},{"not_picked":["ReplayTheSpireMod:Calculation Training+1","Force Field"],"picked":"Capacitor","floor":18},{"not_picked":["Sunder","Sweeping Beam","hubris:PowerSurge"],"picked":"SKIP","floor":19},{"not_picked":["Turbo","Rebound","Sunder"],"picked":"SKIP","floor":20}],"player_experience":241280,"relics_obtained":[{"floor":9.0,"key":"Replay:Towering Pillar of Hats"}],"event_choices":[{"damage_healed":0.0,"max_hp_gain":0.0,"max_hp_loss":0.0,"gold_gain":0.0,"cards_transformed":["Strike_B"],"event_name":"Transmorgrifier","player_choice":"Transformed","floor":2.0,"gold_loss":0.0,"damage_taken":0.0,"cards_obtained":["Compile Driver"]},{"damage_healed":0.0,"max_hp_gain":0.0,"max_hp_loss":0.0,"gold_gain":75.0,"event_name":"World of Goop","player_choice":"Gather Gold","floor":12.0,"gold_loss":0.0,"damage_taken":11.0}],"is_beta":false,"boss_relics":[{"not_picked":["Fusion Hammer","Abe\u0027s Treasure"],"picked":"aspiration:Stellarator"}],"items_purged_floors":[3],"is_endless":false,"potions_floor_spawned":[4,5,11,14],"killed_by":"Centurion and Healer","ascension_level":0}}