{"host":"ve5hox67eka4rdnb","time":1612159547,"event":{"mods":["ATMod(∞¢Ë™Mod)","AchievementEnabler","Act Like it!","BaseMod","Decade(Õı–°√˜)","Downfall","Gensokyo","Hermit","Koishi","Lobotomy","LobotomyExtend","Marisa£®ÏF”Í°°ƒß¿Ì…≥£©","Minty Spire (QoL Compilation)","Reimu£®≤©¿ˆ¡È√Œ£©","Remilia£®¿Ÿ√◊¿Ú—«£©","Replay The Spire","Shop Mod","StSLib","The Construct","The Cursed","The Servant 0.9.4"],"gold_per_floor":[118,138,88,107,123,123,157,157,157,213,213,240,253,288,288,392,492,511,531,541,456,470,470,503,503,582,582,352,383,383,412,412,512,512,552,552,586,596,447,447,502,533,533,533,565,579,579,613,613,613,613,613,613,501,546,546],"floor_reached":57,"language":"ZHS","playtime":2766,"items_purged":["Defend_P"],"score":2056,"play_id":"5a088274-e197-42dc-9538-5f6bdbff8994","local_time":"20210201140547","is_ascension_mode":true,"campfire_choices":[{"data":"Eruption","floor":6.0,"key":"SMITH"},{"data":"AT_FamilyPortrait","floor":8.0,"key":"SMITH"},{"data":"AT_RealColorLess","floor":11.0,"key":"SMITH"},{"data":"Crescendo","floor":15.0,"key":"SMITH"},{"data":"AT_ChampionKick","floor":23.0,"key":"SMITH"},{"data":"Alpha","floor":25.0,"key":"SMITH"},{"floor":27.0,"key":"RECALL"},{"floor":32.0,"key":"REST"},{"data":"Vault","floor":44.0,"key":"SMITH"},{"data":"AT_MachinaRedman","floor":47.0,"key":"SMITH"},{"data":"Vigilance","floor":53.0,"key":"SMITH"}],"circlet_count":0,"master_deck":["Strike_P+1","Strike_P","Strike_P","Strike_P","Defend_P","Defend_P","Eruption+1","Vigilance+1","AT_FamilyPortrait+1","Crescendo+1","FlurryOfBlows+1","AT_RealColorLess+1","ClearTheMind+1","AT_ChampionKick+1","SandsOfTime+1","Alpha+1","Adaptation+1","AT_MachinaRedman+1","InnerPeace+1","Doubt","Vault+1","AT_RealColorLess+1"],"relics":["AT_ATBox","SlaversCollar","LetterFromLob","Whetstone","Mirror","Blue Candle","AT_SeraphEmbrace","Pocketwatch","Replay:Wanted Poster","Oddly Smooth Stone","Frozen Egg 2","Blue Doll","Turnip","Kunai","construct:FoamFinger","construct:WeddingRing","Chemical X","Ring of Chaos","ReplayTheSpireMod:Ring of Challenge","Thread and Needle","InkBottle","Golden Egg","ReplayFunnel","Replay:Wax Seal","Dead Branch"],"acts_visited":["Exordium","TheCity","TheBeyond","TheEnding"],"potions_floor_usage":[56,56,56],"damage_taken":[{"damage":9.0,"enemies":"2 Louse","floor":1.0,"turns":2.0},{"damage":2.0,"enemies":"Jaw Worm","floor":2.0,"turns":3.0},{"damage":0.0,"enemies":"Small Slimes","floor":4.0,"turns":3.0},{"damage":3.0,"enemies":"Looter","floor":5.0,"turns":2.0},{"damage":0.0,"enemies":"Gremlin Nob","floor":7.0,"turns":3.0},{"damage":0.0,"enemies":"Lagavulin","floor":10.0,"turns":4.0},{"damage":0.0,"enemies":"Replay:BlueRogue","floor":12.0,"turns":3.0},{"damage":0.0,"enemies":"3 Louse","floor":13.0,"turns":1.0},{"damage":0.0,"enemies":"Lagavulin","floor":14.0,"turns":3.0},{"damage":0.0,"enemies":"Slime Boss","floor":16.0,"turns":3.0},{"damage":0.0,"enemies":"Spheric Guardian","floor":18.0,"turns":3.0},{"damage":15.0,"enemies":"Shell Parasite","floor":19.0,"turns":3.0},{"damage":0.0,"enemies":"Snecko","floor":20.0,"turns":3.0},{"damage":14.0,"enemies":"Centurion and Healer","floor":22.0,"turns":3.0},{"damage":0.0,"enemies":"Gremlin Leader","floor":24.0,"turns":3.0},{"damage":15.0,"enemies":"Replay:Snechameleon","floor":29.0,"turns":3.0},{"damage":5.0,"enemies":"Gremlin Leader","floor":31.0,"turns":3.0},{"damage":17.0,"enemies":"Pondfish","floor":33.0,"turns":4.0},{"damage":7.0,"enemies":"Orb Walker","floor":35.0,"turns":2.0},{"damage":29.0,"enemies":"3 Darklings","floor":37.0,"turns":3.0},{"damage":0.0,"enemies":"Spire Growth","floor":38.0,"turns":2.0},{"damage":4.0,"enemies":"2 Orb Walkers","floor":41.0,"turns":2.0},{"damage":0.0,"enemies":"Reptomancer","floor":42.0,"turns":3.0},{"damage":1.0,"enemies":"Giant Head","floor":45.0,"turns":3.0},{"damage":1.0,"enemies":"Jaw Worm Horde","floor":46.0,"turns":3.0},{"damage":1.0,"enemies":"Reptomancer","floor":48.0,"turns":3.0},{"damage":12.0,"enemies":"Awakened One","floor":50.0,"turns":4.0},{"damage":21.0,"enemies":"Shield and Spear","floor":55.0,"turns":3.0},{"damage":49,"enemies":"The Heart","floor":56,"turns":6}],"seed_played":"4941492800520991693","potions_obtained":[{"floor":7.0,"key":"ZuzhouPotion:ReiMu"},{"floor":10.0,"key":"Flashbang"},{"floor":14.0,"key":"ColorlessPotion"},{"floor":16.0,"key":"Ambrosia"},{"floor":18.0,"key":"Fire Potion"},{"floor":29.0,"key":"EssenceOfSteel"},{"floor":37.0,"key":"SkillPotion"},{"floor":41.0,"key":"AttackPotion"},{"floor":46.0,"key":"PowerPotion"},{"floor":55.0,"key":"Slimebound:ThreeZeroPotion"}],"is_trial":false,"path_per_floor":["M","M","?","M","M","R","E","R","T","E","R","E","M","E","R","B",null,"M","M","M","?","M","R","E","R","T","R","$","E","T","E","R","B",null,"M","?","M","M","$","?","?","E","T","R","E","M","R","E","R","B",null,null,"R","$","E","B",null],"character_chosen":"WATCHER","items_purchased":["Blue Doll","Chemical X","Elixir","EssenceOfSteel"],"campfire_rested":1,"item_purchase_floors":[28,39,54,54],"current_hp_per_floor":[63,61,61,61,58,58,58,58,58,58,58,58,58,58,58,58,72,72,57,57,57,43,43,43,43,43,43,43,28,28,23,44,27,72,65,65,36,36,36,36,32,32,32,32,31,30,30,29,49,37,37,68,68,68,47,9],"gold":546,"neow_bonus":"BOSS_RELIC","is_daily":false,"chose_seed":false,"campfire_upgraded":9,"win_rate":0.0,"timestamp":1612159547,"path_taken":["M","M","?","M","M","R","E","R","T","E","R","E","M","E","R","BOSS","M","M","M","?","M","R","E","R","T","R","$","E","?","E","R","BOSS","M","?","M","M","$","?","?","E","T","R","E","M","R","E","R","BOSS","R","$","E","BOSS"],"items_purchased_type":["Relic","Relic","Potion","Potion"],"build_version":"2020-12-22","purchased_purges":1,"victory":true,"max_hp_per_floor":[72,72,72,72,72,72,72,72,72,72,72,72,72,72,72,72,72,72,72,72,72,72,72,72,72,72,72,72,72,72,72,72,72,72,72,68,68,68,68,68,68,68,68,68,68,68,68,68,68,68,68,68,68,68,68,68],"card_choices":[{"not_picked":["Replay:ManipulateFuture","JustLucky","BowlingBash"],"picked":"SKIP","floor":1.0},{"not_picked":["Replay:ManipulateFuture","SashWhip"],"picked":"Crescendo","floor":2.0},{"not_picked":["ForeignInfluence","FlyingSleeves"],"picked":"FlurryOfBlows","floor":4.0},{"not_picked":["Consecrate","WreathOfFlame","Evaluate"],"picked":"SKIP","floor":5.0},{"not_picked":["JustLucky","PathToVictory"],"picked":"AT_RealColorLess","floor":7.0},{"not_picked":["FlyingSleeves","FollowUp","CrushJoints"],"picked":"SKIP","floor":10.0},{"not_picked":["AT_RealFormLess","WheelKick"],"picked":"ClearTheMind","floor":12.0},{"not_picked":["Evaluate","EmptyBody","CrushJoints"],"picked":"SKIP","floor":13.0},{"not_picked":["ThirdEye","FlyingSleeves","WreathOfFlame"],"picked":"SKIP","floor":14.0},{"not_picked":["SpiritShield","Omniscience"],"picked":"AT_ChampionKick","floor":16.0},{"not_picked":["FlyingSleeves+1","ThirdEye+1","Halt"],"picked":"SKIP","floor":18.0},{"not_picked":["ThirdEye+1","Nirvana","CrushJoints+1"],"picked":"SKIP","floor":19.0},{"not_picked":["EmptyBody","FlyingSleeves+1"],"picked":"SandsOfTime+1","floor":20.0},{"not_picked":["SashWhip","Weave","WindmillStrike"],"picked":"SKIP","floor":22.0},{"not_picked":["DeceiveReality","Crescendo"],"picked":"Alpha","floor":24.0},{"not_picked":["JustLucky","FlyingSleeves"],"picked":"Adaptation+1","floor":29.0},{"not_picked":["Replay:AtTheReady+1","BattleHymn+1","FlyingSleeves"],"picked":"SKIP","floor":31.0},{"not_picked":["Brilliance","Devotion+1"],"picked":"AT_MachinaRedman","floor":33.0},{"not_picked":["EmptyFist","Replay:BluntJabs+1","SashWhip"],"picked":"SKIP","floor":35.0},{"not_picked":["Perseverance","Replay:DivineShield+1","CrushJoints+1"],"picked":"SKIP","floor":37.0},{"not_picked":["Replay:ManipulateFuture+1","Protect"],"picked":"InnerPeace+1","floor":38.0},{"not_picked":["Perseverance","Replay:AtTheReady+1"],"picked":"Vault","floor":41.0},{"not_picked":["ThirdEye","SignatureMove+1","Protect+1"],"picked":"SKIP","floor":42.0},{"not_picked":["CutThroughFate+1","Evaluate+1","Weave+1"],"picked":"SKIP","floor":45.0},{"not_picked":["ThirdEye+1","JustLucky+1","EmptyFist"],"picked":"SKIP","floor":46.0},{"not_picked":["AT_ChampionStep+1","ThirdEye+1"],"picked":"AT_RealColorLess+1","floor":48.0},{"not_picked":["ClearTheMind+1","Perseverance+1","EmptyFist"],"picked":"SKIP","floor":55.0}],"player_experience":192051,"relics_obtained":[{"floor":1.0,"key":"LetterFromLob"},{"floor":7.0,"key":"Whetstone"},{"floor":9.0,"key":"Mirror"},{"floor":10.0,"key":"Blue Candle"},{"floor":12.0,"key":"AT_ArchangelStaff"},{"floor":14.0,"key":"Pocketwatch"},{"floor":24.0,"key":"Frozen Egg 2"},{"floor":29.0,"key":"Turnip"},{"floor":30.0,"key":"Kunai"},{"floor":31.0,"key":"construct:FoamFinger"},{"floor":40.0,"key":"Ring of Chaos"},{"floor":40.0,"key":"ReplayTheSpireMod:Ring of Challenge"},{"floor":41.0,"key":"Thread and Needle"},{"floor":42.0,"key":"InkBottle"},{"floor":43.0,"key":"Golden Egg"},{"floor":45.0,"key":"ReplayFunnel"},{"floor":48.0,"key":"Replay:Wax Seal"},{"floor":55.0,"key":"Dead Branch"}],"event_choices":[{"cards_removed":["Defend_P"],"damage_healed":0.0,"max_hp_gain":0.0,"max_hp_loss":0.0,"gold_gain":0.0,"event_name":"The Cleric","player_choice":"Card Removal","floor":3.0,"gold_loss":50.0,"damage_taken":0.0},{"damage_healed":0.0,"max_hp_gain":0.0,"max_hp_loss":0.0,"gold_gain":0.0,"event_name":"Addict","player_choice":"Obtained Relic","floor":21.0,"gold_loss":85.0,"damage_taken":0.0,"relics_obtained":["Oddly Smooth Stone"]},{"damage_healed":0.0,"max_hp_gain":0.0,"max_hp_loss":4.0,"gold_gain":0.0,"event_name":"Winding Halls","player_choice":"Max HP","floor":36.0,"gold_loss":0.0,"damage_taken":0.0},{"damage_healed":0.0,"max_hp_gain":0.0,"max_hp_loss":0.0,"gold_gain":0.0,"event_name":"Mysterious Sphere","player_choice":"Fight","floor":41.0,"gold_loss":0.0,"damage_taken":0.0}],"is_beta":false,"boss_relics":[{"not_picked":["Cursed Key","Replay:Drink Me"],"picked":"Replay:Wanted Poster"},{"not_picked":["Calling Bell","Pandora\u0027s Box"],"picked":"construct:WeddingRing"}],"items_purged_floors":[28],"is_endless":false,"potions_floor_spawned":[7,10,14,16,18,29,37,41,46,55],"ascension_level":2}}