{"host":"d5i1qeb9dejicw1z","time":1612150071,"event":{"mods":["AchievementEnabler","BaseMod","Better Note","BetterRewards","Evolution","Gold Saver","Minty Spire (QoL Compilation)","Permanent Neow","Relic Filter Mod","Reliquary","StSLib"],"gold_per_floor":[416,416,432,432,452,480,480,510,583,131,131,77,88,116,116,189,189,202,202,202,213,231,231,231,241,266,291,236,255,255,274,274,350,350,367,379,432,432,432,432,450,450,500,519,546,175,188,216,216,216],"floor_reached":51,"language":"ENG","playtime":2186,"items_purged":["Rebound","Rebound"],"score":1455,"play_id":"b1a2e32c-91d3-4407-9f84-02e464a4f33d","local_time":"20210131192751","is_ascension_mode":true,"campfire_choices":[{"data":"Loop","floor":7,"key":"SMITH"},{"floor":11,"key":"REST"},{"data":"Defragment","floor":15,"key":"SMITH"},{"floor":23,"key":"REST"},{"floor":30,"key":"REST"},{"data":"Echo Form","floor":32,"key":"SMITH"},{"floor":40,"key":"REST"},{"data":"Coolheaded","floor":42,"key":"SMITH"},{"floor":49,"key":"REST"}],"circlet_count":0,"master_deck":["AscendersBane","Rebound","Rebound+1","Conserve Battery+1","Conserve Battery","Conserve Battery","Conserve Battery","Zap","Dualcast","Loop+1","Ball Lightning","Coolheaded+1","Defragment+1","Ball Lightning","Echo Form+1","Electrodynamics","Double Energy+1","Force Field","Glacier","Coolheaded"],"relics":["Cracked Core","EVO:Axolotl","MealTicket","Du-Vu Doll","reliquary:ExpiredCoupon","Lizard Tail","Singing Bowl","Sling","Regal Pillow","Bag of Marbles","Inserter","Pen Nib","Omamori","Letter Opener","Nuclear Battery","CaptainsWheel","Bottled Lightning","reliquary:RosewoodLute","Bronze Scales","Nunchaku","Smiling Mask"],"acts_visited":["Exordium","TheCity","TheBeyond"],"potions_floor_usage":[6,6,16,21,22,27,31,33,33,37,41,44,44,48,50],"damage_taken":[{"damage":0,"enemies":"2 Louse","floor":1,"turns":1},{"damage":0,"enemies":"Cultist","floor":3,"turns":3},{"damage":0,"enemies":"Jaw Worm","floor":5,"turns":3},{"damage":3,"enemies":"3 Sentries","floor":6,"turns":4},{"damage":8,"enemies":"Gremlin Nob","floor":8,"turns":3},{"damage":0,"enemies":"Red Slaver","floor":13,"turns":2},{"damage":13,"enemies":"Lagavulin","floor":14,"turns":4},{"damage":36,"enemies":"Hexaghost","floor":16,"turns":5},{"damage":11,"enemies":"Spheric Guardian","floor":18,"turns":4},{"damage":32,"enemies":"Shell Parasite","floor":21,"turns":4},{"damage":26,"enemies":"Snake Plant","floor":22,"turns":4},{"damage":9,"enemies":"3 Cultists","floor":25,"turns":3},{"damage":24,"enemies":"Gremlin Leader","floor":27,"turns":5},{"damage":18,"enemies":"Snecko","floor":29,"turns":3},{"damage":1,"enemies":"Cultist and Chosen","floor":31,"turns":3},{"damage":14,"enemies":"Automaton","floor":33,"turns":8},{"damage":40,"enemies":"3 Darklings","floor":35,"turns":4},{"damage":27,"enemies":"Orb Walker","floor":36,"turns":3},{"damage":62,"enemies":"2 Orb Walkers","floor":37,"turns":5},{"damage":0,"enemies":"Sphere and 2 Shapes","floor":41,"turns":4},{"damage":7,"enemies":"Spire Growth","floor":44,"turns":5},{"damage":14,"enemies":"Giant Head","floor":45,"turns":9},{"damage":17,"enemies":"4 Shapes","floor":47,"turns":5},{"damage":19,"enemies":"Nemesis","floor":48,"turns":9},{"damage":30,"enemies":"Donu and Deca","floor":50,"turns":11}],"seed_played":"1120206955187223836","potions_obtained":[{"floor":1,"key":"DuplicationPotion"},{"floor":5,"key":"DistilledChaos"},{"floor":8,"key":"LiquidBronze"},{"floor":16,"key":"ColorlessPotion"},{"floor":21,"key":"Regen Potion"},{"floor":25,"key":"DuplicationPotion"},{"floor":27,"key":"EssenceOfSteel"},{"floor":31,"key":"Explosive Potion"},{"floor":36,"key":"DuplicationPotion"},{"floor":39,"key":"SpeedPotion"},{"floor":39,"key":"LiquidMemories"},{"floor":41,"key":"DuplicationPotion"},{"floor":48,"key":"SpeedPotion"}],"is_trial":false,"path_per_floor":["M","?","M","?","M","E","R","E","T","$","R","$","M","E","R","B",null,"M","?","?","M","M","R","T","M","T","E","$","M","R","M","R","B",null,"M","M","?","T","?","R","M","R","T","M","E","$","M","E","R","B",null],"character_chosen":"DEFECT","items_purchased":["Sling","Defragment","Regal Pillow","Ball Lightning","FocusPotion","Nunchaku","PowerPotion","Coolheaded"],"campfire_rested":5,"item_purchase_floors":[10,10,10,12,28,46,46,46],"current_hp_per_floor":[69,64,64,41,41,38,38,30,30,45,76,76,78,65,65,29,66,57,57,57,27,13,52,52,45,45,23,38,22,63,62,62,50,80,42,15,19,19,19,62,64,64,64,59,47,62,47,30,76,46],"gold":216,"neow_bonus":"RANDOM_COMMON_RELIC","is_daily":false,"chose_seed":false,"campfire_upgraded":4,"win_rate":0.0,"timestamp":1612150071,"path_taken":["M","?","M","?","M","E","R","E","T","$","R","$","M","E","R","BOSS","M","?","?","M","M","R","?","M","T","E","$","M","R","?","R","BOSS","M","M","?","?","?","R","M","R","T","M","E","$","M","E","R","BOSS"],"items_purchased_type":["Relic","Card","Relic","Card","Potion","Relic","Potion","Card"],"build_version":"2020-12-22","purchased_purges":2,"victory":true,"max_hp_per_floor":[76,76,76,76,76,76,76,76,76,76,76,76,78,78,78,78,78,80,80,80,82,82,82,82,84,84,86,86,88,88,88,88,90,90,92,92,94,94,94,94,96,96,96,98,100,100,102,104,104,104],"card_choices":[{"not_picked":["Ball Lightning","Scrape"],"picked":"Loop","floor":1},{"not_picked":["Coolheaded","Leap","Fusion"],"picked":"SKIP","floor":3},{"not_picked":["Tempest","Consume"],"picked":"Ball Lightning","floor":5},{"not_picked":["Rebound","Double Energy","Compile Driver"],"picked":"SKIP","floor":6},{"not_picked":["Stack","White Noise"],"picked":"Coolheaded","floor":8},{"not_picked":["Static Discharge","Cold Snap","Force Field"],"picked":"Singing Bowl","floor":13},{"not_picked":["Streamline","Compile Driver"],"picked":"Echo Form","floor":14},{"not_picked":["Core Surge","Buffer"],"picked":"Electrodynamics","floor":16},{"not_picked":["Barrage","Turbo","Conserve Battery"],"picked":"Singing Bowl","floor":18},{"not_picked":["Compile Driver","Barrage","Cold Snap"],"picked":"Singing Bowl","floor":21},{"not_picked":["Go for the Eyes","Gash"],"picked":"Double Energy+1","floor":22},{"not_picked":["Gash","Redo","BootSequence"],"picked":"Singing Bowl","floor":25},{"not_picked":["Reboot","Static Discharge","Streamline"],"picked":"Singing Bowl","floor":27},{"not_picked":["Conserve Battery","Compile Driver","Cold Snap"],"picked":"Singing Bowl","floor":29},{"not_picked":["Machine Learning","Go for the Eyes+1"],"picked":"Force Field","floor":31},{"not_picked":["Seek","Reboot","Thunder Strike"],"picked":"Singing Bowl","floor":33},{"not_picked":["Sweeping Beam+1","Compile Driver","Reinforced Body"],"picked":"Singing Bowl","floor":35},{"not_picked":["Skim","Turbo"],"picked":"Glacier","floor":36},{"not_picked":["Ball Lightning","Steam","Cold Snap"],"picked":"Singing Bowl","floor":37},{"not_picked":["Streamline+1","Barrage","Cold Snap+1"],"picked":"Singing Bowl","floor":41},{"not_picked":["Rip and Tear+1","Compile Driver","Stack"],"picked":"Singing Bowl","floor":44},{"not_picked":["Cold Snap","Barrage+1","Leap"],"picked":"Singing Bowl","floor":45},{"not_picked":["Skim","Hyperbeam","Rebound+1"],"picked":"Singing Bowl","floor":47},{"not_picked":["Recycle","Rebound+1","Ball Lightning"],"picked":"Singing Bowl","floor":48}],"player_experience":1213227,"relics_obtained":[{"floor":6,"key":"reliquary:ExpiredCoupon"},{"floor":8,"key":"Lizard Tail"},{"floor":9,"key":"Singing Bowl"},{"floor":14,"key":"Bag of Marbles"},{"floor":24,"key":"Pen Nib"},{"floor":26,"key":"Omamori"},{"floor":27,"key":"Letter Opener"},{"floor":37,"key":"CaptainsWheel"},{"floor":38,"key":"Bottled Lightning"},{"floor":43,"key":"reliquary:RosewoodLute"},{"floor":45,"key":"Bronze Scales"},{"floor":48,"key":"Smiling Mask"}],"event_choices":[{"damage_healed":0,"gold_gain":0,"player_choice":"Success","damage_taken":5,"relics_obtained":["Du-Vu Doll"],"max_hp_gain":0,"max_hp_loss":0,"event_name":"Scrap Ooze","floor":2,"gold_loss":0},{"damage_healed":0,"gold_gain":0,"player_choice":"Entered Light","damage_taken":23,"max_hp_gain":0,"max_hp_loss":0,"event_name":"Shining Light","floor":4,"gold_loss":0,"cards_upgraded":["Conserve Battery","Rebound"]},{"cards_removed":["Defragment"],"damage_healed":0,"gold_gain":0,"player_choice":"Give","damage_taken":0,"max_hp_gain":0,"max_hp_loss":0,"event_name":"betterNote:BetterNote","floor":19,"gold_loss":0,"cards_obtained":["None"]},{"damage_healed":0,"gold_gain":0,"player_choice":"Ignored","damage_taken":0,"max_hp_gain":0,"max_hp_loss":0,"event_name":"Ghosts","floor":20,"gold_loss":0},{"damage_healed":0,"gold_gain":0,"player_choice":"Fight","damage_taken":0,"max_hp_gain":0,"max_hp_loss":0,"event_name":"Mysterious Sphere","floor":37,"gold_loss":0},{"damage_healed":0,"gold_gain":0,"player_choice":"Got Potions","damage_taken":0,"max_hp_gain":0,"max_hp_loss":0,"event_name":"Lab","floor":39,"gold_loss":0}],"is_beta":false,"boss_relics":[{"not_picked":["SlaversCollar","Tiny House"],"picked":"Inserter"},{"not_picked":["reliquary:Craggleroot","reliquary:WritOfMandamus"],"picked":"Nuclear Battery"}],"items_purged_floors":[10,46],"is_endless":false,"potions_floor_spawned":[1,5,8,16,21,25,27,31,36,41,48],"ascension_level":19}}