{"host":"aceejw9th3i5ney6","time":1612170564,"event":{"mods":["2.2 Compatiblity","A Penny For Your Troubles","Abigail Mod","AchievementEnabler","Act Like it!","Alarm Clock","AlwaysNeverKeys","Ascension Unlocker","Aspiration","Astrologer","BaseMod","Better Synergies","Better Third Choice","Better-Laid Plans","BetterRewards","Block Reminder","Card Forge","CatGirl Mod","Chen","Colored Map","Colored Powertips","Conspire","Curses Come First","Defuse TimeMaze Blight","Downfall","Emptier Cage","Energized Spire","Evolution","Exacting","Friendly Minions","Gensokyo","Gold Saver","Gremlin Mod","HololiveMod","Hubris","Koishi","Luminous","Magitek Elite","Marisa????????","Minty Spire (QoL Compilation)","Onozuka Komachi Mod","Permanent Neow","Poor People Problems","Practice Mode","Quick Restart","Railgun Mod","Random Character Button","Reimu??????","Relic Filter","Relic Sorter","Relic Stats","Remilia_Scarlet Moed?????·?????3.3.5","Reorder Act Four","SIMod","Shop Mod","StSLib","The Administrix","TheHeartMod","Trackpad","Unceasing Turn Reminder","Virulent Crown","Voiceroid Mod","WarShipGirlsR/????R mod","Yakumo Yukari mod","Youmu??????","Yuyuko","slay the spire mod where everything is the same but ironclad has a cowboy hat","??????REMEMod"],"gold_per_floor":[116,127,127,144,3,3,34,34,34,34,34,79,108,118,118,218,218,228,244,244,14,14,49,49,49,49,101,101,101,101],"floor_reached":29,"language":"ENG","playtime":1941,"items_purged":[],"score":269,"play_id":"0c27a9f3-1856-4a2e-8255-e8545c70a7c3","local_time":"20210201040924","is_ascension_mode":false,"campfire_choices":[{"data":"AdministrixMod:ImmortalPurity","floor":6,"key":"SMITH"},{"data":"AdministrixMod:FuneraryRites","floor":8,"key":"SMITH"},{"floor":11,"key":"REST"},{"floor":15,"key":"REST"},{"floor":28,"key":"REST"}],"circlet_count":0,"master_deck":["AdministrixMod:Strike_Administrix","AdministrixMod:Strike_Administrix","AdministrixMod:RedCloak","AdministrixMod:Defend_Administrix","AdministrixMod:BlueCloak","Forgetful","AdministrixMod:TrickOfTheLight","AdministrixMod:ShadowPlay","AdministrixMod:NoblePath","AdministrixMod:GuanyinBlessing","AdministrixMod:ImmortalPurity+1","AdministrixMod:TouchOfCinnabar","AdministrixMod:FuneraryRites+1","Clumsy","AdministrixMod:JustRewards","AdministrixMod:ReachToHeaven","AdministrixMod:RisingSunPrince","AdministrixMod:LifeforceNet","AdministrixMod:Transition","AdministrixMod:DiversionaryTactic","AdministrixMod:HaveItAll","AdministrixMod:TrickOfTheLight","AdministrixMod:ImmortalGrace","AdministrixMod:Untouchable+1","Gensokyo:HAARP","Gensokyo:RustyChest","Writhe","AdministrixMod:NewWardrobe","Burst","REME_GrazeFinale","Blade Dance","AdministrixMod:ImmortalClarity"],"relics":["AdministrixMod:ConductorRitualBaton","Hammer of Thor","Seething Fire","Anvil of the Gods","EVO:Axolotl","REME_ComplimentaryCards","Prayer Wheel","Gensokyo:Justice","hubris:MedicalManual","aspiration:StickyExplosives_weak","Gensokyo:NagashiBinaDoll","aspiration:FetidBarrel","MealTicket","conspire:GiftBox","conspire:RunicOctahedron","Strawberry","conspire:TopHat","hubris:TinFlute"],"acts_visited":["Exordium","Gensokyo:Gensokyo"],"potions_floor_usage":[7,12,16],"damage_taken":[{"damage":6,"enemies":"Gensokyo:2_Kodama","floor":1,"turns":6},{"damage":4,"enemies":"Gensokyo:Gryphon","floor":2,"turns":4},{"damage":0,"enemies":"Gensokyo:3_Fairies","floor":4,"turns":3},{"damage":16,"enemies":"Gensokyo:Mamizou","floor":7,"turns":9},{"damage":20,"enemies":"Gensokyo:Kitsune","floor":12,"turns":4},{"damage":22,"enemies":"Gensokyo:Aya","floor":13,"turns":5},{"damage":0,"enemies":"Gensokyo:2_Rabbits","floor":14,"turns":2},{"damage":5,"enemies":"Gensokyo:Reimu","floor":16,"turns":8},{"damage":11,"enemies":"Gensokyo:Chomper","floor":18,"turns":4},{"damage":24,"enemies":"Gensokyo:AngelMirror","floor":19,"turns":4},{"damage":23,"enemies":"Gensokyo:Koishi","floor":23,"turns":6},{"damage":12,"enemies":"Gensokyo:Reisen","floor":27,"turns":4},{"damage":113,"enemies":"Gensokyo:Swordslinger","floor":29,"turns":5}],"seed_played":"9216095000472753038","potions_obtained":[{"floor":1,"key":"Strength Potion"},{"floor":4,"key":"PanachePotion"},{"floor":7,"key":"REME_GoldPotion"},{"floor":16,"key":"Strength Potion"},{"floor":18,"key":"FairyPotion"}],"is_trial":false,"path_per_floor":["M","M","?","M","COS","R","E","R","T","?","R","M","E","M","R","B",null,"M","M","?","COS","?","E","$","?","T","E","R","M"],"character_chosen":"TheAdministrix","items_purchased":[],"campfire_rested":3,"item_purchase_floors":[],"current_hp_per_floor":[59,55,55,55,55,55,39,39,39,39,58,38,16,16,35,30,65,54,30,30,30,30,14,29,29,29,17,38,0,0],"gold":101,"neow_bonus":"ONE_RARE_RELIC","is_daily":false,"chose_seed":false,"campfire_upgraded":2,"win_rate":0.0,"timestamp":1612170564,"path_taken":["M","M","?","M","COS","R","E","R","T","?","R","M","E","M","R","BOSS","M","M","?","COS","?","E","?","?","T","E","R","M"],"items_purchased_type":[],"build_version":"2020-12-22","purchased_purges":0,"victory":false,"max_hp_per_floor":[65,65,65,65,65,65,65,65,65,65,65,65,65,65,65,65,65,65,65,65,65,65,72,72,72,72,72,72,72,72],"relic_stats":{"counters":[13,62],"Prayer Wheel":7,"MealTicket":15,"obtain_stats":[{"aspiration:FetidBarrel":13,"conspire:RunicOctahedron":17,"AdministrixMod:ConductorRitualBaton":0,"Hammer of Thor":0,"hubris:MedicalManual":7,"Gensokyo:NagashiBinaDoll":10,"EVO:Axolotl":0,"Seething Fire":0,"Gensokyo:Justice":3,"conspire:TopHat":26,"aspiration:StickyExplosives_weak":9,"Frozen Eye":23,"conspire:GiftBox":14,"Anvil of the Gods":0,"Strawberry":23,"Prayer Wheel":0,"MealTicket":13,"hubris:TinFlute":27,"REME_ComplimentaryCards":0},{"aspiration:FetidBarrel":6,"conspire:RunicOctahedron":8,"AdministrixMod:ConductorRitualBaton":0,"Hammer of Thor":0,"hubris:MedicalManual":4,"Gensokyo:NagashiBinaDoll":4,"EVO:Axolotl":0,"Seething Fire":0,"Gensokyo:Justice":2,"conspire:TopHat":11,"aspiration:StickyExplosives_weak":4,"Frozen Eye":10,"conspire:GiftBox":7,"Anvil of the Gods":0,"Strawberry":11,"Prayer Wheel":0,"MealTicket":6,"hubris:TinFlute":12,"REME_ComplimentaryCards":0},{"aspiration:FetidBarrel":27,"conspire:RunicOctahedron":40,"AdministrixMod:ConductorRitualBaton":0,"Hammer of Thor":0,"hubris:MedicalManual":22,"Gensokyo:NagashiBinaDoll":22,"EVO:Axolotl":0,"Seething Fire":0,"Gensokyo:Justice":10,"conspire:TopHat":53,"aspiration:StickyExplosives_weak":22,"Frozen Eye":47,"conspire:GiftBox":32,"Anvil of the Gods":0,"Strawberry":53,"Prayer Wheel":0,"MealTicket":30,"hubris:TinFlute":57,"REME_ComplimentaryCards":0}]},"card_choices":[{"not_picked":["AdministrixMod:DiversionaryTactic","AdministrixMod:SealAway"],"picked":"AdministrixMod:TrickOfTheLight","floor":1},{"not_picked":["AdministrixMod:LightOfYourLife","AdministrixMod:DreamsMausoleum"],"picked":"AdministrixMod:ShadowPlay","floor":1},{"not_picked":["AdministrixMod:SealAway","AdministrixMod:HiddenPower"],"picked":"AdministrixMod:NoblePath","floor":2},{"not_picked":["AdministrixMod:RegentEdict","AdministrixMod:GuanyinBlessing"],"picked":"AdministrixMod:SealAway","floor":2},{"not_picked":["AdministrixMod:SeventeenArticleLaser","AdministrixMod:FeastOfDew"],"picked":"AdministrixMod:GuanyinBlessing","floor":4},{"not_picked":["AdministrixMod:MixOfMercury","AdministrixMod:PlateOfAntiquity"],"picked":"AdministrixMod:ImmortalPurity","floor":4},{"not_picked":["AdministrixMod:RegentEdict","AdministrixMod:ImmortalGrace"],"picked":"AdministrixMod:TouchOfCinnabar","floor":4},{"not_picked":["AdministrixMod:ImmortalClarity","AdministrixMod:Wuji"],"picked":"AdministrixMod:FuneraryRites","floor":7},{"not_picked":["AdministrixMod:ShadowPlay","AdministrixMod:LightOfYourLife"],"picked":"AdministrixMod:JustRewards","floor":12},{"not_picked":["AdministrixMod:CrackingPangu","AdministrixMod:TrickOfTheLight"],"picked":"AdministrixMod:ReachToHeaven","floor":12},{"not_picked":["AdministrixMod:HarmonicReverence","AdministrixMod:NoblePath"],"picked":"AdministrixMod:RisingSunPrince","floor":13},{"not_picked":["AdministrixMod:BrewingCloister","AdministrixMod:WifeLightning"],"picked":"AdministrixMod:LifeforceNet","floor":14},{"not_picked":["AdministrixMod:RisingSunPrince","AdministrixMod:DreamsMausoleum"],"picked":"AdministrixMod:Transition","floor":14},{"not_picked":["AdministrixMod:RegentEdict","AdministrixMod:CrackingPangu"],"picked":"AdministrixMod:DiversionaryTactic","floor":14},{"not_picked":["AdministrixMod:FaithfulFlames","AdministrixMod:GirlsDoItBetter"],"picked":"AdministrixMod:HaveItAll","floor":16},{"not_picked":["AdministrixMod:RegentEdict","AdministrixMod:Katabasis"],"picked":"AdministrixMod:TrickOfTheLight","floor":18},{"not_picked":["AdministrixMod:MixOfMercury+1","AdministrixMod:TouchOfCinnabar","AdministrixMod:BloodlessSapphire"],"picked":"SKIP","floor":18},{"not_picked":["AdministrixMod:JustRewards","AdministrixMod:PlateOfAntiquity"],"picked":"AdministrixMod:ImmortalGrace","floor":19},{"not_picked":["AdministrixMod:CrackingPangu","AdministrixMod:TouchOfCinnabar+1"],"picked":"AdministrixMod:Untouchable+1","floor":19},{"not_picked":["AdministrixMod:WickedPunishment+1","AdministrixMod:ImmortalPurity"],"picked":"AdministrixMod:NewWardrobe","floor":23},{"not_picked":["AdministrixMod:QuietConspiracy","AdministrixMod:DiversionaryTactic"],"picked":"AdministrixMod:ImmortalClarity","floor":27}],"player_experience":260774,"relics_obtained":[{"floor":7,"key":"hubris:MedicalManual"},{"floor":9,"key":"aspiration:StickyExplosives_weak"},{"floor":13,"key":"MealTicket"},{"floor":23,"key":"Strawberry"},{"floor":26,"key":"conspire:TopHat"},{"floor":27,"key":"hubris:TinFlute"}],"event_choices":[],"is_beta":false,"boss_relics":[{"not_picked":["aspiration:RunicSpoon","energizedSpire:RedRose"],"picked":"conspire:RunicOctahedron"}],"items_purged_floors":[],"is_endless":false,"potions_floor_spawned":[1,4,7,16,18],"killed_by":"Gensokyo:Swordslinger","ascension_level":0}}