{"host":"ekyl8r8j8fco3zlk","time":1612192324,"event":{"mods":["ATMod(∞¢Ë™Mod)","Act Like it!","Arknights","BaseMod","CapriCore","Decade(Õı–°√˜)","Dota2Spire","Friendly Minions","Gensokyo","Marisa£®ÏF”Í°°ƒß¿Ì…≥£©","Minty Spire (QoL Compilation)","READ ME - Guardian Mod","Rare Cards Sparkle","Reimu£®≤©¿ˆ¡È√Œ£©","StSLib","The Alterego","The Immortal","The Jungle","The Senshi","TheWitcher","Waifu the Spire","WarShipGirlsR/’ΩΩ¢…Ÿ≈ÆR mod","Yakumo Yukari mod","°æ“≈ŒÔø®≈∆°øREMEMod"],"gold_per_floor":[133,145,165,180,200,200,217,217,217,233,308,372,372,401,401,496,496,511,436,436],"floor_reached":19,"language":"ZHS","playtime":1040,"items_purged":[],"score":171,"play_id":"d156b87b-a580-4e1d-ab25-07411d2b6fbd","local_time":"20210201231204","is_ascension_mode":false,"campfire_choices":[{"data":"StretchesForeverDream_purple","floor":6.0,"key":"SMITH"},{"data":"SfantasyHide_purple","floor":8.0,"key":"SMITH"},{"data":"Observe_purple_2","floor":13.0,"key":"SMITH"},{"data":"DimensionStaggered_purple","floor":15.0,"key":"SMITH"}],"circlet_count":0,"master_deck":["AT_purpleEX","AT_purpleEX","AT_purpleEX","AT_purpleEX","Defend_purpleEX","Defend_purpleEX","Defend_purpleEX","Defend_purpleEX+1","Observe_purple_1","Observe_purple_2+1","AT_ShadowStep","SfantasyHide_purple+1","DimensionStaggered_purple+1","OmniscientAndOmnipotent_Monster_purple","PurpleNeedle_purple","StretchesForeverDream_purple+1","WeekHit_purple","MonsterNeedle_purple","Charmbait_purple","PositiveMatter_Antimatter_Universe_purple+1","MagicEyes_LaplaceDemon_purple+1","Line_surface_state_purple+1","Defend_purpleEX+1"],"relics":["Boundary_crack","Memoryfragments_purpleEX","AT_ATBox","REME_ComplimentaryCards","Prayer Wheel","AT_SpeedBoots","Toxic Egg 2","REME_ChargedStone"],"acts_visited":["Exordium","TheCity"],"potions_floor_usage":[],"damage_taken":[{"damage":2.0,"enemies":"Jaw Worm","floor":1.0,"turns":5.0},{"damage":6.0,"enemies":"2 Louse","floor":2.0,"turns":3.0},{"damage":5.0,"enemies":"Small Slimes","floor":3.0,"turns":4.0},{"damage":6.0,"enemies":"Blue Slaver","floor":4.0,"turns":5.0},{"damage":5.0,"enemies":"Looter","floor":5.0,"turns":3.0},{"damage":23.0,"enemies":"Exordium Thugs","floor":7.0,"turns":7.0},{"damage":0.0,"enemies":"Red Slaver","floor":10.0,"turns":3.0},{"damage":18.0,"enemies":"Lagavulin Event","floor":12.0,"turns":7.0},{"damage":21.0,"enemies":"Lagavulin","floor":14.0,"turns":6.0},{"damage":16.0,"enemies":"Slime Boss","floor":16.0,"turns":11.0},{"damage":0,"enemies":"Spheric Guardian","floor":18,"turns":2}],"seed_played":"528478534373833123","potions_obtained":[{"floor":1.0,"key":"Dota2Spire:HealingSalve"},{"floor":3.0,"key":"Weak Potion"},{"floor":5.0,"key":"Dota2Spire:HealingSalve"},{"floor":10.0,"key":"Explosive Potion"}],"is_trial":false,"path_per_floor":["M","M","M","M","M","R","M","R","T","M","?","?","R","E","R","B",null,"M","?"],"character_chosen":"Youkari","items_purchased":[],"campfire_rested":0,"item_purchase_floors":[],"current_hp_per_floor":[77,72,71,70,68,68,47,47,47,47,36,30,30,29,29,15,77,77,77,77],"gold":436,"neow_bonus":"TEN_PERCENT_HP_BONUS","is_daily":false,"chose_seed":false,"campfire_upgraded":4,"win_rate":0.0,"timestamp":1612192324,"path_taken":["M","M","M","M","M","R","M","R","T","M","?","?","R","E","R","BOSS","M","?"],"items_purchased_type":[],"build_version":"2020-12-22","purchased_purges":0,"victory":false,"max_hp_per_floor":[77,77,77,77,77,77,77,77,77,77,77,77,77,77,77,77,77,77,77,77],"card_choices":[{"not_picked":["AdvanceAttack_purple","Realm_recovery_purpleEX"],"picked":"SfantasyHide_purple","floor":1.0},{"not_picked":["MeetDecomposer_purple","PurpleNeedle_purple"],"picked":"DimensionStaggered_purple","floor":2.0},{"not_picked":["Bait_HighSpeedFlying_purple","DarkRealmRedLine_purple"],"picked":"OmniscientAndOmnipotent_Monster_purple","floor":3.0},{"not_picked":["Mirror_Drifter_purple","Realm_recovery_purpleEX"],"picked":"PurpleNeedle_purple","floor":4.0},{"not_picked":["Mirror_FormAndEmptin_purple","SfantasyHide_purple"],"picked":"StretchesForeverDream_purple","floor":5.0},{"not_picked":["StateErode_purple","Bait_Toxicbait_purple"],"picked":"WeekHit_purple","floor":7.0},{"not_picked":["StateDuplicate_purple","WangLiang_OokamiKakushi_purple"],"picked":"MonsterNeedle_purple","floor":10.0},{"not_picked":["DimensionStaggered_purple","Shallow_ocean_purpleEX"],"picked":"Charmbait_purple","floor":10.0},{"not_picked":["StateDuplicate_purple+1","Mirror_Drifter_purple"],"picked":"PositiveMatter_Antimatter_Universe_purple+1","floor":14.0},{"not_picked":["Fancifulhole_purple","WasteWire_Metro_purple"],"picked":"MagicEyes_LaplaceDemon_purple+1","floor":16.0},{"not_picked":["RuleDissolution_purple+1","StateErode_purple+1"],"picked":"Line_surface_state_purple+1","floor":18},{"not_picked":["DimensionStaggered_purple+1","OmniscientAndOmnipotent_Monster_purple","Worldmountain_purple"],"picked":"SKIP","floor":18}],"player_experience":587131,"relics_obtained":[{"floor":9.0,"key":"Prayer Wheel"},{"floor":14.0,"key":"Toxic Egg 2"}],"event_choices":[{"damage_healed":0.0,"max_hp_gain":0.0,"max_hp_loss":0.0,"gold_gain":75.0,"event_name":"World of Goop","player_choice":"Gather Gold","floor":11.0,"gold_loss":0.0,"damage_taken":11.0},{"damage_healed":0.0,"max_hp_gain":0.0,"max_hp_loss":0.0,"gold_gain":0.0,"event_name":"Dead Adventurer","player_choice":"Searched \u00272\u0027 times","floor":12.0,"gold_loss":0.0,"damage_taken":0.0,"relics_obtained":["AT_SpeedBoots"]}],"is_beta":false,"boss_relics":[{"not_picked":["Empty Cage","REME_DemonsWealth"],"picked":"REME_ChargedStone"}],"items_purged_floors":[],"is_endless":false,"potions_floor_spawned":[1,3,5,10],"ascension_level":0}}