{"host":"tzwq52iyn0uky71y","time":1612209703,"event":{"mods":["BaseMod","Minty Spire (QoL Compilation)","StSLib"],"gold_per_floor":[113,131,131,144,162,194,208,229,229,246,246,263,263,263],"floor_reached":13,"language":"ENG","playtime":1294,"items_purged":[],"score":89,"play_id":"7b485ec0-9ed4-46ca-8b50-f409f1d6c2f6","local_time":"20210201210143","is_ascension_mode":false,"campfire_choices":[{"floor":11,"key":"REST"}],"circlet_count":0,"master_deck":["Strike_G","Strike_G","Strike_G","Strike_G","Strike_G","Defend_G","Defend_G","Defend_G","Defend_G","Defend_G","Survivor","Neutralize","Dagger Spray","Sucker Punch","Deadly Poison","Flying Knee","Envenom","Blade Dance","Blur","Deadly Poison","Deadly Poison"],"relics":["Ring of the Snake","Question Card","Lizard Tail","Odd Mushroom","Kunai"],"acts_visited":["Exordium"],"potions_floor_usage":[8],"damage_taken":[{"damage":0,"enemies":"Cultist","floor":1,"turns":4},{"damage":2,"enemies":"Small Slimes","floor":2,"turns":4},{"damage":0,"enemies":"2 Louse","floor":4,"turns":3},{"damage":17,"enemies":"Large Slime","floor":5,"turns":7},{"damage":34,"enemies":"3 Sentries","floor":6,"turns":11},{"damage":5,"enemies":"3 Louse","floor":7,"turns":2},{"damage":25,"enemies":"The Mushroom Lair","floor":8,"turns":5},{"damage":24,"enemies":"Lots of Slimes","floor":10,"turns":4},{"damage":12,"enemies":"Blue Slaver","floor":12,"turns":3},{"damage":26,"enemies":"Lagavulin","floor":13,"turns":3}],"seed_played":"-6218763353460039590","potions_obtained":[{"floor":4,"key":"GamblersBrew"},{"floor":5,"key":"SteroidPotion"},{"floor":7,"key":"SkillPotion"}],"is_trial":false,"path_per_floor":["M","M","T","M","M","E","M","?","T","M","R","M","E"],"character_chosen":"THE_SILENT","items_purchased":[],"campfire_rested":1,"item_purchase_floors":[],"current_hp_per_floor":[77,75,75,75,58,24,19,33,33,9,32,20,0,0],"gold":263,"neow_bonus":"TEN_PERCENT_HP_BONUS","is_daily":false,"chose_seed":false,"campfire_upgraded":0,"win_rate":0.0,"timestamp":1612209703,"path_taken":["M","M","?","M","?","E","?","?","T","M","R","M","E"],"items_purchased_type":[],"build_version":"2020-12-22","purchased_purges":0,"victory":false,"max_hp_per_floor":[77,77,77,77,77,77,77,77,77,77,77,77,77,77],"card_choices":[{"not_picked":["Blur","Calculated Gamble"],"picked":"Dagger Spray","floor":1},{"not_picked":["Quick Slash","Endless Agony"],"picked":"Sucker Punch","floor":2},{"not_picked":["Tactician","Quick Slash","Prepared"],"picked":"Deadly Poison","floor":4},{"not_picked":["Prepared","Deflect","Dagger Throw"],"picked":"Flying Knee","floor":5},{"not_picked":["Caltrops","Dash","Quick Slash"],"picked":"Envenom","floor":6},{"not_picked":["Underhanded Strike","Prepared","Reflex"],"picked":"Blade Dance","floor":7},{"not_picked":["Slice","Eviscerate","Flying Knee"],"picked":"Blur","floor":8},{"not_picked":["Underhanded Strike","PiercingWail","Slice"],"picked":"Deadly Poison","floor":10},{"not_picked":["Outmaneuver","Quick Slash","Prepared"],"picked":"Deadly Poison","floor":12}],"player_experience":3958,"relics_obtained":[{"floor":3,"key":"Question Card"},{"floor":6,"key":"Lizard Tail"},{"floor":8,"key":"Odd Mushroom"},{"floor":9,"key":"Kunai"}],"event_choices":[{"damage_healed":0,"gold_gain":0,"player_choice":"Fought Mushrooms","damage_taken":0,"max_hp_gain":0,"max_hp_loss":0,"event_name":"Mushrooms","floor":8,"gold_loss":0}],"is_beta":false,"boss_relics":[],"items_purged_floors":[],"is_endless":false,"potions_floor_spawned":[4,5,7],"killed_by":"Lagavulin","ascension_level":0}}