{"host":"w8jq41i5zn1fudf9","time":1612164475,"event":{"mods":["AchievementEnabler","BaseMod","Colored Map","Colored Powertips","Curses Come First","GifTheSpireLib","Googly Eyes","Minty Spire (QoL Compilation)","Quick Restart","Rare Cards Sparkle","Relic Stats","StSLib","The Awakened One except there are too many feathers","egg","everything is the same but u backflip on backflip","slay the spire mod where everything is the same but ironclad has a cowboy hat"],"gold_per_floor":[111,61,61,73,86,120,120,120,120,120,140,140,156,170,170,170,170],"floor_reached":16,"language":"ENG","playtime":785,"items_purged":[],"score":122,"play_id":"78fcbf1a-98a5-4f71-bf83-1fdeba5f4486","local_time":"20210201002755","is_ascension_mode":true,"campfire_choices":[{"floor":8,"key":"REST"},{"data":"Zap","floor":10,"key":"SMITH"},{"floor":15,"key":"REST"}],"circlet_count":0,"master_deck":["Strike_B","Strike_B","Defend_B","Defend_B","Defend_B","Defend_B","Zap+1","Dualcast","Sunder","Coolheaded","Leap","Chaos","Capacitor","Genetic Algorithm"],"relics":["Cracked Core","CaptainsWheel","Gambling Chip","Shuriken","Gremlin Horn"],"acts_visited":["Exordium"],"potions_floor_usage":[16,16],"damage_taken":[{"damage":13,"enemies":"2 Louse","floor":1,"turns":2},{"damage":7,"enemies":"Jaw Worm","floor":4,"turns":3},{"damage":0,"enemies":"Cultist","floor":5,"turns":2},{"damage":15,"enemies":"Gremlin Nob","floor":6,"turns":4},{"damage":2,"enemies":"3 Louse","floor":11,"turns":3},{"damage":7,"enemies":"Red Slaver","floor":13,"turns":4},{"damage":0,"enemies":"Large Slime","floor":14,"turns":6},{"damage":65,"enemies":"Hexaghost","floor":16,"turns":14}],"seed_played":"2852056781389278213","potions_obtained":[{"floor":1,"key":"Swift Potion"},{"floor":14,"key":"DistilledChaos"}],"is_trial":false,"path_per_floor":["M","?","?","M","M","E","T","R","T","R","M","?","M","M","R","B"],"character_chosen":"DEFECT","items_purchased":[],"campfire_rested":2,"item_purchase_floors":[],"current_hp_per_floor":[62,62,50,43,43,28,28,50,50,50,48,48,41,41,63,0,0],"gold":170,"neow_bonus":"THREE_CARDS","is_daily":false,"chose_seed":false,"campfire_upgraded":1,"win_rate":0.0,"timestamp":1612164475,"path_taken":["M","?","?","?","M","E","?","R","T","R","M","?","?","M","R","BOSS"],"items_purchased_type":[],"build_version":"2020-12-22","purchased_purges":0,"victory":false,"max_hp_per_floor":[75,75,75,75,75,75,75,75,75,75,75,75,75,75,75,75,75],"relic_stats":{"Gremlin Horn":[3,3],"counters":[8,38],"Shuriken":[2],"Gambling Chip":[6],"obtain_stats":[{"CaptainsWheel":3,"Gremlin Horn":9,"Shuriken":7,"Gambling Chip":6,"Cracked Core":0},{"CaptainsWheel":1,"Gremlin Horn":4,"Shuriken":4,"Gambling Chip":4,"Cracked Core":0},{"CaptainsWheel":2,"Gremlin Horn":11,"Shuriken":11,"Gambling Chip":11,"Cracked Core":0}]},"card_choices":[{"not_picked":["Reprogram","Turbo"],"picked":"Sunder","floor":0},{"not_picked":["Conserve Battery","Consume"],"picked":"Coolheaded","floor":1},{"not_picked":["Stack","Scrape"],"picked":"Leap","floor":4},{"not_picked":["Scrape","FTL"],"picked":"Chaos","floor":5},{"not_picked":["Force Field","Stack","Blizzard"],"picked":"SKIP","floor":6},{"not_picked":["Storm","Meteor Strike"],"picked":"Capacitor","floor":11},{"not_picked":["Capacitor","Storm","Rebound"],"picked":"SKIP","floor":13},{"not_picked":["Stack","Coolheaded"],"picked":"Genetic Algorithm","floor":14}],"player_experience":77826,"relics_obtained":[{"floor":6,"key":"Gambling Chip"},{"floor":7,"key":"Shuriken"},{"floor":9,"key":"Gremlin Horn"}],"event_choices":[{"cards_removed":["Strike_B"],"damage_healed":0,"gold_gain":0,"player_choice":"Card Removal","damage_taken":0,"max_hp_gain":0,"max_hp_loss":0,"event_name":"The Cleric","floor":2,"gold_loss":50},{"damage_healed":0,"gold_gain":0,"player_choice":"Success","damage_taken":12,"relics_obtained":["CaptainsWheel"],"max_hp_gain":0,"max_hp_loss":0,"event_name":"Scrap Ooze","floor":3,"gold_loss":0},{"cards_removed":["Strike_B"],"damage_healed":0,"gold_gain":0,"player_choice":"Purged","damage_taken":0,"max_hp_gain":0,"max_hp_loss":0,"event_name":"Purifier","floor":12,"gold_loss":0}],"is_beta":false,"boss_relics":[],"items_purged_floors":[],"is_endless":false,"potions_floor_spawned":[1,14],"killed_by":"Hexaghost","ascension_level":4}}