{"host":"yans4pr1zf0lm9bx","time":1612213409,"event":{"mods":["AchievementEnabler","BaseMod","Downfall","Minty Spire (QoL Compilation)","StSLib","SuperFastMode","slay the spire mod where everything is the same but ironclad has a cowboy hat"],"gold_per_floor":[99,110,110,126,126,145,219,229,229,247,53,112,12,24,42,146,196,196,211,50,50,50,61,61,46,46,46,65,94,94,105,117,220,220,20,31,31,31,31,56,56,56,41,56,91,121,147,159,190,202,202,202],"floor_reached":50,"language":"ENG","playtime":3697,"items_purged":["Guardian:Strike_Guardian","Guardian:Defend_Guardian"],"score":539,"play_id":"46e6d0b6-9031-4b0d-9803-138cfe99f51f","local_time":"20210201160329","is_ascension_mode":false,"campfire_choices":[{"data":"Guardian:TwinSlam","floor":1,"key":"SMITH"},{"floor":9,"key":"RECALL"},{"data":"Guardian:BaubleBeam","floor":13,"key":"SMITH"},{"data":"Guardian:Suspension","floor":18,"key":"SMITH"},{"data":"Guardian:Suspension","floor":30,"key":"SMITH"},{"data":"Guardian:ExploitGems","floor":35,"key":"SMITH"},{"floor":42,"key":"REST"}],"circlet_count":0,"master_deck":["Guardian:Defend_Guardian+1","Guardian:Defend_Guardian+1","Guardian:CurlUp+1","Guardian:TwinSlam+1","Guardian:Suspension+1","Guardian:BaubleBeam+1","Guardian:Reroute+1","Guardian:ShieldCharger+1","Guardian:Suspension+1","Guardian:StasisField+1","Guardian:ShieldCharger+1","Guardian:ChargeCore+1","Guardian:TimeCapacitor+1","Guardian:SentryBeam+1","RitualDagger+1","downfall:Haunted","Decay","Guardian:FastForward+1","Guardian:ChargeCore+1","Guardian:ExploitGems+1","Guardian:TimeBomb+1","expansioncontent:AwakenDeath+1","expansioncontent:Chronoboost+1","expansioncontent:HyperBeam+1","Guardian:ChargeCore+1","Guardian:Recover+1","Guardian:Repulse+1","Guardian:Gem_White","Guardian:TemporalShield+1","Guardian:TemporalStrike+1","Guardian:Repulse+1"],"relics":["Philosopher\u0027s Stone","Omamori","Ornamental Fan","Juzu Bracelet","Tiny House","Strawberry","Du-Vu Doll","Lantern","Empty Cage","TungstenRod","Mango","MawBank"],"acts_visited":["Exordium","TheCity","TheBeyond"],"potions_floor_usage":[19,28,33,33,45,49,50],"damage_taken":[{"damage":0,"enemies":"2 Louse","floor":2,"turns":3},{"damage":0,"enemies":"Cultist","floor":4,"turns":4},{"damage":0,"enemies":"Small Slimes","floor":6,"turns":3},{"damage":0,"enemies":"Blue Slaver","floor":8,"turns":5},{"damage":19,"enemies":"Exordium Wildlife","floor":10,"turns":6},{"damage":5,"enemies":"downfall:FleeingMerchant","floor":11,"turns":4},{"damage":15,"enemies":"3 Sentries","floor":12,"turns":10},{"damage":0,"enemies":"Exordium Thugs","floor":14,"turns":3},{"damage":0,"enemies":"2 Fungi Beasts","floor":15,"turns":3},{"damage":11,"enemies":"WA_ARCHETYPE_RETAIN","floor":16,"turns":7},{"damage":7,"enemies":"3 Byrds","floor":19,"turns":6},{"damage":0,"enemies":"downfall:FleeingMerchant","floor":20,"turns":4},{"damage":2,"enemies":"Shelled Parasite and Fungi","floor":23,"turns":6},{"damage":13,"enemies":"downfall:FleeingMerchant","floor":25,"turns":4},{"damage":25,"enemies":"Snake Plant","floor":28,"turns":5},{"damage":17,"enemies":"Book of Stabbing","floor":29,"turns":5},{"damage":5,"enemies":"3 Cultists","floor":31,"turns":5},{"damage":21,"enemies":"Snecko","floor":32,"turns":6},{"damage":14,"enemies":"DF_ARCHETYPE_CLAW","floor":33,"turns":9},{"damage":0,"enemies":"3 Shapes","floor":36,"turns":4},{"damage":77,"enemies":"Nemesis","floor":40,"turns":9},{"damage":0,"enemies":"downfall:FleeingMerchant","floor":43,"turns":4},{"damage":0,"enemies":"Orb Walker","floor":44,"turns":3},{"damage":12,"enemies":"Reptomancer","floor":45,"turns":7},{"damage":15,"enemies":"Jaw Worm Horde","floor":46,"turns":4},{"damage":0,"enemies":"Spire Growth","floor":47,"turns":5},{"damage":13,"enemies":"Transient","floor":49,"turns":5},{"damage":69,"enemies":"IC_BLOCK_ARCHETYPE","floor":50,"turns":2}],"seed_played":"335671196364904883","potions_obtained":[{"floor":2,"key":"Ancient Potion"},{"floor":4,"key":"Guardian:StasisDiscoveryPotion"},{"floor":8,"key":"bronze:BurnAndBuffPotion"},{"floor":12,"key":"ColorlessPotion"},{"floor":16,"key":"FairyPotion"},{"floor":26,"key":"CultistPotion"},{"floor":28,"key":"Dexterity Potion"},{"floor":31,"key":"Guardian:BlockOnCardUsePotion"},{"floor":33,"key":"Fire Potion"},{"floor":40,"key":"SpeedPotion"},{"floor":46,"key":"BlessingOfTheForge"},{"floor":47,"key":"Weak Potion"},{"floor":49,"key":"Energy Potion"}],"is_trial":false,"path_per_floor":["R","M","?","M","?","M","T","M","R","M","$","?","R","M","M","B",null,"R","M","$","?","?","M","T","$","?","?","M","E","R","M","M","B",null,"R","M","?","?","?","E","T","R","$","M","E","M","M","?","M","B"],"character_chosen":"GUARDIAN","items_purchased":["Guardian:Reroute","Guardian:Gem_Yellow","Guardian:Gem_Lightblue"],"campfire_rested":1,"item_purchase_floors":[11,11,20],"current_hp_per_floor":[80,80,80,80,80,80,80,80,80,61,56,41,41,41,41,30,85,85,78,78,85,85,83,83,70,70,70,45,28,28,23,2,16,92,102,102,102,92,92,15,29,63,63,63,51,36,36,36,23,0,0,0],"gold":202,"neow_bonus":"BOSS_RELIC","is_daily":false,"chose_seed":false,"campfire_upgraded":5,"win_rate":0.0,"timestamp":1612213409,"path_taken":["R","M","?","M","?","?","T","?","R","M","$","?","R","M","M","BOSS","R","M","$","?","?","M","T","?","?","?","M","E","R","M","M","BOSS","R","M","?","?","?","E","T","R","$","M","E","M","M","?","M","BOSS"],"items_purchased_type":["Card","Card","Card"],"build_version":"2020-12-22","purchased_purges":2,"victory":false,"max_hp_per_floor":[80,80,80,80,80,80,80,80,80,80,80,80,80,80,80,80,85,85,85,85,92,92,92,92,92,92,92,92,92,92,92,92,92,92,102,102,102,102,102,102,116,116,116,116,116,116,116,106,106,106,106,106],"card_choices":[{"not_picked":["Guardian:ShieldCharger","Guardian:Gem_Blue"],"picked":"Guardian:Gem_Lightblue","floor":2},{"not_picked":["Guardian:ShieldSpikes","Guardian:Emergency"],"picked":"Guardian:Gem_White","floor":4},{"not_picked":["Guardian:VentSteam","Guardian:GuardianWhirl"],"picked":"Guardian:Gem_Cyan","floor":6},{"not_picked":["Guardian:DonusPower","Guardian:Harden"],"picked":"Guardian:Gem_Cyan","floor":8},{"not_picked":["Guardian:TemporalShield","Guardian:Gem_Lightblue"],"picked":"Guardian:Suspension","floor":10},{"not_picked":["Guardian:Gem_Yellow","Guardian:WalkerClaw"],"picked":"Guardian:BaubleBeam","floor":11},{"not_picked":["Guardian:DecasProtection","Guardian:Gem_Fragmented"],"picked":"Guardian:ShieldCharger","floor":12},{"not_picked":["Guardian:EvasiveProtocol","Guardian:PrismaticBarrier","Guardian:VentSteam"],"picked":"SKIP","floor":14},{"not_picked":["Guardian:Gem_Green","Guardian:RollAttack"],"picked":"Guardian:Suspension","floor":15},{"not_picked":["Guardian:ConstructionForm","Guardian:BaubleBeam"],"picked":"Guardian:StasisField","floor":16},{"not_picked":["Guardian:Planning","Guardian:Reroute"],"picked":"Guardian:ShieldCharger","floor":17},{"not_picked":["Guardian:RollAttack+1","Guardian:CrystalBeam"],"picked":"Guardian:ChargeCore","floor":19},{"not_picked":["Guardian:VentSteam","Guardian:DecasProtection","Guardian:ShieldCharger"],"picked":"SKIP","floor":20},{"not_picked":["Guardian:Reroute","Guardian:Gem_Synthetic"],"picked":"Guardian:TimeCapacitor","floor":23},{"not_picked":["Guardian:RevengeProtocol","Guardian:Clone"],"picked":"Guardian:SentryBeam+1","floor":25},{"not_picked":["Guardian:PrismaticBarrier","Guardian:Gem_Lightblue"],"picked":"Guardian:Gem_Cyan","floor":28},{"not_picked":["Guardian:FastForward","Guardian:VentSteam+1"],"picked":"Guardian:Gem_Orange","floor":29},{"not_picked":["Guardian:Reroute","Guardian:Recover"],"picked":"Guardian:ChargeCore","floor":31},{"not_picked":["Guardian:SentryBeam+1","Guardian:MultiBeam"],"picked":"Guardian:Gem_Lightblue","floor":32},{"not_picked":["Guardian:RevengeProtocol","Guardian:BaubleBeam"],"picked":"Guardian:ExploitGems","floor":33},{"not_picked":["Guardian:VentSteam+1","Guardian:RollAttack"],"picked":"Guardian:TimeBomb","floor":36},{"not_picked":["expansioncontent:InvincibleStrength","expansioncontent:PrepareCrush"],"picked":"expansioncontent:AwakenDeath","floor":38},{"not_picked":["expansioncontent:PolyBeam","expansioncontent:YouAreMine"],"picked":"expansioncontent:Chronoboost","floor":38},{"not_picked":["expansioncontent:InvincibleStrength","expansioncontent:Hexaburn"],"picked":"expansioncontent:HyperBeam","floor":38},{"not_picked":["Guardian:Suspension+1","Guardian:ConstructionForm"],"picked":"Guardian:ChargeCore+1","floor":40},{"not_picked":["Guardian:ConstructionForm","Guardian:Incinerate"],"picked":"Guardian:Recover+1","floor":43},{"not_picked":["Guardian:ChargeCore","Guardian:EvasiveProtocol+1"],"picked":"Guardian:Repulse","floor":44},{"not_picked":["Guardian:Planning","Guardian:TemporalShield+1"],"picked":"Guardian:Gem_White","floor":45},{"not_picked":["Guardian:RollAttack+1","Guardian:PolyBeam"],"picked":"Guardian:TemporalShield+1","floor":46},{"not_picked":["Guardian:Recover","Guardian:PrimingBeam"],"picked":"Guardian:TemporalStrike","floor":47},{"not_picked":["Guardian:TimeBomb","Guardian:Reroute"],"picked":"Guardian:Repulse+1","floor":49}],"player_experience":293985,"relics_obtained":[{"floor":5,"key":"Omamori"},{"floor":7,"key":"Ornamental Fan"},{"floor":12,"key":"Juzu Bracelet"},{"floor":29,"key":"Lantern"},{"floor":40,"key":"TungstenRod"},{"floor":41,"key":"Mango"},{"floor":45,"key":"MawBank"}],"event_choices":[{"damage_healed":0,"gold_gain":0,"player_choice":"Relic","damage_taken":0,"max_hp_gain":0,"max_hp_loss":0,"event_name":"Wheel of Change","floor":5,"gold_loss":0},{"cards_removed":["Guardian:Strike_Guardian"],"damage_healed":0,"gold_gain":0,"player_choice":"Removed Attack","damage_taken":0,"max_hp_gain":0,"max_hp_loss":0,"event_name":"Falling","floor":37,"gold_loss":0},{"damage_healed":0,"gold_gain":0,"player_choice":"Ignored","damage_taken":0,"max_hp_gain":0,"max_hp_loss":0,"event_name":"NoteForYourself","floor":39,"gold_loss":0}],"is_beta":false,"boss_relics":[{"not_picked":["Velvet Choker","Runic Dome"],"picked":"Tiny House"},{"not_picked":["Astrolabe","Runic Pyramid"],"picked":"Empty Cage"}],"items_purged_floors":[11,20],"is_endless":false,"potions_floor_spawned":[2,4,8,12,16,28,29,31,33,40,46,47,49],"killed_by":"IC_BLOCK_ARCHETYPE","ascension_level":0}}