{"host":"unbds6939j6jyuge","time":1612176505,"event":{"mods":["Act Like it!","BaseMod","Colored Powertips","Gensokyo","KinomotoSakuraMod(Ä¾Ö®±¾Ó£)","Marked Mod","Minty Spire (QoL Compilation)","Pale of the Ancients","Spicy Shops","StSLib"],"gold_per_floor":[1016,513,530,541,541,541,541,541],"floor_reached":7,"language":"ZHS","playtime":1236,"items_purged":["Doubt"],"score":57,"play_id":"525d0f05-5ef5-45b7-9f02-90b95f3f5647","local_time":"20210201184825","is_ascension_mode":true,"campfire_choices":[{"data":"Establishment","floor":6.0,"key":"SMITH"}],"circlet_count":0,"master_deck":["Strike_P","Strike_P","Strike_P","Strike_P","Defend_P","Defend_P","Defend_P","Defend_P","Eruption","Vigilance","MarkedMod:GracefulMovements","Protect","Sanctity","EmptyFist","Establishment+1","LikeWater"],"relics":["PureWater","Question Card","Matryoshka"],"acts_visited":["Exordium"],"potions_floor_usage":[],"damage_taken":[{"damage":2.0,"enemies":"Small Slimes","floor":1.0,"turns":3.0},{"damage":0.0,"enemies":"Jaw Worm","floor":3.0,"turns":6.0},{"damage":7.0,"enemies":"Cultist","floor":4.0,"turns":6.0},{"damage":94,"enemies":"Gremlin Nob","floor":7,"turns":8}],"seed_played":"-4041666217695138304","potions_obtained":[{"floor":1.0,"key":"Swift Potion"}],"is_trial":false,"path_per_floor":["M","$","M","M","?","R","E"],"character_chosen":"WATCHER","items_purchased":["Question Card","Protect","Matryoshka"],"campfire_rested":0,"item_purchase_floors":[2,2,2],"current_hp_per_floor":[70,70,70,63,63,63,0,0],"gold":541,"neow_bonus":"TEN_PERCENT_HP_BONUS","is_daily":false,"chose_seed":false,"campfire_upgraded":1,"win_rate":0.0,"timestamp":1612176505,"path_taken":["M","$","M","M","?","R","E"],"items_purchased_type":["Relic","Card","Relic"],"build_version":"2020-12-22","purchased_purges":1,"victory":false,"max_hp_per_floor":[79,79,79,79,79,79,79,79],"card_choices":[{"not_picked":["ClearTheMind","EmptyFist"],"picked":"MarkedMod:GracefulMovements","floor":1.0},{"not_picked":["Protect","JustLucky","WaveOfTheHand"],"picked":"Sanctity","floor":3.0},{"not_picked":["FlurryOfBlows","Indignation","SashWhip"],"picked":"EmptyFist","floor":4.0}],"player_experience":231878,"relics_obtained":[],"event_choices":[{"damage_healed":0.0,"max_hp_gain":0.0,"max_hp_loss":0.0,"gold_gain":0.0,"event_name":"Match and Keep!","player_choice":"2 cards matched","floor":5.0,"gold_loss":0.0,"damage_taken":0.0,"cards_obtained":["Establishment","LikeWater"]}],"is_beta":false,"boss_relics":[],"items_purged_floors":[2],"is_endless":false,"potions_floor_spawned":[1],"killed_by":"Gremlin Nob","ascension_level":8}}