{"host":"7j2n82b2zha9fuyn","time":1612158073,"event":{"mods":["BaseMod","Block Reminder","Minty Spire (QoL Compilation)","Replay The Spire","StSLib"],"gold_per_floor":[116,195,207,53,65,65,85,115,139,109,83,98,127,142,142,221,221,231,231,242,242,242],"floor_reached":21,"language":"ENG","playtime":1720,"items_purged":[],"score":474,"play_id":"e63365f2-ccc3-4f7c-81b3-c956d29a32c5","local_time":"20210131224113","is_ascension_mode":true,"campfire_choices":[{"data":"Catalyst","floor":6,"key":"SMITH"},{"floor":15,"key":"REST"}],"circlet_count":0,"master_deck":["AscendersBane","Strike_G","Strike_G","Strike_G","Strike_G","Strike_G","Defend_G","Defend_G","Defend_G+1","Defend_G","Defend_G+1","Survivor","Neutralize","Die Die Die","Deadly Poison","Toxin Wave","Catalyst+1","Footwork","Blade Dance","Leg Sweep","ReplayTheSpireMod:Necrosis","Backflip","After Image","Flechettes"],"relics":["Ring of the Snake","Replay:Baseball","Simple Rune","Blue Doll","Coffee Dripper"],"acts_visited":["Exordium","TheCity"],"potions_floor_usage":[8,13],"damage_taken":[{"damage":0,"enemies":"2 Louse","floor":1,"turns":2},{"damage":0,"enemies":"Jaw Worm","floor":3,"turns":3},{"damage":0,"enemies":"Cultist","floor":5,"turns":4},{"damage":4,"enemies":"Blue Slaver","floor":7,"turns":4},{"damage":12,"enemies":"Gremlin Nob","floor":8,"turns":2},{"damage":12,"enemies":"Exordium Thugs","floor":11,"turns":5},{"damage":2,"enemies":"Lots of Slimes","floor":12,"turns":2},{"damage":0,"enemies":"3 Sentries","floor":13,"turns":11},{"damage":0,"enemies":"Looter","floor":14,"turns":3},{"damage":8,"enemies":"The Guardian","floor":16,"turns":16},{"damage":15,"enemies":"3 Byrds","floor":18,"turns":7},{"damage":19,"enemies":"Spheric Guardian","floor":20,"turns":7},{"damage":22,"enemies":"Centurion and Healer","floor":21,"turns":6}],"seed_played":"3323105135281388624","potions_obtained":[{"floor":1,"key":"Death Potion"},{"floor":7,"key":"EntropicBrew"},{"floor":10,"key":"LiquidMemories"},{"floor":14,"key":"Explosive Potion"}],"is_trial":false,"path_per_floor":["M","?","M","$","M","R","M","E","T","?","M","M","E","M","R","B",null,"M","?","M","M"],"character_chosen":"THE_SILENT","items_purchased":["Catalyst","Footwork"],"campfire_rested":1,"item_purchase_floors":[4,4],"current_hp_per_floor":[44,44,44,44,44,44,40,28,28,28,16,14,14,14,33,25,56,41,41,22,0,0],"gold":242,"neow_bonus":"THREE_RARE_CARDS","is_daily":false,"chose_seed":false,"campfire_upgraded":1,"win_rate":0.0,"timestamp":1612158073,"path_taken":["M","?","M","$","M","R","M","E","T","?","?","M","E","M","R","BOSS","M","?","M","M"],"items_purchased_type":["Card","Card"],"build_version":"2020-12-22","purchased_purges":0,"victory":false,"max_hp_per_floor":[66,66,66,66,66,66,66,66,66,66,66,66,66,66,66,66,66,66,66,66,66,66],"card_choices":[{"not_picked":["Phantasmal Killer","Atom Bomb"],"picked":"Die Die Die","floor":0},{"not_picked":["Choke","Sucker Punch"],"picked":"Deadly Poison","floor":1},{"not_picked":["Endless Agony","Tactician"],"picked":"Toxin Wave","floor":3},{"not_picked":["Sucker Punch","Cloak And Dagger"],"picked":"Blade Dance","floor":5},{"not_picked":["Sucker Punch","Hidden Blade","Dodge and Roll"],"picked":"SKIP","floor":7},{"not_picked":["Quick Slash","Hidden Blade","Acrobatics"],"picked":"SKIP","floor":8},{"not_picked":["Blade Dance","Heel Hook"],"picked":"Leg Sweep","floor":11},{"not_picked":["Bane","Cloak And Dagger","Dagger Throw"],"picked":"SKIP","floor":12},{"not_picked":["Eviscerate","Reflex"],"picked":"ReplayTheSpireMod:Necrosis","floor":13},{"not_picked":["ReplayTheSpireMod:Exploit Weakness","Replay:Poison Smokescreen"],"picked":"Backflip","floor":14},{"not_picked":["Unload","Tools of the Trade"],"picked":"After Image","floor":16},{"not_picked":["Hidden Blade","Masterful Stab"],"picked":"Flechettes","floor":18},{"not_picked":["Fluid Movement","Underhanded Strike","Slice"],"picked":"SKIP","floor":20}],"player_experience":1960761,"relics_obtained":[{"floor":8,"key":"Replay:Baseball"},{"floor":9,"key":"Simple Rune"},{"floor":13,"key":"Blue Doll"}],"event_choices":[{"damage_healed":0,"gold_gain":79,"player_choice":"Gained Gold","damage_taken":0,"max_hp_gain":0,"max_hp_loss":0,"event_name":"Golden Wing","floor":2,"gold_loss":0},{"damage_healed":0,"gold_gain":0,"player_choice":"Bought 2 Potions","damage_taken":0,"max_hp_gain":0,"max_hp_loss":0,"event_name":"The Woman in Blue","floor":10,"gold_loss":0},{"damage_healed":0,"gold_gain":0,"player_choice":"Ignored","damage_taken":0,"max_hp_gain":0,"max_hp_loss":0,"event_name":"The Mausoleum","floor":19,"gold_loss":0}],"is_beta":false,"boss_relics":[{"not_picked":["Snecko Heart","Empty Cage"],"picked":"Coffee Dripper"}],"items_purged_floors":[],"is_endless":false,"potions_floor_spawned":[1,7,12,14,20],"killed_by":"Centurion and Healer","ascension_level":19}}