{"host":"f5gffvlv6a66yqkd","time":1612180631,"event":{"mods":["2.2 Compatiblity","BaseMod","Colored Map","Custom Start","DeckTracker","Keyboard Shortcuts","Minty Spire (QoL Compilation)","Permanent Neow","Quick Restart","Relic Stats","StSLib","SuperFastMode"],"gold_per_floor":[20,20,36,54,70,70,84,84,84,84,6,6,23,35,35,35,35],"floor_reached":16,"language":"KOR","playtime":355,"items_purged":[],"score":188,"play_id":"f71020cb-cc0f-4a75-9a2a-c97032dae8aa","local_time":"20210201205711","is_ascension_mode":true,"campfire_choices":[{"data":"Eruption","floor":6,"key":"SMITH"},{"data":"Devotion","floor":8,"key":"SMITH"},{"data":"Pray","floor":10,"key":"SMITH"},{"data":"Prostrate","floor":15,"key":"SMITH"}],"circlet_count":0,"master_deck":["AscendersBane","Strike_P","Strike_P","Strike_P","Strike_P","Defend_P","Defend_P","Defend_P","Eruption+1","Vigilance","Devotion+1","EmptyFist","Halt","CarveReality","Pray+1","Prostrate+1","MentalFortress","Prostrate+1","ForeignInfluence+1"],"relics":["PureWater","Toxic Egg 2"],"acts_visited":["Exordium"],"potions_floor_usage":[14],"damage_taken":[{"damage":4.0,"enemies":"Small Slimes","floor":1.0,"turns":5.0},{"damage":8,"enemies":"2 Louse","floor":3,"turns":3},{"damage":4,"enemies":"Jaw Worm","floor":4,"turns":4},{"damage":8,"enemies":"Blue Slaver","floor":5,"turns":3},{"damage":12,"enemies":"Exordium Wildlife","floor":7,"turns":4},{"damage":15,"enemies":"Large Slime","floor":13,"turns":3},{"damage":16,"enemies":"Exordium Thugs","floor":14,"turns":4},{"damage":14,"enemies":"Slime Boss","floor":16,"turns":8}],"seed_played":"-7998736726170764898","potions_obtained":[{"floor":1.0,"key":"GamblersBrew"},{"floor":5,"key":"ColorlessPotion"}],"is_trial":false,"path_per_floor":["M","?","M","M","M","R","M","R","T","R","$","?","M","M","R","B"],"character_chosen":"WATCHER","items_purchased":["MentalFortress"],"campfire_rested":0,"item_purchase_floors":[11],"current_hp_per_floor":[57,57,49,45,37,37,25,25,25,25,25,47,32,16,16,2,2],"gold":35,"neow_bonus":"THREE_RARE_CARDS","is_daily":false,"chose_seed":false,"campfire_upgraded":4,"win_rate":0.0,"timestamp":1612180631,"path_taken":["M","?","M","M","M","R","M","R","T","R","$","?","M","M","R","BOSS"],"items_purchased_type":["Card"],"build_version":"2020-12-22","purchased_purges":0,"victory":false,"max_hp_per_floor":[68,68,68,68,68,68,68,68,68,68,68,68,68,68,68,68,68],"relic_stats":{"counters":[8,34],"obtain_stats":[{"PureWater":0,"Toxic Egg 2":9},{"PureWater":0,"Toxic Egg 2":5},{"PureWater":0,"Toxic Egg 2":19}]},"card_choices":[{"not_picked":["Wish","Scrawl"],"picked":"Devotion","floor":0.0},{"not_picked":["Perseverance","ReachHeaven"],"picked":"EmptyFist","floor":1.0},{"not_picked":["PathToVictory","CrushJoints"],"picked":"CarveReality","floor":3},{"not_picked":["ThirdEye","CrushJoints"],"picked":"Pray","floor":4},{"not_picked":["PathToVictory","EmptyFist","FollowUp"],"picked":"SKIP","floor":5},{"not_picked":["FollowUp","Omniscience"],"picked":"Prostrate","floor":7},{"not_picked":["Crescendo+1","Conclude"],"picked":"Prostrate+1","floor":13},{"not_picked":["Consecrate","EmptyFist"],"picked":"ForeignInfluence+1","floor":14}],"player_experience":1633270,"relics_obtained":[{"floor":9,"key":"Toxic Egg 2"}],"event_choices":[{"damage_healed":0.0,"max_hp_gain":0.0,"max_hp_loss":0.0,"gold_gain":0.0,"cards_transformed":["Defend_P"],"event_name":"Living Wall","player_choice":"Change","floor":2.0,"gold_loss":0.0,"damage_taken":0.0,"cards_obtained":["Halt"]},{"damage_healed":22,"gold_gain":0,"player_choice":"Banana","damage_taken":0,"max_hp_gain":0,"max_hp_loss":0,"event_name":"Big Fish","floor":12,"gold_loss":0}],"is_beta":false,"boss_relics":[],"items_purged_floors":[],"is_endless":false,"potions_floor_spawned":[1,5,7],"killed_by":"Slime Boss","ascension_level":20}}