{"host":"2ica2wc1gg7guzbw","time":1612145646,"event":{"mods":["BaseMod","Colored Map","Minty Spire (QoL Compilation)","Replay The Spire","Shop Mod","StSLib"],"gold_per_floor":[112,132,132,132,151,151,186,196,196,196,196,196,211,238,238,238,238],"floor_reached":16,"language":"RUS","playtime":366,"items_purged":[],"score":204,"play_id":"7d3d1bff-b099-4d11-846b-cfe4f8c2242a","local_time":"20210201061406","is_ascension_mode":true,"campfire_choices":[{"data":"ReachHeaven","floor":6,"key":"SMITH"},{"data":"Adaptation","floor":10,"key":"SMITH"},{"floor":12,"key":"RECALL"},{"floor":15,"key":"REST"}],"circlet_count":0,"master_deck":["AscendersBane","Strike_P+1","Strike_P","Strike_P","Strike_P","Defend_P","Defend_P","Defend_P","Defend_P","Eruption+1","Vigilance","ReachHeaven+1","Adaptation+1","Normality","ClearTheMind","Consecrate","SignatureMove","LikeWater"],"relics":["PureWater","NeowsBlessing","Ring of Misfortune","Ring of Fangs","Whetstone","Toy Ornithopter","InkBottle"],"acts_visited":["Exordium"],"potions_floor_usage":[7,14],"damage_taken":[{"damage":0,"enemies":"Cultist","floor":1,"turns":1},{"damage":0,"enemies":"2 Louse","floor":2,"turns":1},{"damage":0,"enemies":"Small Slimes","floor":5,"turns":1},{"damage":20,"enemies":"Gremlin Nob","floor":7,"turns":5},{"damage":11,"enemies":"Looter","floor":8,"turns":4},{"damage":10,"enemies":"2 Fungi Beasts","floor":13,"turns":3},{"damage":10,"enemies":"Lagavulin","floor":14,"turns":6},{"damage":136,"enemies":"Slime Boss","floor":16,"turns":4}],"seed_played":"-3540657945071227928","potions_obtained":[{"floor":1,"key":"SpeedPotion"},{"floor":7,"key":"Reflective Coating"}],"is_trial":false,"path_per_floor":["M","M","$","?","M","R","E","M","T","R","?","R","M","E","R","B"],"character_chosen":"WATCHER","items_purchased":[],"campfire_rested":1,"item_purchase_floors":[],"current_hp_per_floor":[61,61,61,61,61,61,41,30,30,30,30,30,20,15,35,0,0],"gold":238,"neow_bonus":"THREE_ENEMY_KILL","is_daily":false,"chose_seed":false,"campfire_upgraded":2,"win_rate":0.0,"timestamp":1612145646,"path_taken":["M","?","$","?","M","R","E","M","T","R","?","R","M","E","R","BOSS"],"items_purchased_type":[],"build_version":"2020-12-22","purchased_purges":0,"victory":false,"max_hp_per_floor":[68,68,68,68,68,68,68,68,68,68,68,68,68,68,68,68,68],"card_choices":[{"not_picked":["EmptyFist","Fasting2"],"picked":"ReachHeaven","floor":1},{"not_picked":["Prostrate","ForeignInfluence"],"picked":"Adaptation","floor":2},{"not_picked":["Crescendo","EmptyBody"],"picked":"ClearTheMind","floor":5},{"not_picked":["ConjureBlade","SpiritShield"],"picked":"Consecrate","floor":7},{"not_picked":["EmptyBody","Protect"],"picked":"SignatureMove","floor":8},{"not_picked":["InnerPeace","Replay:ManipulateFuture"],"picked":"LikeWater","floor":13},{"not_picked":["Replay:Anticipation","CutThroughFate","EmptyMind"],"picked":"SKIP","floor":14}],"player_experience":940227,"relics_obtained":[{"floor":4,"key":"Ring of Misfortune"},{"floor":4,"key":"Ring of Fangs"},{"floor":7,"key":"Whetstone"},{"floor":9,"key":"Toy Ornithopter"},{"floor":14,"key":"InkBottle"}],"event_choices":[{"damage_healed":0,"gold_gain":0,"player_choice":"0 cards matched","damage_taken":0,"max_hp_gain":0,"max_hp_loss":0,"event_name":"Match and Keep!","floor":11,"gold_loss":0,"cards_obtained":[]}],"is_beta":false,"boss_relics":[],"items_purged_floors":[],"is_endless":false,"potions_floor_spawned":[1,7],"killed_by":"Slime Boss","ascension_level":17}}