{"host":"ln38befi3ugo1bsw","time":1612220548,"event":{"mods":["BaseMod","BetterRewards","Colored Map","Colored Powertips","Downfall","Hermit","Jorbs\u0027s Wanderer Trilogy","Lobotomy","Minty Spire (QoL Compilation)","StSLib","SuperFastMode"],"gold_per_floor":[19,19,30,50,50,380,390,419,446,461,461,480,480,492,492,596,596,551,551,551,551,551,551,551,551,551,551,551,551,551,551],"floor_reached":30,"language":"ENG","playtime":3939,"items_purged":[],"score":279,"play_id":"34dfd2ef-49ce-4db1-98a9-f92197416679","local_time":"20210201180228","is_ascension_mode":true,"campfire_choices":[{"floor":11,"key":"REST"},{"floor":13,"key":"REST"},{"data":"Infernal Blade","floor":15,"key":"SMITH"},{"floor":23,"key":"REST"}],"circlet_count":0,"master_deck":["Strike_R","Strike_R","Strike_R","Strike_R","Strike_R","Defend_R","Defend_R","Defend_R","Defend_R","Bash","Metamorphosis+1","Uppercut","Thunderclap","Cleave","Shrug It Off","Iron Wave","True Grit","Headbutt","Infernal Blade+1","Infernal Blade","Reaper","Pommel Strike","Armaments","True Grit","Intimidate","Feed","Power Through+1","Thunderclap"],"relics":["Burning Blood","Old Coin","Boot","Ectoplasm","Pantograph","Regal Pillow","Shuriken"],"acts_visited":["Exordium","TheCity"],"potions_floor_usage":[21,25,27,29,30],"damage_taken":[{"damage":2,"enemies":"Small Slimes","floor":1,"turns":3},{"damage":1,"enemies":"Jaw Worm","floor":3,"turns":3},{"damage":0,"enemies":"Cultist","floor":4,"turns":3},{"damage":15,"enemies":"Gremlin Nob","floor":6,"turns":4},{"damage":15,"enemies":"Red Slaver","floor":7,"turns":4},{"damage":23,"enemies":"Lagavulin","floor":8,"turns":5},{"damage":10,"enemies":"Looter","floor":10,"turns":2},{"damage":12,"enemies":"3 Louse","floor":12,"turns":3},{"damage":0,"enemies":"Large Slime","floor":14,"turns":4},{"damage":64,"enemies":"The Guardian","floor":16,"turns":8},{"damage":17,"enemies":"2 Thieves","floor":18,"turns":3},{"damage":5,"enemies":"Chosen","floor":20,"turns":4},{"damage":39,"enemies":"Sentry and Sphere","floor":21,"turns":6},{"damage":27,"enemies":"3 Cultists","floor":24,"turns":5},{"damage":50,"enemies":"Book of Stabbing","floor":25,"turns":6},{"damage":25,"enemies":"Snecko","floor":27,"turns":6},{"damage":24,"enemies":"Shelled Parasite and Fungi","floor":29,"turns":5},{"damage":18,"enemies":"Snake Plant","floor":30,"turns":2}],"seed_played":"-7842569095311866257","potions_obtained":[{"floor":10,"key":"FearPotion"},{"floor":12,"key":"Strength Potion"},{"floor":14,"key":"GamblersBrew"},{"floor":20,"key":"Regen Potion"},{"floor":24,"key":"Regen Potion"},{"floor":29,"key":"FearPotion"}],"is_trial":false,"path_per_floor":["M","?","M","M","?","E","M","E","T","M","R","M","R","M","R","B",null,"M","T","M","M","?","R","M","E","T","M","?","M","M"],"character_chosen":"IRONCLAD","items_purchased":[],"campfire_rested":3,"item_purchase_floors":[],"current_hp_per_floor":[80,80,80,80,80,71,62,45,45,41,65,59,80,80,80,22,80,69,69,75,52,52,76,59,30,30,21,21,11,0,0],"gold":551,"neow_bonus":"RANDOM_COLORLESS_2","is_daily":false,"chose_seed":false,"campfire_upgraded":1,"win_rate":0.0,"timestamp":1612220548,"path_taken":["M","?","M","M","?","E","M","E","T","M","R","?","R","M","R","BOSS","M","?","M","M","?","R","M","E","T","M","?","M","M"],"items_purchased_type":[],"build_version":"2020-12-22","purchased_purges":0,"victory":false,"max_hp_per_floor":[80,80,80,80,80,80,80,80,80,80,80,80,80,80,80,80,80,80,80,80,80,80,80,80,80,80,83,83,86,86,86],"card_choices":[{"not_picked":["The Bomb","Mayhem"],"picked":"Metamorphosis","floor":0},{"not_picked":["Heavy Blade","Clash"],"picked":"Uppercut","floor":1},{"not_picked":["Clothesline","True Grit"],"picked":"Thunderclap","floor":3},{"not_picked":["Thunderclap","Perfected Strike"],"picked":"Cleave","floor":4},{"not_picked":["Body Slam","Pommel Strike"],"picked":"Shrug It Off","floor":6},{"not_picked":["Flex","Entrench"],"picked":"Iron Wave","floor":7},{"not_picked":["Clash","Double Tap"],"picked":"True Grit","floor":8},{"not_picked":["Shrug It Off","Cleave"],"picked":"Headbutt","floor":10},{"not_picked":["Clash","Anger"],"picked":"Infernal Blade","floor":12},{"not_picked":["Bloodletting","Entrench"],"picked":"Infernal Blade","floor":14},{"not_picked":["Fiend Fire","Juggernaut"],"picked":"Reaper","floor":16},{"not_picked":["Rupture","Dropkick+1"],"picked":"Pommel Strike","floor":18},{"not_picked":["Warcry","Flame Barrier"],"picked":"Armaments","floor":20},{"not_picked":["Rage","Fire Breathing"],"picked":"True Grit","floor":21},{"not_picked":["Body Slam","Iron Wave"],"picked":"Intimidate","floor":24},{"not_picked":["Pummel+1","Power Through+1"],"picked":"Feed","floor":25},{"not_picked":["Warcry+1","Anger"],"picked":"Power Through+1","floor":27},{"not_picked":["Dual Wield","Iron Wave"],"picked":"Thunderclap","floor":29}],"player_experience":71510,"relics_obtained":[{"floor":6,"key":"Old Coin"},{"floor":8,"key":"Boot"},{"floor":19,"key":"Pantograph"},{"floor":25,"key":"Regal Pillow"},{"floor":26,"key":"Shuriken"}],"event_choices":[{"damage_healed":0,"gold_gain":0,"player_choice":"Grow","damage_taken":0,"max_hp_gain":0,"max_hp_loss":0,"event_name":"Living Wall","floor":2,"gold_loss":0,"cards_upgraded":["Metamorphosis"]},{"damage_healed":0,"gold_gain":0,"player_choice":"0 cards matched","damage_taken":0,"max_hp_gain":0,"max_hp_loss":0,"event_name":"Match and Keep!","floor":5,"gold_loss":0,"cards_obtained":[]},{"damage_healed":0,"gold_gain":0,"player_choice":"Ignored","damage_taken":0,"max_hp_gain":0,"max_hp_loss":0,"event_name":"Ghosts","floor":28,"gold_loss":0}],"is_beta":false,"boss_relics":[{"not_picked":["Velvet Choker","bronze:MakeshiftBattery"],"picked":"Ectoplasm"}],"items_purged_floors":[],"is_endless":false,"potions_floor_spawned":[10,12,14,20,24,29],"killed_by":"Snake Plant","ascension_level":1}}