{"host":"d744ndivyohnro60","time":1612204787,"event":{"mods":["BaseMod","Bestiary","Colored Powertips","Minty Spire (QoL Compilation)","Relic Stats"],"gold_per_floor":[119,194,205,205,223,223,237,268,337,337,357,357,87,262,262,392,392,405,405,123,123,142,142,142],"floor_reached":23,"language":"ENG","playtime":666,"items_purged":["Injury","Writhe"],"score":217,"play_id":"3ddc4f9e-f439-4b15-995d-b42e8ca2d536","local_time":"20210201133947","is_ascension_mode":true,"campfire_choices":[{"floor":6,"key":"REST"},{"data":"Reboot","floor":12,"key":"SMITH"},{"data":"Zap","floor":15,"key":"SMITH"}],"circlet_count":0,"master_deck":["Strike_B","Strike_B","Strike_B","Defend_B","Defend_B","Defend_B","Defend_B","Zap+1","Dualcast","Reboot+1","Ball Lightning","Sweeping Beam","Leap","Static Discharge","Thunder Strike","Leap","FTL","Doubt","Creative AI","Hologram","Conserve Battery"],"relics":["Cracked Core","FossilizedHelix","Eternal Feather","Golden Idol","MealTicket","Cursed Key","Omamori","DataDisk"],"acts_visited":["Exordium","TheCity"],"potions_floor_usage":[11,16,23,23],"damage_taken":[{"damage":0,"enemies":"Small Slimes","floor":1,"turns":3},{"damage":12,"enemies":"Jaw Worm","floor":3,"turns":2},{"damage":1,"enemies":"Cultist","floor":5,"turns":3},{"damage":8,"enemies":"Blue Slaver","floor":7,"turns":3},{"damage":16,"enemies":"Lagavulin","floor":8,"turns":7},{"damage":0,"enemies":"3 Louse","floor":11,"turns":1},{"damage":32,"enemies":"The Guardian","floor":16,"turns":7},{"damage":10,"enemies":"3 Byrds","floor":18,"turns":2},{"damage":11,"enemies":"Spheric Guardian","floor":22,"turns":4},{"damage":52,"enemies":"Book of Stabbing","floor":23,"turns":6}],"seed_played":"1968208135271573267","potions_obtained":[{"floor":3,"key":"ColorlessPotion"},{"floor":8,"key":"Explosive Potion"},{"floor":11,"key":"DuplicationPotion"},{"floor":22,"key":"SkillPotion"}],"is_trial":false,"path_per_floor":["M","?","M","?","M","R","M","E","T","?","M","R","$","?","R","B",null,"M","?","$","?","M","E"],"character_chosen":"DEFECT","items_purchased":["MealTicket","FTL","DataDisk","Conserve Battery"],"campfire_rested":1,"item_purchase_floors":[13,13,20,20],"current_hp_per_floor":[68,57,45,38,37,57,49,33,33,33,33,42,42,42,51,19,68,58,58,68,62,51,0,0],"gold":142,"neow_bonus":"THREE_RARE_CARDS","is_daily":false,"chose_seed":false,"campfire_upgraded":2,"win_rate":0.0,"timestamp":1612204787,"path_taken":["M","?","M","?","M","R","M","E","T","?","?","R","$","?","R","BOSS","M","?","$","?","?","E"],"items_purchased_type":["Relic","Card","Relic","Card"],"build_version":"2020-12-22","purchased_purges":2,"victory":false,"max_hp_per_floor":[68,68,68,68,68,68,68,68,68,68,68,68,68,68,68,68,68,68,68,68,68,68,68,68],"relic_stats":{"counters":[10,38],"Golden Idol":37,"Eternal Feather":18,"MealTicket":10,"Cursed Key":0,"obtain_stats":[{"DataDisk":20,"Golden Idol":10,"Eternal Feather":9,"MealTicket":13,"Omamori":19,"Cracked Core":0,"Cursed Key":17,"FossilizedHelix":8},{"DataDisk":8,"Golden Idol":5,"Eternal Feather":5,"MealTicket":6,"Omamori":8,"Cracked Core":0,"Cursed Key":7,"FossilizedHelix":5},{"DataDisk":28,"Golden Idol":18,"Eternal Feather":18,"MealTicket":19,"Omamori":28,"Cracked Core":0,"Cursed Key":26,"FossilizedHelix":18}]},"card_choices":[{"not_picked":["Seek","Echo Form"],"picked":"Reboot","floor":0},{"not_picked":["Sweeping Beam","Leap"],"picked":"Ball Lightning","floor":1},{"not_picked":["Go for the Eyes","Storm"],"picked":"Sweeping Beam","floor":3},{"not_picked":["Beam Cell","Stack"],"picked":"Leap","floor":5},{"not_picked":["Compile Driver","Rebound"],"picked":"Static Discharge","floor":7},{"not_picked":["Lockon","Buffer"],"picked":"Thunder Strike","floor":8},{"not_picked":["Gash","Go for the Eyes"],"picked":"Leap","floor":11},{"not_picked":["Echo Form","Thunder Strike"],"picked":"Creative AI","floor":16},{"not_picked":["Cold Snap","Streamline"],"picked":"Hologram","floor":18},{"not_picked":["Darkness","Steam+1","Hello World"],"picked":"SKIP","floor":22}],"player_experience":189238,"relics_obtained":[{"floor":8,"key":"FossilizedHelix"},{"floor":9,"key":"Eternal Feather"}],"event_choices":[{"damage_healed":0,"gold_gain":75,"player_choice":"Gather Gold","damage_taken":11,"max_hp_gain":0,"max_hp_loss":0,"event_name":"World of Goop","floor":2,"gold_loss":0},{"cards_removed":["Strike_B"],"damage_healed":0,"gold_gain":0,"player_choice":"Card Removal","damage_taken":7,"max_hp_gain":0,"max_hp_loss":0,"event_name":"Golden Wing","floor":4,"gold_loss":0},{"damage_healed":0,"gold_gain":0,"player_choice":"Take Wound","damage_taken":0,"relics_obtained":["Golden Idol"],"max_hp_gain":0,"max_hp_loss":0,"event_name":"Golden Idol","floor":10,"gold_loss":0,"cards_obtained":["Injury"]},{"damage_healed":0,"gold_gain":175,"player_choice":"AGREE","damage_taken":0,"max_hp_gain":0,"max_hp_loss":0,"event_name":"Liars Game","floor":14,"gold_loss":0,"cards_obtained":["Doubt"]},{"damage_healed":0,"gold_gain":0,"player_choice":"Opened","damage_taken":0,"relics_obtained":["Omamori"],"max_hp_gain":0,"max_hp_loss":0,"event_name":"The Mausoleum","floor":19,"gold_loss":0,"cards_obtained":["Writhe"]},{"damage_healed":0,"gold_gain":0,"player_choice":"","damage_taken":6,"max_hp_gain":0,"max_hp_loss":0,"event_name":"Knowing Skull","floor":21,"potions_obtained":[],"gold_loss":0,"cards_obtained":[]}],"is_beta":false,"boss_relics":[{"not_picked":["Pandora\u0027s Box","Inserter"],"picked":"Cursed Key"}],"items_purged_floors":[13,20],"is_endless":false,"potions_floor_spawned":[3,8,11,22],"killed_by":"Book of Stabbing","ascension_level":3}}