{"host":"skr63qsdfgeey3it","time":1612223698,"event":{"mods":["BaseMod","Colored Map","Hubris","Minty Spire (QoL Compilation)","Replay The Spire","Spicy Shops","StSLib"],"gold_per_floor":[113,113,113,113,128,157,157,186,210,220,230,263,263,279,279,381,381,394,394,406,406,406,406,425,425,425],"floor_reached":25,"language":"ENG","playtime":753,"items_purged":[],"score":381,"play_id":"c929f804-63fb-4d8c-9942-8d9f9922d8ca","local_time":"20210201175458","is_ascension_mode":true,"campfire_choices":[{"data":"Sunder","floor":7,"key":"SMITH"},{"floor":13,"key":"REST"},{"data":"Beam Cell","floor":15,"key":"SMITH"},{"data":"ReplayTheSpireMod:Calculation Training","floor":23,"key":"SMITH"}],"circlet_count":0,"master_deck":["AscendersBane","Strike_B+1","Strike_B","Strike_B","Strike_B","Defend_B","Defend_B","Defend_B+2","Zap","Dualcast","Conserve Battery+1","Chaos","Sunder+1","Reprogram","Panic Button","All For One","ReplayTheSpireMod:Calculation Training+1","Beam Cell+1","hubris:SpecializedCircuitry","Gash","Reprogram+1","Shame","Gash","Auto Shields"],"relics":["Cracked Core","NeowsBlessing","StrikeDummy","Simple Rune","Blood Vial","Replay:Antivirus Software","Pen Nib","Nuclear Battery","hubris:SphereOfDissonance"],"acts_visited":["Exordium","TheCity"],"potions_floor_usage":[8,12,24,24],"damage_taken":[{"damage":0,"enemies":"2 Louse","floor":1,"turns":1},{"damage":0,"enemies":"Jaw Worm","floor":5,"turns":1},{"damage":0,"enemies":"3 Sentries","floor":6,"turns":1},{"damage":8,"enemies":"Gremlin Nob","floor":8,"turns":4},{"damage":5,"enemies":"Cultist","floor":10,"turns":3},{"damage":0,"enemies":"3 Louse","floor":11,"turns":2},{"damage":25,"enemies":"Lagavulin","floor":12,"turns":5},{"damage":0,"enemies":"Looter","floor":14,"turns":2},{"damage":48,"enemies":"Hexaghost","floor":16,"turns":10},{"damage":14,"enemies":"2 Thieves","floor":18,"turns":3},{"damage":11,"enemies":"Spheric Guardian","floor":20,"turns":3},{"damage":14,"enemies":"Snake Plant","floor":24,"turns":2},{"damage":36,"enemies":"Gremlin Leader","floor":25,"turns":4}],"seed_played":"1315879350806339052","potions_obtained":[{"floor":5,"key":"FairyPotion"},{"floor":6,"key":"SkillPotion"},{"floor":10,"key":"ColorlessPotion"},{"floor":16,"key":"Elixir"},{"floor":20,"key":"Adrenaline Potion"}],"is_trial":false,"path_per_floor":["M","?","?","T","M","E","R","E","T","M","M","E","R","M","R","B",null,"M","?","M","?","?","R","M","E"],"character_chosen":"DEFECT","items_purchased":[],"campfire_rested":1,"item_purchase_floors":[],"current_hp_per_floor":[68,53,53,53,53,53,53,45,45,42,44,21,43,45,45,22,62,50,50,41,41,41,41,29,0,0],"gold":425,"neow_bonus":"THREE_ENEMY_KILL","is_daily":false,"chose_seed":false,"campfire_upgraded":3,"win_rate":0.0,"timestamp":1612223698,"path_taken":["M","?","?","?","?","E","R","E","T","M","M","E","R","?","R","BOSS","M","?","M","?","?","R","?","E"],"items_purchased_type":[],"build_version":"2020-12-22","purchased_purges":0,"victory":false,"max_hp_per_floor":[75,75,75,75,75,75,75,75,75,75,75,75,75,75,75,75,75,75,75,75,75,75,75,75,75,75],"card_choices":[{"not_picked":["Compile Driver","Barrage"],"picked":"Conserve Battery","floor":1},{"not_picked":["Hello World","Force Field"],"picked":"Chaos","floor":5},{"not_picked":["Leap","Beam Cell"],"picked":"Sunder","floor":6},{"not_picked":["Static Discharge","Hologram"],"picked":"Reprogram","floor":8},{"not_picked":["Aggregate","Time Bomb"],"picked":"Panic Button","floor":10},{"not_picked":["Melter","Gash"],"picked":"All For One","floor":11},{"not_picked":["Skim","Steam"],"picked":"ReplayTheSpireMod:Calculation Training","floor":12},{"not_picked":["BasicCrystalCard","Conserve Battery"],"picked":"Beam Cell","floor":14},{"not_picked":["Biased Cognition","Machine Learning"],"picked":"hubris:SpecializedCircuitry","floor":16},{"not_picked":["Hello World","Coolheaded+1"],"picked":"Gash","floor":18},{"not_picked":["Compile Driver+1","BasicCrystalCard+1"],"picked":"Reprogram+1","floor":20},{"not_picked":["Sweeping Beam","Coolheaded"],"picked":"Auto Shields","floor":24}],"player_experience":849971,"relics_obtained":[{"floor":4,"key":"StrikeDummy"},{"floor":6,"key":"Simple Rune"},{"floor":8,"key":"Blood Vial"},{"floor":9,"key":"Replay:Antivirus Software"},{"floor":12,"key":"Pen Nib"}],"event_choices":[{"damage_healed":0,"gold_gain":0,"player_choice":"Entered Light","damage_taken":15,"max_hp_gain":0,"max_hp_loss":0,"event_name":"Shining Light","floor":2,"gold_loss":0,"cards_upgraded":["Defend_B","Conserve Battery"]},{"cards_removed":["Defend_B"],"damage_healed":0,"gold_gain":0,"player_choice":"Forget","damage_taken":0,"max_hp_gain":0,"max_hp_loss":0,"event_name":"Living Wall","floor":3,"gold_loss":0},{"damage_healed":0,"gold_gain":0,"player_choice":"Stole Relic","damage_taken":0,"relics_obtained":["hubris:SphereOfDissonance"],"max_hp_gain":0,"max_hp_loss":0,"event_name":"Addict","floor":21,"gold_loss":0,"cards_obtained":["Shame"]}],"is_beta":false,"boss_relics":[{"not_picked":["Replay:Drink Me","hubris:HollowSoul"],"picked":"Nuclear Battery"}],"items_purged_floors":[],"is_endless":false,"potions_floor_spawned":[5,6,10,11,16,20],"killed_by":"Gremlin Leader","ascension_level":11}}