{"host":"fuszjwm6fqgjjp4d","time":1612142511,"event":{"mods":["BaseMod","Bestiary","Colored Map","DeckTracker","Minty Spire (QoL Compilation)","Permanent Neow","Relic Sorter","Relic Stats","StSLib"],"gold_per_floor":[117,117,127,143,219,252,252,280,304,315,315,315,332,1,1,78,78,89,14,14,31,47,47,47,47],"floor_reached":24,"language":"ENG","playtime":766,"items_purged":[],"score":412,"play_id":"8c31b580-6677-4bd8-a163-b8ef7833040f","local_time":"20210131192151","is_ascension_mode":true,"campfire_choices":[{"data":"Capacitor","floor":7.0,"key":"SMITH"},{"data":"Storm","floor":11.0,"key":"SMITH"},{"data":"Chaos","floor":15,"key":"SMITH"},{"data":"Buffer","floor":23,"key":"SMITH"}],"circlet_count":0,"master_deck":["AscendersBane","Zap","Dualcast","Chaos+1","White Noise","Undo","Capacitor+1","Chaos+1","Seek","Ball Lightning","Glacier","Ball Lightning","Storm+1","Buffer+1","Skim+1","Tempest+1"],"relics":["Pandora\u0027s Box","Nunchaku","Vajra","Blood Vial","Toxic Egg 2","Ginger","Inserter"],"acts_visited":["Exordium","TheCity"],"potions_floor_usage":[18,18,21,22,24],"damage_taken":[{"damage":17.0,"enemies":"2 Louse","floor":1.0,"turns":4.0},{"damage":6.0,"enemies":"Cultist","floor":3.0,"turns":3.0},{"damage":12.0,"enemies":"Jaw Worm","floor":4.0,"turns":4.0},{"damage":21.0,"enemies":"3 Sentries","floor":6.0,"turns":8.0},{"damage":3.0,"enemies":"Lagavulin","floor":8.0,"turns":6.0},{"damage":1.0,"enemies":"Looter","floor":10.0,"turns":3.0},{"damage":7,"enemies":"Large Slime","floor":13,"turns":4},{"damage":12,"enemies":"Slime Boss","floor":16,"turns":8},{"damage":19,"enemies":"Shell Parasite","floor":18,"turns":6},{"damage":33,"enemies":"3 Byrds","floor":21,"turns":6},{"damage":8,"enemies":"Snecko","floor":22,"turns":7},{"damage":7,"enemies":"Snake Plant","floor":24,"turns":2}],"seed_played":"6975690470411399733","potions_obtained":[{"floor":1.0,"key":"Regen Potion"},{"floor":4.0,"key":"BlessingOfTheForge"},{"floor":8.0,"key":"Dexterity Potion"},{"floor":16,"key":"EntropicBrew"},{"floor":21,"key":"Fruit Juice"},{"floor":22,"key":"LiquidMemories"}],"is_trial":false,"path_per_floor":["M","?","M","M","?","E","R","E","T","M","R","T","M","$","R","B",null,"M","?","?","M","M","R","M"],"character_chosen":"DEFECT","items_purchased":["Ginger"],"campfire_rested":0,"item_purchase_floors":[14],"current_hp_per_floor":[47,47,41,41,41,20,20,17,17,18,18,18,13,13,13,3,54,37,37,37,11,5,5,0,0],"gold":47,"neow_bonus":"BOSS_RELIC","is_daily":false,"chose_seed":false,"campfire_upgraded":4,"win_rate":0.0,"timestamp":1612142511,"path_taken":["M","?","M","?","?","E","R","E","T","M","R","?","M","$","R","BOSS","M","?","?","M","M","R","?"],"items_purchased_type":["Relic"],"build_version":"2020-12-22","purchased_purges":0,"victory":false,"max_hp_per_floor":[71,71,71,71,71,71,71,71,71,71,71,71,71,71,71,71,71,71,71,71,76,76,76,76,76],"relic_stats":{"Blood Vial":14,"Nunchaku":[2],"Inserter":[10],"counters":[12,61],"Pandora\u0027s Box":["Chaos","White Noise","Aggregate","Undo","Capacitor","Chaos","All For One","Seek"],"Ginger":[5],"obtain_stats":[{"Blood Vial":9,"Nunchaku":6,"Inserter":17,"Vajra":8,"Pandora\u0027s Box":0,"Ginger":14,"Toxic Egg 2":12,"Cracked Core":0},{"Blood Vial":5,"Nunchaku":4,"Inserter":8,"Vajra":5,"Pandora\u0027s Box":0,"Ginger":7,"Toxic Egg 2":6,"Cracked Core":0},{"Blood Vial":25,"Nunchaku":19,"Inserter":40,"Vajra":25,"Pandora\u0027s Box":0,"Ginger":32,"Toxic Egg 2":28,"Cracked Core":0}]},"card_choices":[{"not_picked":["Undo","Rebound"],"picked":"Ball Lightning","floor":1.0},{"not_picked":["Scrape","Streamline","Skim"],"picked":"SKIP","floor":3.0},{"not_picked":["Coolheaded","Genetic Algorithm"],"picked":"Glacier","floor":4.0},{"not_picked":["Cold Snap","Steam","Redo"],"picked":"SKIP","floor":6.0},{"not_picked":["Genetic Algorithm","Tempest"],"picked":"Ball Lightning","floor":8.0},{"not_picked":["Fusion","Consume"],"picked":"Storm","floor":10.0},{"not_picked":["Stack+1","Auto Shields+1","Beam Cell"],"picked":"SKIP","floor":13},{"not_picked":["Multi-Cast+1","Reboot+1"],"picked":"Buffer","floor":16},{"not_picked":["Rebound","Go for the Eyes","Barrage"],"picked":"SKIP","floor":18},{"not_picked":["Cold Snap","Stack+1"],"picked":"Skim+1","floor":21},{"not_picked":["Fusion+1","Turbo+1"],"picked":"Tempest+1","floor":22}],"player_experience":1410525,"relics_obtained":[{"floor":6.0,"key":"Nunchaku"},{"floor":8.0,"key":"Vajra"},{"floor":9.0,"key":"Blood Vial"},{"floor":12.0,"key":"Toxic Egg 2"}],"event_choices":[{"damage_healed":0.0,"max_hp_gain":0.0,"max_hp_loss":0.0,"gold_gain":0.0,"event_name":"Upgrade Shrine","player_choice":"Upgraded","floor":2.0,"gold_loss":0.0,"damage_taken":0.0,"cards_upgraded":["Chaos"]},{"damage_healed":0.0,"max_hp_gain":0.0,"max_hp_loss":0.0,"gold_gain":76.0,"event_name":"Golden Wing","player_choice":"Gained Gold","floor":5.0,"gold_loss":0.0,"damage_taken":0.0},{"cards_removed":["Aggregate"],"damage_healed":0,"gold_gain":0,"player_choice":"Gave Gold","damage_taken":0,"max_hp_gain":0,"max_hp_loss":0,"event_name":"Beggar","floor":19,"gold_loss":75},{"cards_removed":["All For One"],"damage_healed":0,"gold_gain":0,"player_choice":"Purged","damage_taken":0,"max_hp_gain":0,"max_hp_loss":0,"event_name":"Purifier","floor":20,"gold_loss":0}],"is_beta":false,"boss_relics":[{"not_picked":["Coffee Dripper","SacredBark"],"picked":"Inserter"}],"items_purged_floors":[],"is_endless":false,"potions_floor_spawned":[1,4,8,16,21,22],"killed_by":"Snake Plant","ascension_level":20}}