{"host":"ypzb5vvnu9f3ii1t","time":1612186312,"event":{"mods":["AchievementEnabler","BaseMod","Colored Map","DeckTracker","Keyboard Shortcuts","Minty Spire (QoL Compilation)","Permanent Neow","Quick Restart","SuperFastMode"],"gold_per_floor":[16,16,32,32,52,52,52,52,78,104,124,124,124,135,135,238,238,253,270,64,64,0,26,26,26,26,0,20,49,66,15,15,113,163,179,179,4,4,4,4,23,23,78,78,78],"floor_reached":44,"language":"KOR","playtime":1870,"items_purged":["Defend_G"],"score":644,"play_id":"f60c3dcc-33cb-426b-a6fa-0fcaee4f3c70","local_time":"20210201223152","is_ascension_mode":true,"campfire_choices":[{"data":"1","floor":6.0,"key":"LIFT"},{"data":"2","floor":8.0,"key":"LIFT"},{"data":"3","floor":12.0,"key":"LIFT"},{"floor":15.0,"key":"REST"},{"floor":24,"key":"REST"},{"floor":32,"key":"REST"},{"floor":40,"key":"REST"},{"data":"Dodge and Roll","floor":42,"key":"SMITH"}],"circlet_count":0,"master_deck":["Strike_G","Strike_G","Defend_G+1","Survivor","Neutralize","Infinite Blades","Blur","Escape Plan+1","Cloak And Dagger+1","Infinite Blades","Adrenaline","Dodge and Roll+1","Infinite Blades","Blade Dance","PiercingWail","Escape Plan","Blade Dance","Storm of Steel+1","Blur","Bandage Up"],"relics":["Ring of the Snake","Girya","War Paint","Bag of Marbles","Empty Cage","Anchor","Frozen Egg 2","CaptainsWheel","Tiny House","Regal Pillow"],"acts_visited":["Exordium","TheCity","TheBeyond"],"potions_floor_usage":[23,23,29,30,33,33,37,44,44],"damage_taken":[{"damage":2.0,"enemies":"Small Slimes","floor":1.0,"turns":4.0},{"damage":0.0,"enemies":"Cultist","floor":3.0,"turns":4.0},{"damage":8.0,"enemies":"Jaw Worm","floor":5.0,"turns":6.0},{"damage":2.0,"enemies":"Lagavulin","floor":10.0,"turns":6.0},{"damage":0.0,"enemies":"Large Slime","floor":11.0,"turns":3.0},{"damage":0.0,"enemies":"3 Louse","floor":14.0,"turns":2.0},{"damage":19.0,"enemies":"The Guardian","floor":16.0,"turns":13.0},{"damage":2.0,"enemies":"Shell Parasite","floor":18.0,"turns":5.0},{"damage":16,"enemies":"2 Thieves","floor":19,"turns":4},{"damage":27,"enemies":"Gremlin Leader","floor":23,"turns":8},{"damage":0,"enemies":"Snake Plant","floor":28,"turns":5},{"damage":31,"enemies":"Slavers","floor":29,"turns":6},{"damage":0,"enemies":"Snecko","floor":30,"turns":4},{"damage":14,"enemies":"Automaton","floor":33,"turns":5},{"damage":25,"enemies":"3 Darklings","floor":35,"turns":5},{"damage":0,"enemies":"3 Shapes","floor":41,"turns":3},{"damage":76,"enemies":"Nemesis","floor":44,"turns":5}],"seed_played":"-4561841833032700042","potions_obtained":[{"floor":1.0,"key":"LiquidMemories"},{"floor":3.0,"key":"Fire Potion"},{"floor":11.0,"key":"Poison Potion"},{"floor":16.0,"key":"BlessingOfTheForge"},{"floor":18.0,"key":"Poison Potion"},{"floor":19,"key":"SkillPotion"},{"floor":29,"key":"Fire Potion"},{"floor":30,"key":"SkillPotion"},{"floor":34,"key":"CultistPotion"},{"floor":35,"key":"Weak Potion"}],"is_trial":false,"path_per_floor":["M","?","M","$","M","R","?","R","T","E","M","R","?","M","R","B",null,"M","M","$","?","?","E","R","?","T","$","M","E","M","$","R","B",null,"M","?","$","?","$","R","M","R","T","E"],"character_chosen":"THE_SILENT","items_purchased":["Dodge and Roll","Infinite Blades","PiercingWail","ColorlessPotion","Fruit Juice","DuplicationPotion"],"campfire_rested":4,"item_purchase_floors":[20,20,27,31,37,37],"current_hp_per_floor":[61,61,61,61,53,53,53,53,53,51,51,51,44,44,65,46,64,62,46,46,46,46,19,40,40,40,40,40,9,9,9,30,16,62,37,37,42,42,42,66,70,70,70,0,0],"gold":78,"neow_bonus":"ONE_RARE_RELIC","is_daily":false,"chose_seed":false,"campfire_upgraded":1,"win_rate":0.0,"timestamp":1612186312,"path_taken":["M","?","M","$","M","R","?","R","T","E","?","R","?","M","R","BOSS","M","M","$","?","?","E","R","?","T","?","M","E","?","?","R","BOSS","M","?","?","?","?","R","?","R","T","E"],"items_purchased_type":["Card","Card","Card","Potion","Potion","Potion"],"build_version":"2020-12-22","purchased_purges":1,"victory":false,"max_hp_per_floor":[70,70,70,70,70,70,70,70,70,70,70,70,70,70,70,70,70,70,70,70,70,70,70,70,70,70,70,70,70,70,70,70,70,75,75,75,80,80,80,80,80,80,80,80,80],"card_choices":[{"not_picked":["Heel Hook","Flechettes","Catalyst"],"picked":"SKIP","floor":1.0},{"not_picked":["Eviscerate","Prepared"],"picked":"Blur","floor":3.0},{"not_picked":["All Out Attack","Choke"],"picked":"Escape Plan","floor":5.0},{"not_picked":["Setup","Calculated Gamble"],"picked":"Infinite Blades","floor":10.0},{"not_picked":["Outmaneuver","Prepared","Cloak And Dagger"],"picked":"SKIP","floor":11.0},{"not_picked":["Cloak And Dagger","Reflex","Deadly Poison"],"picked":"SKIP","floor":14.0},{"not_picked":["Bullet Time","Glass Knife"],"picked":"Adrenaline","floor":16.0},{"not_picked":["Deadly Poison","Heel Hook","Poisoned Stab+1"],"picked":"SKIP","floor":18.0},{"not_picked":["Catalyst","Acrobatics","Reflex"],"picked":"SKIP","floor":19},{"not_picked":["Concentrate","Finisher"],"picked":"Blade Dance","floor":23},{"not_picked":["Flechettes","Dodge and Roll","All Out Attack"],"picked":"SKIP","floor":28},{"not_picked":["Deflect","Caltrops+1"],"picked":"Escape Plan","floor":29},{"not_picked":["Prepared","Well Laid Plans+1"],"picked":"Blade Dance","floor":30},{"not_picked":["Phantasmal Killer","Bullet Time"],"picked":"Storm of Steel","floor":33},{"not_picked":["Sucker Punch+1","Flying Knee"],"picked":"Blur","floor":34},{"not_picked":["Outmaneuver+1","Flying Knee","Underhanded Strike+1"],"picked":"SKIP","floor":35},{"not_picked":["Madness","Impatience"],"picked":"Bandage Up","floor":38},{"not_picked":["Noxious Fumes+1","Sucker Punch+1","Well Laid Plans+1"],"picked":"SKIP","floor":41}],"player_experience":155915,"relics_obtained":[{"floor":9.0,"key":"War Paint"},{"floor":10.0,"key":"Bag of Marbles"},{"floor":23,"key":"Anchor"},{"floor":26,"key":"Frozen Egg 2"},{"floor":29,"key":"CaptainsWheel"},{"floor":43,"key":"Regal Pillow"}],"event_choices":[{"damage_healed":0.0,"max_hp_gain":0.0,"max_hp_loss":0.0,"gold_gain":0.0,"cards_transformed":["Strike_G"],"event_name":"Living Wall","player_choice":"Change","floor":2.0,"gold_loss":0.0,"damage_taken":0.0,"cards_obtained":["Infinite Blades"]},{"damage_healed":0.0,"max_hp_gain":0.0,"max_hp_loss":0.0,"gold_gain":0.0,"cards_transformed":["Defend_G"],"event_name":"Transmorgrifier","player_choice":"Transformed","floor":7.0,"gold_loss":0.0,"damage_taken":0.0,"cards_obtained":["Cloak And Dagger"]},{"cards_removed":["Strike_G"],"damage_healed":0.0,"max_hp_gain":0.0,"max_hp_loss":0.0,"gold_gain":0.0,"event_name":"Golden Wing","player_choice":"Card Removal","floor":13.0,"gold_loss":0.0,"damage_taken":7.0},{"cards_removed":["Defend_G"],"damage_healed":0,"gold_gain":0,"player_choice":"Elegance","damage_taken":0,"max_hp_gain":0,"max_hp_loss":0,"event_name":"Back to Basics","floor":21,"gold_loss":0},{"damage_healed":0,"gold_gain":0,"player_choice":"Paid Fearfully","damage_taken":0,"max_hp_gain":0,"max_hp_loss":0,"event_name":"Masked Bandits","floor":22,"gold_loss":64},{"damage_healed":0,"gold_gain":0,"player_choice":"Ignored","damage_taken":0,"max_hp_gain":0,"max_hp_loss":0,"event_name":"Cursed Tome","floor":25,"gold_loss":0},{"damage_healed":0,"gold_gain":0,"player_choice":"Forge","damage_taken":0,"max_hp_gain":0,"max_hp_loss":0,"event_name":"Accursed Blacksmith","floor":36,"gold_loss":0,"cards_upgraded":["Storm of Steel"]},{"damage_healed":0,"gold_gain":0,"player_choice":"Memory 1","damage_taken":0,"max_hp_gain":0,"max_hp_loss":0,"event_name":"SensoryStone","floor":38,"gold_loss":0}],"is_beta":false,"boss_relics":[{"not_picked":["Runic Pyramid","Runic Dome"],"picked":"Empty Cage"},{"not_picked":["SacredBark","Ring of the Serpent"],"picked":"Tiny House"}],"items_purged_floors":[20],"is_endless":false,"potions_floor_spawned":[1,3,11,16,18,19,29,30,35,41],"killed_by":"Nemesis","ascension_level":8}}