{"host":"15dd7v8o90xso62x","time":1612196232,"event":{"mods":["BaseMod","Minty Spire (QoL Compilation)","Quick Restart","StSLib","SuperFastMode"],"gold_per_floor":[12,25,107,117,132,157,157,82,82,92,109,184,184,217,217,296,296,313,67,77,106,126,153,153,153,153,169,169,169],"floor_reached":28,"language":"KOR","playtime":1078,"items_purged":["Strike_G"],"score":500,"play_id":"715712a6-49d0-4bb7-a1ad-38db4618c6f3","local_time":"20210202011712","is_ascension_mode":true,"campfire_choices":[{"data":"Glass Knife","floor":13.0,"key":"SMITH"},{"data":"Crippling Poison","floor":15.0,"key":"SMITH"},{"floor":24,"key":"REST"}],"circlet_count":0,"master_deck":["AscendersBane","Strike_G","Strike_G","Strike_G","Strike_G","Defend_G","Defend_G","Defend_G","Defend_G+1","Defend_G","Survivor","Neutralize","Glass Knife+1","Crippling Poison+1","Dash","Footwork+1","Deadly Poison+1","Backflip+1","PiercingWail+1","Bouncing Flask+1","Catalyst+1","Calculated Gamble+1","Escape Plan+1","Dodge and Roll+1"],"relics":["Ring of the Snake","White Beast Statue","War Paint","Toxic Egg 2","Singing Bowl","SlaversCollar","Orrery","Red Mask","HornCleat","Blue Candle"],"acts_visited":["TheCity"],"potions_floor_usage":[21,22,22,23,27,28],"damage_taken":[{"damage":3.0,"enemies":"Cultist","floor":1.0,"turns":4.0},{"damage":1.0,"enemies":"Small Slimes","floor":2.0,"turns":4.0},{"damage":0.0,"enemies":"Jaw Worm","floor":4.0,"turns":4.0},{"damage":3.0,"enemies":"Looter","floor":5.0,"turns":3.0},{"damage":42.0,"enemies":"Gremlin Nob","floor":6.0,"turns":5.0},{"damage":8.0,"enemies":"Gremlin Gang","floor":10.0,"turns":5.0},{"damage":0.0,"enemies":"Exordium Wildlife","floor":11.0,"turns":5.0},{"damage":2.0,"enemies":"3 Sentries","floor":14.0,"turns":6.0},{"damage":6.0,"enemies":"Hexaghost","floor":16.0,"turns":9.0},{"damage":0.0,"enemies":"3 Byrds","floor":18.0,"turns":3.0},{"damage":16.0,"enemies":"2 Thieves","floor":20.0,"turns":4.0},{"damage":28,"enemies":"Masked Bandits","floor":21,"turns":6},{"damage":13,"enemies":"Shelled Parasite and Fungi","floor":22,"turns":7},{"damage":22,"enemies":"Slavers","floor":23,"turns":7},{"damage":0,"enemies":"Sentry and Sphere","floor":27,"turns":6},{"damage":24,"enemies":"Book of Stabbing","floor":28,"turns":4}],"seed_played":"8521436723962141092","potions_obtained":[{"floor":2.0,"key":"GamblersBrew"},{"floor":4.0,"key":"FairyPotion"},{"floor":5.0,"key":"EntropicBrew"},{"floor":10.0,"key":"AttackPotion"},{"floor":14.0,"key":"EntropicBrew"},{"floor":16.0,"key":"ColorlessPotion"},{"floor":18.0,"key":"BlessingOfTheForge"},{"floor":20.0,"key":"SteroidPotion"},{"floor":21,"key":"SkillPotion"},{"floor":22,"key":"DuplicationPotion"},{"floor":23,"key":"EssenceOfSteel"},{"floor":27,"key":"CunningPotion"}],"is_trial":false,"path_per_floor":["M","M","T","M","M","E","?","$","T","M","M","?","R","E","R","B",null,"M","$","M","?","M","E","R","?","T","M","E"],"character_chosen":"THE_SILENT","items_purchased":["Bouncing Flask+1","Orrery"],"campfire_rested":1,"item_purchase_floors":[19,19],"current_hp_per_floor":[56,55,55,55,52,10,6,6,6,19,19,8,8,8,8,19,57,57,61,45,19,23,3,27,27,27,29,5,5],"gold":169,"neow_bonus":"THREE_RARE_CARDS","is_daily":false,"chose_seed":false,"campfire_upgraded":2,"win_rate":0.0,"timestamp":1612196232,"path_taken":["M","?","?","M","M","E","?","$","T","M","?","?","R","E","R","BOSS","M","$","M","?","M","E","R","?","T","M","E"],"items_purchased_type":["Card","Relic"],"build_version":"2020-12-22","purchased_purges":1,"victory":false,"max_hp_per_floor":[66,66,66,66,66,66,66,66,66,66,66,66,66,68,68,70,70,70,74,74,76,78,80,80,80,80,82,82,82],"card_choices":[{"not_picked":["Malaise","Envenom"],"picked":"Glass Knife","floor":0.0},{"not_picked":["Sucker Punch","Prepared"],"picked":"Crippling Poison","floor":1.0},{"not_picked":["Cloak And Dagger","Slice"],"picked":"Dash","floor":2.0},{"not_picked":["Underhanded Strike","Leg Sweep","Masterful Stab"],"picked":"SKIP","floor":4.0},{"not_picked":["Reflex","Predator"],"picked":"Footwork","floor":5.0},{"not_picked":["Acrobatics","Dodge and Roll"],"picked":"Deadly Poison","floor":6.0},{"not_picked":["Sucker Punch","Deadly Poison+1","Dagger Throw"],"picked":"SKIP","floor":10.0},{"not_picked":["Caltrops","Sucker Punch"],"picked":"Backflip+1","floor":11.0},{"not_picked":["All Out Attack","Expertise+1","Deadly Poison+1"],"picked":"Singing Bowl","floor":14.0},{"not_picked":["Die Die Die","Storm of Steel+1","Glass Knife"],"picked":"Singing Bowl","floor":16.0},{"not_picked":["Blade Dance+1","Dagger Spray"],"picked":"PiercingWail+1","floor":18.0},{"not_picked":["Deflect+1","Flying Knee","Sucker Punch"],"picked":"Singing Bowl","floor":19.0},{"not_picked":["Eviscerate","Deadly Poison+1","Dagger Spray"],"picked":"Singing Bowl","floor":19.0},{"not_picked":["Storm of Steel+1","Distraction+1"],"picked":"Catalyst+1","floor":19.0},{"not_picked":["Dagger Throw","Masterful Stab"],"picked":"Calculated Gamble+1","floor":19.0},{"not_picked":["Choke","Concentrate+1"],"picked":"Escape Plan+1","floor":19.0},{"not_picked":["Poisoned Stab+1","Backflip+1"],"picked":"Dodge and Roll+1","floor":20.0},{"not_picked":["Sucker Punch","Dagger Spray","PiercingWail+1"],"picked":"Singing Bowl","floor":21},{"not_picked":["Setup+1","Die Die Die","Eviscerate"],"picked":"Singing Bowl","floor":22},{"not_picked":["PiercingWail+1","Backstab","Cloak And Dagger+1"],"picked":"Singing Bowl","floor":23},{"not_picked":["Bouncing Flask+1","Eviscerate","PiercingWail+1"],"picked":"Singing Bowl","floor":27}],"player_experience":925907,"relics_obtained":[{"floor":3.0,"key":"White Beast Statue"},{"floor":6.0,"key":"War Paint"},{"floor":9.0,"key":"Toxic Egg 2"},{"floor":14.0,"key":"Singing Bowl"},{"floor":21,"key":"Red Mask"},{"floor":23,"key":"HornCleat"},{"floor":26,"key":"Blue Candle"}],"event_choices":[{"damage_healed":0.0,"max_hp_gain":0.0,"max_hp_loss":0.0,"gold_gain":0.0,"event_name":"The Woman in Blue","player_choice":"Bought 0 Potions","floor":7.0,"gold_loss":0.0,"damage_taken":0.0},{"damage_healed":0.0,"max_hp_gain":0.0,"max_hp_loss":0.0,"gold_gain":75.0,"event_name":"World of Goop","player_choice":"Gather Gold","floor":12.0,"gold_loss":0.0,"damage_taken":11.0},{"damage_healed":0,"gold_gain":0,"player_choice":"Fought Bandits","damage_taken":0,"max_hp_gain":0,"max_hp_loss":0,"event_name":"Masked Bandits","floor":21,"gold_loss":0},{"damage_healed":0,"gold_gain":0,"player_choice":"Forge","damage_taken":0,"max_hp_gain":0,"max_hp_loss":0,"event_name":"Accursed Blacksmith","floor":25,"gold_loss":0,"cards_upgraded":["Footwork"]}],"is_beta":false,"boss_relics":[{"not_picked":["Snecko Eye","Runic Pyramid"],"picked":"SlaversCollar"}],"items_purged_floors":[8],"is_endless":false,"potions_floor_spawned":[2,4,5,6,10,11,14,16,18,20,21,22,23,27],"killed_by":"Book of Stabbing","ascension_level":20}}