{"host":"8is2j71l4wmybkoi","time":1612162020,"event":{"mods":["AchievementEnabler","BaseMod","Colored Map","Minty Spire (QoL Compilation)","Rare Cards Sparkle","StSLib","SuperFastMode"],"gold_per_floor":[110,110,110,124,49,49,49,64,64,76,76,76,93,111,111,209,209,223,148,148,158,158,192,192,221,221,239,239,20,35,35,35,35,35],"floor_reached":33,"language":"KOR","playtime":908,"items_purged":["Strike_B","Defend_B"],"score":300,"play_id":"5c732a4d-4172-4c44-ab46-c40ef44b0efa","local_time":"20210201154700","daily_mods":["Diverse","Heirloom"],"is_ascension_mode":false,"campfire_choices":[{"data":"Zap","floor":7,"key":"SMITH"},{"data":"ForeignInfluence","floor":12,"key":"SMITH"},{"data":"Dualcast","floor":15,"key":"SMITH"},{"data":"Bludgeon","floor":24,"key":"SMITH"},{"data":"Exhume","floor":28,"key":"SMITH"},{"data":"Ghostly","floor":32,"key":"SMITH"}],"circlet_count":0,"master_deck":["Strike_B+1","Defend_B","Zap+1","Dualcast+1","Compile Driver+1","Skim","WheelKick","Disarm","ForeignInfluence+1","Tantrum","Bludgeon+1","Dual Wield+1","RitualDagger","Pray","Demon Form","Go for the Eyes","Exhume+1","Ghostly+1","Ghostly","Ghostly","Ghostly","Ghostly"],"relics":["Cracked Core","Emotion Chip","Blood Vial","PreservedInsect","Symbiotic Virus","Black Star","Smiling Mask","Gambling Chip","Bag of Marbles","Strawberry","Membership Card"],"acts_visited":["Exordium","TheCity"],"potions_floor_usage":[16,23,23,33,33],"damage_taken":[{"damage":0,"enemies":"2 Louse","floor":1,"turns":2},{"damage":6,"enemies":"Jaw Worm","floor":4,"turns":3},{"damage":0,"enemies":"Small Slimes","floor":8,"turns":2},{"damage":0,"enemies":"3 Louse","floor":10,"turns":2},{"damage":0,"enemies":"2 Fungi Beasts","floor":13,"turns":2},{"damage":2,"enemies":"Exordium Wildlife","floor":14,"turns":2},{"damage":27,"enemies":"Slime Boss","floor":16,"turns":5},{"damage":12,"enemies":"Shell Parasite","floor":18,"turns":2},{"damage":4,"enemies":"3 Byrds","floor":21,"turns":4},{"damage":10,"enemies":"Slavers","floor":23,"turns":4},{"damage":20,"enemies":"Book of Stabbing","floor":25,"turns":3},{"damage":15,"enemies":"Snake Plant","floor":27,"turns":2},{"damage":0,"enemies":"3 Cultists","floor":30,"turns":2},{"damage":112,"enemies":"Automaton","floor":33,"turns":6}],"seed_played":"3383952308493680934","potions_obtained":[{"floor":1,"key":"SteroidPotion"},{"floor":8,"key":"Swift Potion"},{"floor":10,"key":"Fire Potion"},{"floor":14,"key":"FocusPotion"},{"floor":21,"key":"ColorlessPotion"},{"floor":27,"key":"EssenceOfSteel"}],"is_trial":true,"path_per_floor":["M","?","?","M","$","?","R","M","T","M","T","R","M","M","R","B",null,"M","?","?","M","?","E","R","E","T","M","R","$","M","?","R","B"],"character_chosen":"DEFECT","items_purchased":["Membership Card","FocusPotion"],"campfire_rested":0,"item_purchase_floors":[29,29],"current_hp_per_floor":[75,72,72,68,68,53,53,55,55,57,57,57,59,59,59,34,75,63,63,57,55,55,47,47,36,36,23,23,23,25,25,25,0,0],"gold":35,"neow_bonus":"","is_daily":false,"chose_seed":false,"campfire_upgraded":6,"win_rate":0.0,"timestamp":1612162020,"path_taken":["M","?","?","M","$","?","R","M","T","M","?","R","?","M","R","BOSS","M","?","?","M","?","E","R","E","T","M","R","$","M","?","R","BOSS"],"items_purchased_type":["Relic","Potion"],"build_version":"2020-12-22","purchased_purges":2,"victory":false,"max_hp_per_floor":[75,75,75,75,75,75,75,75,75,75,75,75,75,75,75,75,75,75,75,75,75,75,75,75,82,82,82,82,82,82,41,41,41,41],"card_choices":[{"not_picked":["Clothesline","LikeWater"],"picked":"Compile Driver","floor":1},{"not_picked":["Expertise","Leap"],"picked":"WheelKick","floor":4},{"not_picked":["PathToVictory","FlyingSleeves"],"picked":"Disarm","floor":8},{"not_picked":["Cold Snap","Deadly Poison"],"picked":"ForeignInfluence","floor":10},{"not_picked":["Heatsinks","Flex"],"picked":"Tantrum","floor":13},{"not_picked":["Flechettes","Warcry","Tantrum"],"picked":"SKIP","floor":14},{"not_picked":["Corpse Explosion","A Thousand Cuts"],"picked":"Bludgeon","floor":16},{"not_picked":["Prepared","BowlingBash"],"picked":"Dual Wield+1","floor":18},{"not_picked":["Evaluate+1","Poisoned Stab"],"picked":"Pray","floor":21},{"not_picked":["Warcry","Pummel","Flying Knee"],"picked":"SKIP","floor":23},{"not_picked":["True Grit","Shockwave"],"picked":"Exhume","floor":25},{"not_picked":["Streamline","Underhanded Strike","Body Slam"],"picked":"SKIP","floor":27},{"not_picked":["Headbutt","Armaments","Compile Driver+1"],"picked":"SKIP","floor":30}],"player_experience":896861,"relics_obtained":[{"floor":9,"key":"PreservedInsect"},{"floor":11,"key":"Symbiotic Virus"},{"floor":23,"key":"Smiling Mask"},{"floor":23,"key":"Gambling Chip"},{"floor":25,"key":"Bag of Marbles"},{"floor":25,"key":"Strawberry"}],"event_choices":[{"damage_healed":0,"gold_gain":0,"player_choice":"Success","damage_taken":3,"relics_obtained":["Blood Vial"],"max_hp_gain":0,"max_hp_loss":0,"event_name":"Scrap Ooze","floor":2,"gold_loss":0},{"damage_healed":0,"gold_gain":0,"cards_transformed":["Strike_B"],"player_choice":"Change","damage_taken":0,"max_hp_gain":0,"max_hp_loss":0,"event_name":"Living Wall","floor":3,"gold_loss":0,"cards_obtained":["Skim"]},{"damage_healed":0,"gold_gain":0,"player_choice":"Entered Light","damage_taken":15,"max_hp_gain":0,"max_hp_loss":0,"event_name":"Shining Light","floor":6,"gold_loss":0,"cards_upgraded":["Strike_B","Compile Driver"]},{"cards_removed":["Strike_B"],"damage_healed":0,"gold_gain":0,"player_choice":"Gave Gold","damage_taken":0,"max_hp_gain":0,"max_hp_loss":0,"event_name":"Beggar","floor":19,"gold_loss":75},{"damage_healed":0,"gold_gain":0,"player_choice":"Joined the Cult","damage_taken":6,"max_hp_gain":0,"max_hp_loss":0,"event_name":"Nest","floor":20,"gold_loss":0,"cards_obtained":["RitualDagger"]},{"damage_healed":0,"gold_gain":0,"cards_transformed":["Defend_B","Defend_B"],"player_choice":"Became Test Subject","damage_taken":0,"max_hp_gain":0,"max_hp_loss":0,"event_name":"Drug Dealer","floor":22,"gold_loss":0,"cards_obtained":["Demon Form","Go for the Eyes"]},{"damage_healed":0,"gold_gain":0,"player_choice":"Became a Ghost","damage_taken":0,"max_hp_gain":0,"max_hp_loss":41,"event_name":"Ghosts","floor":31,"gold_loss":0,"cards_obtained":["Ghostly","Ghostly","Ghostly","Ghostly","Ghostly"]}],"is_beta":false,"boss_relics":[{"not_picked":["Ectoplasm","SlaversCollar"],"picked":"Black Star"}],"items_purged_floors":[5,29],"is_endless":false,"potions_floor_spawned":[1,8,10,14,21,27,30],"killed_by":"Automaton","ascension_level":0}}