{"host":"ixpjvd0r4p7lnmut","time":1612157059,"event":{"mods":["Act Like it!","BaseMod","Block Reminder","Colored Map","Colored Powertips","Hallownest","Minty Spire (QoL Compilation)","Rare Cards Sparkle","Relic Stats","StSLib","The Bug Knight"],"gold_per_floor":[115,135,147,66,66,95,95,127,127,127,127,89,89,101,101,101,101],"floor_reached":16,"language":"ENG","playtime":832,"items_purged":[],"score":108,"play_id":"e1c738bf-f8fa-42c8-a4d0-bb47bb233a69","local_time":"20210131212419","is_ascension_mode":false,"campfire_choices":[{"floor":7,"key":"REST"},{"floor":10,"key":"REST"},{"floor":11,"key":"REST"},{"floor":15,"key":"REST"}],"circlet_count":0,"master_deck":["HollowMod:NailStrikeStart","HollowMod:NailStrikeStart","HollowMod:NailStrikeStart","HollowMod:NailStrikeStart","HollowMod:QuickDashStart","HollowMod:QuickDashStart","HollowMod:QuickDashStart","HollowMod:QuickDashStart","HollowMod:FocusHealStart","HollowMod:PogoStrike","HollowMod:Grubsong","HollowMod:DungDefenderAura","HollowMod:BrokenVessel","HollowMod:MawleksShell","HollowMod:GreatSlash","HollowMod:CloakDash","HollowMod:NewGlowingWomb","HollowMod:MylasSalvation"],"relics":["HollowMod:VesselMask","Anchor","Peace Pipe","Bottled Lightning","Juzu Bracelet","WingedGreaves"],"acts_visited":["Exordium"],"potions_floor_usage":[8,8,16,16],"damage_taken":[{"damage":0,"enemies":"2 Louse","floor":1,"turns":3},{"damage":0,"enemies":"Small Slimes","floor":2,"turns":3},{"damage":0,"enemies":"Jaw Worm","floor":3,"turns":4},{"damage":67,"enemies":"Lagavulin","floor":6,"turns":14},{"damage":13,"enemies":"3 Sentries","floor":8,"turns":5},{"damage":43,"enemies":"Exordium Thugs","floor":14,"turns":6},{"damage":68,"enemies":"The Guardian","floor":16,"turns":11}],"seed_played":"4462817274567779982","potions_obtained":[{"floor":1,"key":"SneckoOil"},{"floor":6,"key":"Explosive Potion"},{"floor":8,"key":"Swift Potion"},{"floor":14,"key":"LiquidBronze"}],"is_trial":false,"path_per_floor":["M","M","M","$","?","E","R","E","T","R","R","$","?","M","R","B"],"character_chosen":"THE_BUGKNIGHT","items_purchased":["HollowMod:MawleksShell","HollowMod:NewGlowingWomb"],"campfire_rested":4,"item_purchase_floors":[4,12],"current_hp_per_floor":[75,75,75,75,63,8,30,27,27,49,71,71,71,34,56,0,0],"gold":101,"neow_bonus":"RANDOM_COMMON_RELIC","is_daily":false,"chose_seed":false,"campfire_upgraded":0,"win_rate":0.0,"timestamp":1612157059,"path_taken":["M","M","M","$","?","E","R","E","T","R","R","$","?","M","R","BOSS"],"items_purchased_type":["Card","Card"],"build_version":"2020-12-22","purchased_purges":0,"victory":false,"max_hp_per_floor":[75,75,75,75,75,75,75,75,75,75,75,75,75,75,75,75,75],"relic_stats":{"Peace Pipe":0,"counters":[7,46],"Juzu Bracelet":0,"obtain_stats":[{"Peace Pipe":5,"Anchor":0,"HollowMod:VesselMask":0,"WingedGreaves":9,"Juzu Bracelet":8,"Bottled Lightning":6},{"Peace Pipe":3,"Anchor":0,"HollowMod:VesselMask":0,"WingedGreaves":5,"Juzu Bracelet":5,"Bottled Lightning":4},{"Peace Pipe":10,"Anchor":0,"HollowMod:VesselMask":0,"WingedGreaves":29,"Juzu Bracelet":29,"Bottled Lightning":24}]},"card_choices":[{"not_picked":["HollowMod:QuirrelsAssistance","HollowMod:SharpenedNail"],"picked":"HollowMod:Grubsong","floor":1},{"not_picked":["HollowMod:VengefulVoid","HollowMod:BlackTendrils"],"picked":"HollowMod:DungDefenderAura","floor":2},{"not_picked":["HollowMod:InfectedCysts","HollowMod:GrimmsGift"],"picked":"HollowMod:BrokenVessel","floor":3},{"not_picked":["HollowMod:FallenFury","HollowMod:VengefulVoid"],"picked":"HollowMod:GreatSlash","floor":6},{"not_picked":["HollowMod:HowlingWraiths","HollowMod:FastStrike"],"picked":"HollowMod:CloakDash","floor":8},{"not_picked":["HollowMod:WraithStrike","HollowMod:FastStrike","HollowMod:SiblingsShadow"],"picked":"SKIP","floor":14}],"player_experience":135782,"relics_obtained":[{"floor":6,"key":"Bottled Lightning"},{"floor":8,"key":"Juzu Bracelet"},{"floor":9,"key":"WingedGreaves"}],"event_choices":[{"damage_healed":0,"gold_gain":0,"player_choice":"Success","damage_taken":12,"relics_obtained":["Peace Pipe"],"max_hp_gain":0,"max_hp_loss":0,"event_name":"Scrap Ooze","floor":5,"gold_loss":0}],"is_beta":false,"boss_relics":[],"items_purged_floors":[],"is_endless":false,"potions_floor_spawned":[1,6,8,14],"killed_by":"The Guardian","ascension_level":0}}