{"host":"nwd160me4iqdtr8u","time":1612175411,"event":{"mods":["AchievementEnabler","Act Like it!","BaseMod","Colored Map","DeckTracker","Keyboard Shortcuts","Minty Spire (QoL Compilation)","Quick Restart","Rare Cards Sparkle","StSLib","SuperFastMode","everything is the same but u backflip on backflip"],"gold_per_floor":[110,123,123,133,143,184,184,19,45,45,67,67,86,107,107,190,190,151,2,28,55,74,74,74,87,87,33,43,65,86,86,86,86,86],"floor_reached":33,"language":"KOR","playtime":1543,"items_purged":["Strike_G"],"score":497,"play_id":"8e1fda62-756e-4957-808f-58a5f6240c3b","local_time":"20210201193011","is_ascension_mode":true,"campfire_choices":[{"floor":7.0,"key":"REST"},{"data":"Footwork","floor":10.0,"key":"SMITH"},{"data":"A Thousand Cuts","floor":15.0,"key":"SMITH"},{"floor":23.0,"key":"REST"},{"floor":32.0,"key":"REST"}],"circlet_count":0,"master_deck":["AscendersBane","Strike_G+1","Strike_G+1","Strike_G+1","Strike_G+1","Defend_G+1","Defend_G+1","Defend_G+1","Defend_G+1","Defend_G+1","Survivor","Neutralize","After Image","Dagger Throw","Footwork+1","A Thousand Cuts+1","Deadly Poison","Backflip","Reflex","PiercingWail","Prepared","Bouncing Flask","Die Die Die","Bane","Tactician","Noxious Fumes","Poisoned Stab+1","Underhanded Strike+1","Escape Plan"],"relics":["Ring of the Snake","CeramicFish","MealTicket","Akabeko","Runic Pyramid","Peace Pipe"],"acts_visited":["Exordium","TheCity"],"potions_floor_usage":[],"damage_taken":[{"damage":11.0,"enemies":"Small Slimes","floor":1.0,"turns":7.0},{"damage":3.0,"enemies":"Cultist","floor":2.0,"turns":5.0},{"damage":3.0,"enemies":"2 Louse","floor":4.0,"turns":3.0},{"damage":7.0,"enemies":"Large Slime","floor":5.0,"turns":8.0},{"damage":20.0,"enemies":"Lagavulin","floor":6.0,"turns":9.0},{"damage":5.0,"enemies":"Red Slaver","floor":11.0,"turns":5.0},{"damage":3.0,"enemies":"3 Louse","floor":13.0,"turns":5.0},{"damage":0.0,"enemies":"Blue Slaver","floor":14.0,"turns":6.0},{"damage":26.0,"enemies":"Hexaghost","floor":16.0,"turns":12.0},{"damage":28.0,"enemies":"2 Thieves","floor":18.0,"turns":5.0},{"damage":4.0,"enemies":"Spheric Guardian","floor":20.0,"turns":4.0},{"damage":14.0,"enemies":"Centurion and Healer","floor":21.0,"turns":10.0},{"damage":10.0,"enemies":"Snake Plant","floor":22.0,"turns":5.0},{"damage":0.0,"enemies":"Cultist and Chosen","floor":25.0,"turns":7.0},{"damage":0.0,"enemies":"Centurion and Healer","floor":28.0,"turns":8.0},{"damage":7.0,"enemies":"Chosen and Byrds","floor":29.0,"turns":7.0},{"damage":7.0,"enemies":"3 Cultists","floor":30.0,"turns":5.0},{"damage":57,"enemies":"Collector","floor":33,"turns":6}],"seed_played":"2823475100806887606","potions_obtained":[{"floor":1.0,"key":"Poison Potion"},{"floor":4.0,"key":"AttackPotion"},{"floor":6.0,"key":"Swift Potion"},{"floor":13.0,"key":"EssenceOfSteel"},{"floor":20.0,"key":"SkillPotion"},{"floor":22.0,"key":"AttackPotion"},{"floor":28.0,"key":"Explosive Potion"}],"is_trial":false,"path_per_floor":["M","M","?","M","M","E","R","$","T","R","M","$","M","M","R","B",null,"M","$","M","M","M","R","?","M","T","$","M","M","M","?","R","B"],"character_chosen":"THE_SILENT","items_purchased":["MealTicket","Tactician","Fire Potion"],"campfire_rested":3,"item_purchase_floors":[8,19,27],"current_hp_per_floor":[48,45,45,42,35,15,34,34,34,34,29,44,41,41,41,15,53,25,40,36,22,12,31,31,31,31,46,46,39,32,14,35,0,0],"gold":86,"neow_bonus":"ONE_RANDOM_RARE_CARD","is_daily":false,"chose_seed":false,"campfire_upgraded":2,"win_rate":0.0,"timestamp":1612175411,"path_taken":["M","M","?","M","M","E","R","$","T","R","?","?","M","?","R","BOSS","M","?","M","M","M","R","?","M","T","$","M","M","M","?","R","BOSS"],"items_purchased_type":["Relic","Card","Potion"],"build_version":"2020-12-22","purchased_purges":1,"victory":false,"max_hp_per_floor":[66,66,66,66,66,66,66,66,66,66,66,66,66,66,66,66,66,66,66,66,66,66,66,66,66,66,66,66,66,66,71,71,71,71],"card_choices":[{"not_picked":["Finisher","Masterful Stab"],"picked":"Dagger Throw","floor":1.0},{"not_picked":["Catalyst","Sucker Punch"],"picked":"Footwork","floor":2.0},{"not_picked":["Leg Sweep","Underhanded Strike"],"picked":"Deadly Poison","floor":4.0},{"not_picked":["Deflect","Dagger Spray"],"picked":"Backflip","floor":5.0},{"not_picked":["Masterful Stab","Deadly Poison"],"picked":"Reflex","floor":6.0},{"not_picked":["Cloak And Dagger","Quick Slash"],"picked":"PiercingWail","floor":11.0},{"not_picked":["Accuracy","Slice"],"picked":"Prepared","floor":13.0},{"not_picked":["Noxious Fumes","Flechettes"],"picked":"Bouncing Flask","floor":14.0},{"not_picked":["After Image","A Thousand Cuts"],"picked":"Die Die Die","floor":16.0},{"not_picked":["Dodge and Roll","Riddle With Holes"],"picked":"Bane","floor":18.0},{"not_picked":["Sucker Punch","Acrobatics"],"picked":"Noxious Fumes","floor":20.0},{"not_picked":["Well Laid Plans","Bane"],"picked":"Poisoned Stab+1","floor":21.0},{"not_picked":["Sucker Punch","Dash","Slice"],"picked":"SKIP","floor":22.0},{"not_picked":["Accuracy","Cloak And Dagger","Blade Dance"],"picked":"SKIP","floor":25.0},{"not_picked":["Skewer","Slice","A Thousand Cuts"],"picked":"SKIP","floor":28.0},{"not_picked":["Deadly Poison","Bane"],"picked":"Underhanded Strike+1","floor":29.0},{"not_picked":["Blade Dance","Doppelganger"],"picked":"Escape Plan","floor":30.0}],"player_experience":361106,"relics_obtained":[{"floor":6.0,"key":"CeramicFish"},{"floor":9.0,"key":"Akabeko"},{"floor":26.0,"key":"Peace Pipe"}],"event_choices":[{"damage_healed":0.0,"max_hp_gain":0.0,"max_hp_loss":0.0,"gold_gain":0.0,"event_name":"Match and Keep!","player_choice":"1 cards matched","floor":3.0,"gold_loss":0.0,"damage_taken":0.0,"cards_obtained":["A Thousand Cuts"]},{"damage_healed":0.0,"max_hp_gain":0.0,"max_hp_loss":0.0,"gold_gain":0.0,"event_name":"Back to Basics","player_choice":"Simplicity","floor":24.0,"gold_loss":0.0,"damage_taken":0.0,"cards_upgraded":["Strike_G","Strike_G","Strike_G","Strike_G","Defend_G","Defend_G","Defend_G","Defend_G","Defend_G"]},{"damage_healed":0.0,"max_hp_gain":5.0,"max_hp_loss":0.0,"gold_gain":0.0,"event_name":"Forgotten Altar","player_choice":"Shed Blood","floor":31.0,"gold_loss":0.0,"damage_taken":23.0}],"is_beta":false,"boss_relics":[{"not_picked":["Black Star","SacredBark"],"picked":"Runic Pyramid"}],"items_purged_floors":[19],"is_endless":false,"potions_floor_spawned":[1,4,6,13,20,22,28],"killed_by":"Collector","ascension_level":19}}