{"host":"xltl1aroowo69o4n","time":1612144202,"event":{"mods":["BaseMod","Colored Map","Colored Powertips","Minty Spire (QoL Compilation)","StSLib"],"gold_per_floor":[116,129,204,204,29,29,39,56,56,56,56,56,56,72,72,172,172,185,185,185,14,14,14,31,31,31,50,79,79,90,105,105,202,252,287,300,30,40,40,40,40],"floor_reached":40,"language":"ENG","playtime":1693,"items_purged":["Strike_B"],"score":398,"play_id":"2fbfe159-b9cd-46b5-852a-7ff766f5dabe","local_time":"20210131205002","is_ascension_mode":false,"campfire_choices":[{"floor":6,"key":"REST"},{"floor":10,"key":"REST"},{"floor":15,"key":"REST"},{"data":"Apotheosis","floor":23,"key":"SMITH"},{"floor":25,"key":"REST"},{"floor":32,"key":"REST"}],"circlet_count":0,"master_deck":["Strike_B","Strike_B","Defend_B","Defend_B","Defend_B+1","Zap","Dualcast+1","Electrodynamics","Leap+1","Rebound","Apotheosis+1","Coolheaded","Hello World","Thunder Strike","Ball Lightning","All For One","Sweeping Beam","HandOfGreed","Stack+1","Defragment+1","Beam Cell","Amplify","Genetic Algorithm+1","Streamline","Ball Lightning","Melter","FTL","Conserve Battery"],"relics":["Cracked Core","Bronze Scales","Busted Crown","Sundial","Nilry\u0027s Codex","Thread and Needle","Letter Opener","Tiny House"],"acts_visited":["Exordium","TheCity","TheBeyond"],"potions_floor_usage":[16,27,28,28,40,40,40],"damage_taken":[{"damage":7,"enemies":"2 Louse","floor":1,"turns":2},{"damage":6,"enemies":"Small Slimes","floor":2,"turns":4},{"damage":0,"enemies":"Cultist","floor":7,"turns":4},{"damage":15,"enemies":"Blue Slaver","floor":8,"turns":3},{"damage":10,"enemies":"Exordium Wildlife","floor":11,"turns":3},{"damage":4,"enemies":"Large Slime","floor":14,"turns":4},{"damage":27,"enemies":"The Guardian","floor":16,"turns":8},{"damage":0,"enemies":"3 Byrds","floor":18,"turns":2},{"damage":10,"enemies":"Chosen","floor":24,"turns":4},{"damage":10,"enemies":"Centurion and Healer","floor":27,"turns":5},{"damage":8,"enemies":"Book of Stabbing","floor":28,"turns":5},{"damage":6,"enemies":"Sentry and Sphere","floor":30,"turns":4},{"damage":5,"enemies":"Snake Plant","floor":31,"turns":3},{"damage":17,"enemies":"Automaton","floor":33,"turns":7},{"damage":19,"enemies":"Orb Walker","floor":35,"turns":4},{"damage":6,"enemies":"3 Darklings","floor":36,"turns":3},{"damage":16,"enemies":"Sphere and 2 Shapes","floor":38,"turns":3},{"damage":87,"enemies":"Giant Head","floor":40,"turns":8}],"seed_played":"5402175438936254290","potions_obtained":[{"floor":1,"key":"GamblersBrew"},{"floor":8,"key":"AttackPotion"},{"floor":24,"key":"SkillPotion"},{"floor":27,"key":"DuplicationPotion"},{"floor":33,"key":"GamblersBrew"},{"floor":34,"key":"DuplicationPotion"}],"is_trial":false,"path_per_floor":["M","M","?","?","$","R","M","M","T","R","M","?","?","M","R","B",null,"M","?","?","$","?","R","M","R","T","M","E","?","M","M","R","B",null,"M","M","$","M","?","E"],"character_chosen":"DEFECT","items_purchased":["Apotheosis","HandOfGreed","Melter","FTL","Block Potion"],"campfire_rested":5,"item_purchase_floors":[5,21,37,37,37],"current_hp_per_floor":[61,55,44,30,30,50,50,35,35,55,45,45,45,41,61,34,68,68,68,52,52,52,52,42,62,62,52,44,32,26,21,42,25,78,59,53,53,37,68,0,0],"gold":40,"neow_bonus":"THREE_RARE_CARDS","is_daily":false,"chose_seed":false,"campfire_upgraded":1,"win_rate":0.0,"timestamp":1612144202,"path_taken":["M","M","?","?","$","R","M","M","T","R","M","?","?","?","R","BOSS","M","?","?","$","?","R","M","R","T","M","E","?","M","?","R","BOSS","M","M","$","M","?","E"],"items_purchased_type":["Card","Card","Card","Card","Potion"],"build_version":"2020-12-13","purchased_purges":1,"victory":false,"max_hp_per_floor":[68,68,68,68,68,68,68,68,68,68,68,68,68,68,68,68,68,68,68,68,68,68,68,68,68,68,68,68,73,73,73,73,73,78,78,78,78,78,68,68,68],"card_choices":[{"not_picked":["All For One","Multi-Cast"],"picked":"Electrodynamics","floor":0},{"not_picked":["Double Energy","Blizzard"],"picked":"Leap","floor":1},{"not_picked":["Leap","Coolheaded"],"picked":"Rebound","floor":2},{"not_picked":["Gash","Compile Driver"],"picked":"Coolheaded","floor":7},{"not_picked":["Barrage","Darkness"],"picked":"Hello World","floor":8},{"not_picked":["Stack","Redo","Rebound"],"picked":"SKIP","floor":11},{"not_picked":["Barrage","Multi-Cast"],"picked":"Ball Lightning","floor":14},{"not_picked":["Seek","Buffer"],"picked":"All For One","floor":16},{"not_picked":[],"picked":"Sweeping Beam","floor":18},{"not_picked":[],"picked":"Stack+1","floor":24},{"not_picked":["Skim"],"picked":"SKIP","floor":27},{"not_picked":[],"picked":"Defragment+1","floor":28},{"not_picked":[],"picked":"Beam Cell","floor":30},{"not_picked":["Stack"],"picked":"SKIP","floor":31},{"not_picked":[],"picked":"Amplify","floor":33},{"not_picked":[],"picked":"Genetic Algorithm+1","floor":34},{"not_picked":[],"picked":"Streamline","floor":35},{"not_picked":[],"picked":"Ball Lightning","floor":36},{"not_picked":[],"picked":"Conserve Battery","floor":38}],"player_experience":51371,"relics_obtained":[{"floor":9,"key":"Bronze Scales"},{"floor":20,"key":"Nilry\u0027s Codex"},{"floor":26,"key":"Thread and Needle"},{"floor":28,"key":"Letter Opener"}],"event_choices":[{"damage_healed":0,"gold_gain":75,"player_choice":"Gather Gold","damage_taken":11,"max_hp_gain":0,"max_hp_loss":0,"event_name":"World of Goop","floor":3,"gold_loss":0},{"damage_healed":0,"gold_gain":0,"player_choice":"Entered Light","damage_taken":14,"max_hp_gain":0,"max_hp_loss":0,"event_name":"Shining Light","floor":4,"gold_loss":0,"cards_upgraded":["Defend_B","Dualcast"]},{"cards_removed":["Strike_B"],"damage_healed":0,"gold_gain":0,"player_choice":"Forget","damage_taken":0,"max_hp_gain":0,"max_hp_loss":0,"event_name":"Living Wall","floor":12,"gold_loss":0},{"damage_healed":0,"gold_gain":0,"cards_transformed":["Defend_B"],"player_choice":"Transformed","damage_taken":0,"max_hp_gain":0,"max_hp_loss":0,"event_name":"Transmorgrifier","floor":13,"gold_loss":0,"cards_obtained":["Thunder Strike"]},{"damage_healed":0,"gold_gain":0,"player_choice":"Opened","damage_taken":0,"relics_obtained":["Sundial"],"max_hp_gain":0,"max_hp_loss":0,"event_name":"The Mausoleum","floor":19,"gold_loss":0},{"damage_healed":0,"gold_gain":0,"player_choice":"Obtained Book","damage_taken":16,"max_hp_gain":0,"max_hp_loss":0,"event_name":"Cursed Tome","floor":20,"gold_loss":0},{"damage_healed":0,"gold_gain":0,"player_choice":"Ignored","damage_taken":0,"max_hp_gain":0,"max_hp_loss":0,"event_name":"Ghosts","floor":22,"gold_loss":0},{"damage_healed":0,"gold_gain":0,"player_choice":"Shed Blood","damage_taken":17,"max_hp_gain":5,"max_hp_loss":0,"event_name":"Forgotten Altar","floor":29,"gold_loss":0},{"damage_healed":68,"gold_gain":0,"player_choice":"Heal","damage_taken":0,"max_hp_gain":0,"max_hp_loss":10,"event_name":"The Moai Head","floor":39,"gold_loss":0}],"is_beta":false,"boss_relics":[{"not_picked":["Cursed Key","Sozu"],"picked":"Busted Crown"},{"not_picked":["Velvet Choker","Philosopher\u0027s Stone"],"picked":"Tiny House"}],"items_purged_floors":[37],"is_endless":false,"potions_floor_spawned":[1,8,11,24,27,33],"killed_by":"Giant Head","ascension_level":0}}