{"host":"tq99ucv8ezzqzioe","time":1612200660,"event":{"mods":["BaseMod","Colored Map","Downfall","Highlight Path","Minty Spire (QoL Compilation)","StSLib"],"gold_per_floor":[99,114,114,26,11,11,11,44,63,128,28,57,73,104,123,123,123,123],"floor_reached":16,"language":"ENG","playtime":1283,"items_purged":[],"score":130,"play_id":"bbafbfaa-e176-40af-9325-0084c4f18343","local_time":"20210201123100","is_ascension_mode":true,"campfire_choices":[{"floor":1,"key":"RECALL"},{"data":"Guardian:WalkerClaw","floor":6,"key":"SMITH"},{"data":"Guardian:WalkerClaw","floor":11,"key":"SMITH"}],"circlet_count":0,"master_deck":["Guardian:Strike_Guardian","Guardian:Strike_Guardian+1","Guardian:Strike_Guardian+1","Guardian:Strike_Guardian","Guardian:Defend_Guardian","Guardian:Defend_Guardian","Guardian:Defend_Guardian","Guardian:Defend_Guardian","Guardian:CurlUp","Guardian:TwinSlam","Guardian:RevengeProtocol","Guardian:FloatingOrbs+1","Guardian:WalkerClaw+1","Guardian:TimeSifter","Guardian:WalkerClaw+1","Guardian:TimeBomb","Guardian:EvasiveProtocol","Guardian:ShieldSpikes","Guardian:ArmoredProtocol","Guardian:ShieldCharger","Guardian:ArmoredProtocol"],"relics":["Guardian:ModeShifter","Calipers","Eternal Feather","Dead Branch","downfall:HeartBlessingRed","Whetstone","Mummified Hand"],"acts_visited":["Exordium"],"potions_floor_usage":[10,16],"damage_taken":[{"damage":1,"enemies":"2 Louse","floor":2,"turns":4},{"damage":0,"enemies":"downfall:FleeingMerchant","floor":4,"turns":4},{"damage":15,"enemies":"downfall:FleeingMerchant","floor":5,"turns":4},{"damage":11,"enemies":"Gremlin Nob","floor":8,"turns":5},{"damage":1,"enemies":"Cultist","floor":9,"turns":3},{"damage":12,"enemies":"3 Sentries","floor":10,"turns":5},{"damage":17,"enemies":"3 Sentries","floor":12,"turns":5},{"damage":4,"enemies":"Small Slimes","floor":13,"turns":4},{"damage":13,"enemies":"Lagavulin","floor":14,"turns":6},{"damage":8,"enemies":"Gremlin Gang","floor":15,"turns":3},{"damage":8,"enemies":"SI_SHIV_ARCHETYPE","floor":16,"turns":3}],"seed_played":"21730701623334494","potions_obtained":[{"floor":8,"key":"Guardian:AcceleratePotion"},{"floor":12,"key":"FearPotion"},{"floor":13,"key":"sneckomod:MuddlingPotion"},{"floor":14,"key":"Guardian:AcceleratePotion"}],"is_trial":false,"path_per_floor":["R","M","?","$","$","R","T","E","M","?","R","E","M","E","M","B"],"character_chosen":"GUARDIAN","items_purchased":["Guardian:TimeSifter"],"campfire_rested":0,"item_purchase_floors":[4],"current_hp_per_floor":[80,79,79,79,64,64,64,53,52,40,49,32,28,15,7,0,0,0],"gold":123,"neow_bonus":"ONE_RANDOM_RARE_CARD","is_daily":false,"chose_seed":false,"campfire_upgraded":2,"win_rate":0.0,"timestamp":1612200660,"path_taken":["R","M","?","?","$","R","T","E","M","?","R","E","M","E","M","BOSS"],"items_purchased_type":["Card"],"build_version":"2020-12-22","purchased_purges":0,"victory":false,"max_hp_per_floor":[80,80,80,80,80,80,80,80,80,80,80,80,80,80,80,80,80,80],"card_choices":[{"not_picked":["Guardian:ShieldCharger","Guardian:Gem_Red"],"picked":"Guardian:FloatingOrbs","floor":2},{"not_picked":["Guardian:Incinerate","Guardian:SphericShield"],"picked":"Guardian:WalkerClaw","floor":4},{"not_picked":["Guardian:GuardianWhirl","Guardian:SpikerProtocol"],"picked":"Guardian:WalkerClaw","floor":5},{"not_picked":["Guardian:MultiBeam","Guardian:Gem_Fragmented"],"picked":"Guardian:Gem_Blue","floor":8},{"not_picked":["Guardian:Gem_Green","Guardian:MultiBeam"],"picked":"Guardian:TimeBomb","floor":9},{"not_picked":["Guardian:ShieldCharger","Guardian:SentryBeam"],"picked":"Guardian:EvasiveProtocol","floor":10},{"not_picked":["Guardian:PiercingHide","Guardian:BronzeOrb"],"picked":"Guardian:ShieldSpikes","floor":12},{"not_picked":["Guardian:VentSteam","Guardian:SentryBeam"],"picked":"Guardian:ArmoredProtocol","floor":13},{"not_picked":["Guardian:PolyBeam","Guardian:MultiBeam"],"picked":"Guardian:ShieldCharger","floor":14},{"not_picked":["Guardian:PrimingBeam","Guardian:SpikerProtocol"],"picked":"Guardian:ArmoredProtocol","floor":15}],"player_experience":846344,"relics_obtained":[{"floor":7,"key":"Calipers"},{"floor":8,"key":"Eternal Feather"},{"floor":12,"key":"Whetstone"},{"floor":14,"key":"Mummified Hand"}],"event_choices":[],"is_beta":false,"boss_relics":[],"items_purged_floors":[],"is_endless":false,"potions_floor_spawned":[8,12,13,14],"killed_by":"SI_SHIV_ARCHETYPE","ascension_level":2}}