{"host":"swphzoo6hmc78epl","time":1612150427,"event":{"mods":["BaseMod","Highlight Path","Minty Spire (QoL Compilation)","Quick Restart"],"gold_per_floor":[113,33,108,118,118,151,213,236,236,249,274,299,334,362,362,466,466,494,517,137,137,175,210,210,249,249,273,273,292,113,22,22,127,127,147,172,172,193,211,255,276,303,303,303,322,322,246,271,271,271,271,271,13,42,42,42],"floor_reached":55,"language":"ENG","playtime":2918,"items_purged":["Strike_B","Strike_B","Strike_B","Gash","Defend_B"],"score":1105,"play_id":"69f3dab3-da2e-48c2-ba1b-71bd4962248c","local_time":"20210131223347","is_ascension_mode":true,"campfire_choices":[{"data":"Creative AI","floor":15,"key":"SMITH"},{"data":"Fission","floor":24,"key":"SMITH"},{"data":"Multi-Cast","floor":32,"key":"SMITH"},{"data":"Thunder Strike","floor":46,"key":"SMITH"},{"floor":49,"key":"RECALL"},{"data":"Defragment","floor":52,"key":"SMITH"}],"circlet_count":0,"master_deck":["Defend_B+1","Defend_B","Defend_B","Zap","Dualcast","Cold Snap","FTL+1","Lockon","Rebound","Beam Cell","Sweeping Beam","Ball Lightning","Creative AI+1","Defragment+1","Multi-Cast+1","Compile Driver+1","Fission+1","Barrage+1","Steam","Self Repair","Dramatic Entrance","Amplify","Undo+1","Redo+1","Discovery","Bandage Up+1","White Noise+1","Coolheaded+1","Thunder Strike+1","Conserve Battery","Magnetism","Storm","Loop"],"relics":["FrozenCore","NeowsBlessing","Anchor","Boot","Nunchaku","Odd Mushroom","Symbiotic Virus","CeramicFish","Art of War","SlaversCollar","Orichalcum","Membership Card","Whetstone","Gremlin Horn","Enchiridion","Red Mask","Oddly Smooth Stone","The Courier","StoneCalendar","Lantern","Vajra","Dead Branch","Bag of Preparation","Toy Ornithopter","PreservedInsect","War Paint","Ornamental Fan"],"acts_visited":["Exordium","TheCity","TheBeyond","TheEnding"],"potions_floor_usage":[8,13,13,33,33,38,50,55],"damage_taken":[{"damage":0,"enemies":"Small Slimes","floor":1,"turns":1},{"damage":0,"enemies":"Jaw Worm","floor":4,"turns":1},{"damage":0,"enemies":"3 Sentries","floor":6,"turns":1},{"damage":20,"enemies":"3 Sentries","floor":7,"turns":8},{"damage":16,"enemies":"The Mushroom Lair","floor":8,"turns":3},{"damage":0,"enemies":"2 Louse","floor":10,"turns":2},{"damage":1,"enemies":"Large Slime","floor":12,"turns":4},{"damage":0,"enemies":"Gremlin Nob","floor":13,"turns":2},{"damage":2,"enemies":"Red Slaver","floor":14,"turns":3},{"damage":7,"enemies":"Slime Boss","floor":16,"turns":6},{"damage":0,"enemies":"Chosen","floor":18,"turns":2},{"damage":6,"enemies":"Masked Bandits","floor":22,"turns":3},{"damage":0,"enemies":"Gremlin Leader","floor":23,"turns":5},{"damage":24,"enemies":"Slavers","floor":25,"turns":4},{"damage":0,"enemies":"Shell Parasite","floor":29,"turns":3},{"damage":28,"enemies":"Champ","floor":33,"turns":7},{"damage":0,"enemies":"Orb Walker","floor":35,"turns":2},{"damage":0,"enemies":"3 Shapes","floor":36,"turns":2},{"damage":6,"enemies":"Maw","floor":38,"turns":5},{"damage":0,"enemies":"Reptomancer","floor":40,"turns":3},{"damage":0,"enemies":"3 Darklings","floor":41,"turns":1},{"damage":3,"enemies":"Giant Head","floor":42,"turns":5},{"damage":0,"enemies":"Sphere and 2 Shapes","floor":45,"turns":1},{"damage":0,"enemies":"Nemesis","floor":48,"turns":4},{"damage":75,"enemies":"Awakened One","floor":50,"turns":9},{"damage":45,"enemies":"Shield and Spear","floor":54,"turns":3},{"damage":37,"enemies":"The Heart","floor":55,"turns":3}],"seed_played":"-5785957985039982169","potions_obtained":[{"floor":4,"key":"SteroidPotion"},{"floor":8,"key":"SkillPotion"},{"floor":10,"key":"SkillPotion"},{"floor":14,"key":"SteroidPotion"},{"floor":18,"key":"BlessingOfTheForge"},{"floor":23,"key":"Ancient Potion"},{"floor":33,"key":"Strength Potion"},{"floor":35,"key":"AttackPotion"},{"floor":41,"key":"EssenceOfSteel"},{"floor":42,"key":"DistilledChaos"},{"floor":48,"key":"FairyPotion"}],"is_trial":false,"path_per_floor":["M","$","?","M","?","E","?","?","T","M","T","M","E","M","R","B",null,"M","T","$","?","?","E","R","E","T","T","?","M","$","$","R","B",null,"M","M","?","M","?","E","M","E","T","?","M","R","$","E","R","B",null,"R","$","E","B"],"character_chosen":"DEFECT","items_purchased":["FTL","Membership Card","Whetstone","Gremlin Horn","Dead Branch","Self Repair","Dramatic Entrance","Conserve Battery","War Paint","Magnetism","Storm","Loop"],"campfire_rested":0,"item_purchase_floors":[2,20,20,20,30,30,31,47,53,53,53,53],"current_hp_per_floor":[75,75,64,64,57,57,37,21,21,21,21,20,20,18,18,11,75,75,75,75,59,53,53,53,29,29,29,29,29,29,29,29,8,75,75,75,71,71,66,66,70,71,71,71,71,71,71,71,71,18,71,71,71,26,0,0],"gold":42,"neow_bonus":"THREE_ENEMY_KILL","is_daily":false,"chose_seed":false,"campfire_upgraded":5,"win_rate":0.0,"timestamp":1612150427,"path_taken":["M","$","?","M","?","E","?","?","T","M","?","M","E","M","R","BOSS","M","?","$","?","?","E","R","E","T","?","?","M","?","$","R","BOSS","M","M","?","M","?","E","M","E","T","?","?","R","?","E","R","BOSS","R","$","E","BOSS"],"items_purchased_type":["Card","Relic","Relic","Relic","Relic","Card","Card","Card","Relic","Card","Card","Card"],"build_version":"2020-12-22","purchased_purges":5,"victory":false,"max_hp_per_floor":[75,75,75,75,75,75,75,75,75,75,75,75,75,75,75,75,75,75,75,75,75,75,75,75,75,75,75,75,75,75,75,75,75,75,75,75,71,71,71,71,71,71,71,71,71,71,71,71,71,71,71,71,71,71,71,71],"card_choices":[{"not_picked":["Steam","Chill"],"picked":"Cold Snap","floor":1},{"not_picked":["Chill","Chaos"],"picked":"Lockon","floor":4},{"not_picked":["Redo","Stack"],"picked":"Rebound","floor":6},{"not_picked":["Conserve Battery","Undo"],"picked":"Beam Cell","floor":8},{"not_picked":["Gash","Rip and Tear"],"picked":"Sweeping Beam","floor":10},{"not_picked":["Leap","Turbo"],"picked":"Ball Lightning","floor":12},{"not_picked":["Ball Lightning","Hologram"],"picked":"Creative AI","floor":13},{"not_picked":["BootSequence","Sweeping Beam"],"picked":"Defragment","floor":14},{"not_picked":["Meteor Strike","Machine Learning"],"picked":"Multi-Cast","floor":16},{"not_picked":["Turbo","Conserve Battery"],"picked":"Compile Driver","floor":18},{"not_picked":["Turbo","Go for the Eyes"],"picked":"Gash","floor":22},{"not_picked":["Steam Power","Heatsinks+1"],"picked":"Fission","floor":23},{"not_picked":["FTL","Reprogram+1"],"picked":"Barrage+1","floor":25},{"not_picked":["Turbo","Leap"],"picked":"Steam","floor":29},{"not_picked":["Creative AI","Buffer"],"picked":"Amplify","floor":33},{"not_picked":["Beam Cell","Doom and Gloom+1","Streamline"],"picked":"SKIP","floor":35},{"not_picked":["Melter","Gash+1"],"picked":"Undo+1","floor":36},{"not_picked":["Streamline","Conserve Battery"],"picked":"Redo+1","floor":38},{"not_picked":["Blind","Dramatic Entrance"],"picked":"Discovery","floor":39},{"not_picked":["Dramatic Entrance","Good Instincts"],"picked":"Bandage Up","floor":39},{"not_picked":["Thunder Strike","Consume"],"picked":"White Noise+1","floor":40},{"not_picked":["Chaos+1","Gash+1"],"picked":"Coolheaded+1","floor":41},{"not_picked":["Auto Shields","Beam Cell","Aggregate+1"],"picked":"SKIP","floor":42},{"not_picked":["Rebound+1","Barrage"],"picked":"Thunder Strike","floor":45},{"not_picked":["Turbo+1","Sweeping Beam+1","Beam Cell+1"],"picked":"SKIP","floor":48},{"not_picked":["Steam Power+1","Reinforced Body+1","Turbo"],"picked":"SKIP","floor":54}],"player_experience":852805,"relics_obtained":[{"floor":6,"key":"Boot"},{"floor":7,"key":"Nunchaku"},{"floor":8,"key":"Odd Mushroom"},{"floor":9,"key":"Symbiotic Virus"},{"floor":11,"key":"CeramicFish"},{"floor":13,"key":"Art of War"},{"floor":19,"key":"Orichalcum"},{"floor":21,"key":"Enchiridion"},{"floor":22,"key":"Red Mask"},{"floor":23,"key":"Oddly Smooth Stone"},{"floor":25,"key":"The Courier"},{"floor":26,"key":"StoneCalendar"},{"floor":27,"key":"Lantern"},{"floor":40,"key":"Bag of Preparation"},{"floor":42,"key":"Toy Ornithopter"},{"floor":48,"key":"PreservedInsect"},{"floor":54,"key":"Ornamental Fan"}],"event_choices":[{"damage_healed":0,"gold_gain":75,"player_choice":"Gather Gold","damage_taken":11,"max_hp_gain":0,"max_hp_loss":0,"event_name":"World of Goop","floor":3,"gold_loss":0},{"damage_healed":0,"gold_gain":0,"player_choice":"Success","damage_taken":7,"relics_obtained":["Anchor"],"max_hp_gain":0,"max_hp_loss":0,"event_name":"Scrap Ooze","floor":5,"gold_loss":0},{"damage_healed":0,"gold_gain":0,"player_choice":"Searched \u00271\u0027 times","damage_taken":0,"max_hp_gain":0,"max_hp_loss":0,"event_name":"Dead Adventurer","floor":7,"gold_loss":0},{"damage_healed":0,"gold_gain":0,"player_choice":"Fought Mushrooms","damage_taken":0,"max_hp_gain":0,"max_hp_loss":0,"event_name":"Mushrooms","floor":8,"gold_loss":0},{"damage_healed":0,"gold_gain":0,"player_choice":"Obtained Book","damage_taken":16,"max_hp_gain":0,"max_hp_loss":0,"event_name":"Cursed Tome","floor":21,"gold_loss":0},{"damage_healed":0,"gold_gain":0,"player_choice":"Fought Bandits","damage_taken":0,"max_hp_gain":0,"max_hp_loss":0,"event_name":"Masked Bandits","floor":22,"gold_loss":0},{"damage_healed":0,"gold_gain":0,"player_choice":"Opened","damage_taken":0,"relics_obtained":["Vajra"],"max_hp_gain":0,"max_hp_loss":0,"event_name":"The Mausoleum","floor":28,"gold_loss":0},{"damage_healed":0,"gold_gain":0,"player_choice":"Max HP","damage_taken":0,"max_hp_gain":0,"max_hp_loss":4,"event_name":"Winding Halls","floor":37,"gold_loss":0},{"damage_healed":0,"gold_gain":0,"player_choice":"Memory 2","damage_taken":5,"max_hp_gain":0,"max_hp_loss":0,"event_name":"SensoryStone","floor":39,"gold_loss":0},{"cards_removed":["Strike_B"],"damage_healed":0,"gold_gain":0,"player_choice":"Offered Basic","damage_taken":0,"max_hp_gain":0,"max_hp_loss":0,"event_name":"Bonfire Elementals","floor":44,"gold_loss":0}],"is_beta":false,"boss_relics":[{"not_picked":["Tiny House","Philosopher\u0027s Stone"],"picked":"SlaversCollar"},{"not_picked":["Black Star","Calling Bell"],"picked":"FrozenCore"}],"items_purged_floors":[20,30,31,47,53],"is_endless":false,"potions_floor_spawned":[4,8,10,14,18,23,33,35,41,42,45,48],"killed_by":"The Heart","ascension_level":3}}