{"host":"cpnwtw6j9ov48mid","time":1612202194,"event":{"mods":["AchievementEnabler","Act Like it!","Aspiration","BaseMod","Better Third Choice","BetterRewards","CapriCore","Colored Map","Colored Powertips","Conspire","Energized Spire","Friendly Minions","GifTheSpireLib","Gold Saver","Halation","Hubris","Infinite Spire","Jedi Mod","Marked Mod","Minty Spire (QoL Compilation)","Permanent Neow","Quarter Circle Forward PUNCH!","Quick Restart","RRrroohrrRGHHhhh!!","Rare Cards Sparkle","RatMod","Replay The Spire","Small Relic Pack","StSLib","Stuff the Spire","The Animator","The Bladedancer","The Blue Laboratory","The Dragon Tamer","The Marked","Transform Curses","yUi"],"gold_per_floor":[111,111,111,28,45,45,71,26,26,38,51,65,77,90,90,188,188,201,201,215,215,59,59,73,88,141,141,141,158,158,158,158,178,178,278,278,292,0,0,100,111,141,141,141,141,141],"floor_reached":44,"language":"ENG","playtime":1806,"items_purged":[],"score":515,"play_id":"6c2cf206-29ad-4e6c-ac1d-1bca40e94d46","local_time":"20210201185634","is_ascension_mode":false,"metric_token":2387,"campfire_choices":[{"floor":6,"key":"REST"},{"floor":15,"key":"REST"},{"data":"DTMod:ForkedFire","floor":23,"key":"SMITH"},{"floor":28,"key":"REST"},{"floor":32,"key":"REST"},{"floor":34,"key":"REST"},{"floor":43,"key":"REST"}],"dtmod_dragon_data":[28,50,3,3,10,2],"circlet_count":0,"master_deck":["DTMod:Strike+1","DTMod:Strike+1","DTMod:Strike+1","DTMod:Strike+1","DTMod:DoubleHit","DTMod:TargetDefense+1","DTMod:TargetDefense+1","DTMod:TargetDefense+1","DTMod:TargetDefense+1","DTMod:SwitchingTactic","DTMod:HeatWave","DTMod:ComboAttack","DTMod:MagiciansMark","DTMod:FlameSlash","DTMod:TagTeam","DTMod:Threaten","DTMod:ExcessFootwork","DTMod:QuickFly","DTMod:ForkedFire+1","DTMod:ResonanceForm","DTMod:CleansingStrike","DTMod:Training","DTMod:BreakAttack","DTMod:BurningEnergy","DTMod:Punisher+1","DTMod:Adaptation","DTMod:Harmonize","DTMod:BizarreTactic+1","DTMod:Haste+1"],"relics":["DTMod:PactStone","Unceasing Top","relicPack:DSword","halation:LostSnail","Pear","Replay:Ringing Soul","conspire:SpecialSausage","jedi:zontanonomicon","MutagenicStrength","aspiration:Nostalgia","Iron Core","aspiration:HiddenCompartment","energizedSpire:RedRose","Red Mask","hubris:Towel","halation:LettersToHer"],"acts_visited":["Exordium","TheCity","TheBeyond"],"potions_floor_usage":[14,18,25,44],"damage_taken":[{"damage":4,"enemies":"Cultist","floor":1,"turns":4},{"damage":0,"enemies":"Jaw Worm","floor":5,"turns":4},{"damage":0,"enemies":"3 Sentries","floor":7,"turns":6},{"damage":0,"enemies":"2 Louse","floor":10,"turns":2},{"damage":0,"enemies":"2 Fungi Beasts","floor":11,"turns":3},{"damage":0,"enemies":"Looter","floor":12,"turns":3},{"damage":2,"enemies":"conspire:2 RoseBushes","floor":13,"turns":5},{"damage":0,"enemies":"Large Slime","floor":14,"turns":3},{"damage":16,"enemies":"The Guardian","floor":16,"turns":12},{"damage":9,"enemies":"Chosen","floor":18,"turns":6},{"damage":0,"enemies":"3 Byrds","floor":20,"turns":4},{"damage":0,"enemies":"Snake Plant","floor":24,"turns":4},{"damage":45,"enemies":"Centurion and Healer","floor":25,"turns":8},{"damage":10,"enemies":"Sentry and Sphere","floor":29,"turns":6},{"damage":0,"enemies":"Snake Plant","floor":33,"turns":4},{"damage":48,"enemies":"Automaton","floor":35,"turns":8},{"damage":6,"enemies":"Orb Walker","floor":37,"turns":3},{"damage":42,"enemies":"3 Darklings","floor":41,"turns":6},{"damage":2,"enemies":"Giant Head","floor":42,"turns":8},{"damage":76,"enemies":"Nightmare","floor":44,"turns":7}],"seed_played":"8245028999445629542","potions_obtained":[{"floor":1,"key":"DistilledChaos"},{"floor":11,"key":"blueLaboratory:AbyssPotion"},{"floor":14,"key":"Dexterity Potion"},{"floor":18,"key":"blueLaboratory:LouseDecoction"},{"floor":25,"key":"blueLaboratory:FrostheartPotion"},{"floor":33,"key":"blueLaboratory:PolymorphPotion"},{"floor":41,"key":"blueLaboratory:RecallPotion"}],"is_trial":false,"path_per_floor":["M","?","?","$","M","R","E","$","T","M","M","M","M","M","R","B",null,"M","?","M","?","$","R","M","M","T","?","R","M","PTL","PTL","R","M","R","B",null,"M","?","?","?","M","E","R","NM"],"character_chosen":"THE_DT","items_purchased":["halation:LostSnail","DTMod:FlameSlash","aspiration:Nostalgia"],"campfire_rested":6,"item_purchase_floors":[4,8,22],"current_hp_per_floor":[37,37,2,2,2,14,24,24,24,27,30,33,34,37,56,43,69,63,47,50,50,50,50,53,11,11,11,35,28,28,28,53,56,82,37,90,84,84,84,84,45,46,74,0,0,0],"gold":141,"neow_bonus":"ONE_RARE_RELIC","is_daily":false,"chose_seed":false,"campfire_upgraded":1,"win_rate":0.0,"timestamp":1612202194,"path_taken":["M","?","?","$","M","R","E","?","T","M","M","M","M","M","R","BOSS","M","?","M","?","?","R","M","M","T","?","R","M","PTL","PTL","R","M","R","BOSS","M","?","?","?","M","E","R","NM"],"items_purchased_type":["Relic","Card","Relic"],"build_version":"2020-12-22","purchased_purges":0,"victory":false,"max_hp_per_floor":[41,41,41,41,41,41,51,51,51,54,57,60,63,66,66,69,69,72,72,75,75,75,75,78,81,81,81,81,84,84,84,84,87,87,90,90,90,90,90,90,93,96,96,96,96,96],"card_choices":[{"not_picked":["DTMod:BuildUp","DTMod:Feint"],"picked":"DTMod:HeatWave","floor":1},{"not_picked":["DTMod:QuickFly","DTMod:BlazingStrike"],"picked":"DTMod:ComboAttack","floor":5},{"not_picked":["DTMod:Inferno","DTMod:BizarreTactic"],"picked":"DTMod:MagiciansMark","floor":7},{"not_picked":["DTMod:Hide","DTMod:Conduct"],"picked":"DTMod:TagTeam","floor":10},{"not_picked":["DTMod:BlazingStrike","DTMod:ComboAttack"],"picked":"DTMod:Threaten","floor":11},{"not_picked":["DTMod:GhostSkin","DTMod:HeatWave"],"picked":"DTMod:ExcessFootwork","floor":12},{"not_picked":["DTMod:Haste","DTMod:BlazingStrike"],"picked":"DTMod:QuickFly","floor":13},{"not_picked":["DTMod:Hide","DTMod:BreakAttack"],"picked":"DTMod:ForkedFire","floor":14},{"not_picked":["DTMod:Outburst","DTMod:Inferno"],"picked":"DTMod:ResonanceForm","floor":16},{"not_picked":["DTMod:Hide","DTMod:BreakAttack"],"picked":"DTMod:CleansingStrike","floor":18},{"not_picked":["DTMod:Weaken+1","DTMod:DragonDance+1"],"picked":"DTMod:Training","floor":20},{"not_picked":["DTMod:Observe","Headbutt"],"picked":"DTMod:BreakAttack","floor":24},{"not_picked":["DTMod:BreakAttack","DTMod:ComboAttack"],"picked":"DTMod:BurningEnergy","floor":25},{"not_picked":["DTMod:DeepFocus+1","DTMod:TauntingStrike"],"picked":"DTMod:Punisher+1","floor":29},{"not_picked":["DTMod:Training","ReplayTheSpireMod:GoodbyeWorld"],"picked":"DTMod:Adaptation","floor":33},{"not_picked":["DTMod:ExcessFootwork","DTMod:GearUp"],"picked":"DTMod:Harmonize","floor":35},{"not_picked":["DTMod:MaximumCharge","DTMod:Threaten","DTMod:DragonDance"],"picked":"SKIP","floor":37},{"not_picked":["DTMod:MagiciansMark+1","DTMod:Conduct"],"picked":"DTMod:BizarreTactic+1","floor":41},{"not_picked":["DTMod:QuickFly+1","DTMod:MagicField+1"],"picked":"DTMod:Haste+1","floor":42}],"player_experience":6600,"relics_obtained":[{"floor":7,"key":"Pear"},{"floor":9,"key":"Replay:Ringing Soul"},{"floor":19,"key":"jedi:zontanonomicon"},{"floor":26,"key":"aspiration:HiddenCompartment"},{"floor":42,"key":"halation:LettersToHer"}],"event_choices":[{"damage_healed":0,"gold_gain":0,"player_choice":"Leave","damage_taken":0,"max_hp_gain":0,"max_hp_loss":0,"event_name":"conspire:Investor","floor":2,"gold_loss":0},{"damage_healed":0,"gold_gain":0,"player_choice":"Obtained Book","damage_taken":16,"max_hp_gain":0,"max_hp_loss":0,"event_name":"Cursed Tome","floor":19,"gold_loss":0},{"damage_healed":0,"gold_gain":0,"player_choice":"Inject Mutagens","damage_taken":0,"relics_obtained":["MutagenicStrength"],"max_hp_gain":0,"max_hp_loss":0,"event_name":"Drug Dealer","floor":21,"gold_loss":0},{"damage_healed":0,"gold_gain":0,"player_choice":"Simplicity","damage_taken":0,"max_hp_gain":0,"max_hp_loss":8,"event_name":"betterThird:BetterWriting","floor":27,"gold_loss":0},{"damage_healed":0,"gold_gain":0,"player_choice":"Paid","damage_taken":0,"relics_obtained":["Red Mask"],"max_hp_gain":0,"max_hp_loss":0,"event_name":"Tomb of Lord Red Mask","floor":38,"gold_loss":292},{"damage_healed":0,"gold_gain":100,"player_choice":"Pray","damage_taken":0,"max_hp_gain":0,"max_hp_loss":0,"event_name":"Golden Shrine","floor":40,"gold_loss":0}],"is_beta":false,"boss_relics":[{"not_picked":["energizedSpire:NeverEndingSparkler","hubris:BlackHole"],"picked":"conspire:SpecialSausage"},{"not_picked":["Painkiller Herb","halation:HeavySnake"],"picked":"energizedSpire:RedRose"}],"items_purged_floors":[],"is_endless":false,"potions_floor_spawned":[1,11,14,18,25,33,41,42],"killed_by":"Nightmare","ascension_level":0}}