{"host":"ixpjvd0r4p7lnmut","time":1612158643,"event":{"mods":["Act Like it!","BaseMod","Block Reminder","Colored Map","Colored Powertips","Hallownest","Minty Spire (QoL Compilation)","Rare Cards Sparkle","Relic Stats","StSLib","The Bug Knight"],"gold_per_floor":[115,129,304,304,84,84,36,52,75,92,92,108,62,81,81,81,81],"floor_reached":16,"language":"ENG","playtime":589,"items_purged":["Doubt"],"score":92,"play_id":"e553b01c-128b-4002-8a97-4739e3e2117c","local_time":"20210131215043","is_ascension_mode":false,"campfire_choices":[{"data":"HollowMod:FocusHealStart","floor":6,"key":"SMITH"},{"data":"HollowMod:Weaversong","floor":11,"key":"SMITH"},{"floor":15,"key":"REST"}],"circlet_count":0,"master_deck":["HollowMod:NailStrikeStart","HollowMod:NailStrikeStart","HollowMod:NailStrikeStart","HollowMod:QuickDashStart","HollowMod:QuickDashStart","HollowMod:QuickDashStart","HollowMod:QuickDashStart","HollowMod:FocusHealStart+1","HollowMod:PogoStrike","HollowMod:Weaversong+1","HollowMod:ChannelNail","HollowMod:SoulStrike","HollowMod:GoodIntentions","HollowMod:BaldurShell","HollowMod:DoubleDash","HollowMod:MonarchWings","HollowMod:InfectedCysts","HollowMod:InfectedCysts"],"relics":["HollowMod:VesselMask","Chemical X","Vajra"],"acts_visited":["Exordium"],"potions_floor_usage":[10,16],"damage_taken":[{"damage":1,"enemies":"Jaw Worm","floor":1,"turns":3},{"damage":4,"enemies":"2 Louse","floor":2,"turns":3},{"damage":6,"enemies":"Cultist","floor":8,"turns":3},{"damage":22,"enemies":"Large Slime","floor":10,"turns":8},{"damage":7,"enemies":"Looter","floor":12,"turns":4},{"damage":17,"enemies":"Gremlin Gang","floor":14,"turns":3},{"damage":71,"enemies":"The Guardian","floor":16,"turns":10}],"seed_played":"-907608175549631051","potions_obtained":[{"floor":8,"key":"LiquidMemories"},{"floor":14,"key":"SteroidPotion"}],"is_trial":false,"path_per_floor":["M","M","?","?","$","R","$","M","T","M","R","M","$","M","R","B"],"character_chosen":"THE_BUGKNIGHT","items_purchased":["Chemical X","HollowMod:GoodIntentions","HollowMod:InfectedCysts"],"campfire_rested":1,"item_purchase_floors":[5,7,13],"current_hp_per_floor":[74,70,70,70,70,70,70,64,64,52,52,51,51,34,56,0,0],"gold":81,"neow_bonus":"ONE_RANDOM_RARE_CARD","is_daily":false,"chose_seed":false,"campfire_upgraded":2,"win_rate":0.0,"timestamp":1612158643,"path_taken":["M","M","?","?","$","R","$","M","T","M","R","?","$","M","R","BOSS"],"items_purchased_type":["Relic","Card","Card"],"build_version":"2020-12-22","purchased_purges":1,"victory":false,"max_hp_per_floor":[75,75,75,75,75,75,75,75,75,75,75,75,75,75,75,75,75],"relic_stats":{"counters":[7,34],"Chemical X":[1],"obtain_stats":[{"Vajra":9,"HollowMod:VesselMask":0,"Chemical X":5},{"Vajra":3,"HollowMod:VesselMask":0,"Chemical X":2},{"Vajra":9,"HollowMod:VesselMask":0,"Chemical X":6}]},"card_choices":[{"not_picked":["HollowMod:VengefulSpirit","HollowMod:BlackTendrils"],"picked":"HollowMod:ChannelNail","floor":1},{"not_picked":["HollowMod:HowlingWraiths","HollowMod:TaintedHusks"],"picked":"HollowMod:SoulStrike","floor":2},{"not_picked":["HollowMod:ShadowDash","HollowMod:VoidDash"],"picked":"HollowMod:BaldurShell","floor":8},{"not_picked":["HollowMod:SiblingsSouls","HollowMod:ShadowDash"],"picked":"HollowMod:DoubleDash","floor":10},{"not_picked":["HollowMod:CornifersMapStart","HollowMod:DoubleDash"],"picked":"HollowMod:MonarchWings","floor":12},{"not_picked":["HollowMod:HeavyBlow","HollowMod:HowlingWraiths"],"picked":"HollowMod:InfectedCysts","floor":14}],"player_experience":137564,"relics_obtained":[{"floor":9,"key":"Vajra"}],"event_choices":[{"damage_healed":0,"gold_gain":175,"player_choice":"AGREE","damage_taken":0,"max_hp_gain":0,"max_hp_loss":0,"event_name":"Liars Game","floor":3,"gold_loss":0,"cards_obtained":["Doubt"]},{"cards_removed":["HollowMod:NailStrikeStart"],"damage_healed":0,"gold_gain":0,"player_choice":"Purged","damage_taken":0,"max_hp_gain":0,"max_hp_loss":0,"event_name":"Purifier","floor":4,"gold_loss":0}],"is_beta":false,"boss_relics":[],"items_purged_floors":[5],"is_endless":false,"potions_floor_spawned":[8,14],"killed_by":"The Guardian","ascension_level":0}}