{"host":"f0gpob8hq9vgebej","time":1612180120,"event":{"mods":["AchievementEnabler","BaseMod","Minty Spire (QoL Compilation)","Quick Restart","SuperFastMode"],"gold_per_floor":[112,112,62,62,62,87,12,47,47,65,77,88,88,99,99,176,176,194,194,205,205,205],"floor_reached":21,"language":"KOR","playtime":323,"items_purged":["Defend_B"],"score":394,"play_id":"fb176929-3fbf-40d8-b628-d180b2bc6b20","local_time":"20210201204840","is_ascension_mode":true,"campfire_choices":[{"data":"Loop","floor":15,"key":"SMITH"}],"circlet_count":0,"master_deck":["AscendersBane","Zap","Dualcast","Defragment+1","Cold Snap","Loop+1","Melter","Hologram","Capacitor","Static Discharge","Electrodynamics","Doom and Gloom","Tempest","Self Repair","Echo Form","Consume","Storm","Ball Lightning"],"relics":["Cracked Core","NeowsBlessing","Incense Burner","Mercury Hourglass","Strawberry","Pandora\u0027s Box"],"acts_visited":["Exordium","TheCity"],"potions_floor_usage":[16,16,21],"damage_taken":[{"damage":0,"enemies":"Jaw Worm","floor":1,"turns":1},{"damage":0,"enemies":"3 Sentries","floor":6,"turns":1},{"damage":0,"enemies":"Gremlin Nob","floor":8,"turns":1},{"damage":3,"enemies":"Small Slimes","floor":10,"turns":3},{"damage":5,"enemies":"2 Louse","floor":11,"turns":2},{"damage":22,"enemies":"Gremlin Gang","floor":12,"turns":3},{"damage":10,"enemies":"2 Fungi Beasts","floor":14,"turns":3},{"damage":22,"enemies":"Hexaghost","floor":16,"turns":6},{"damage":17,"enemies":"3 Byrds","floor":18,"turns":3},{"damage":22,"enemies":"2 Thieves","floor":20,"turns":2},{"damage":14,"enemies":"Shelled Parasite and Fungi","floor":21,"turns":2}],"seed_played":"1694907164895716334","potions_obtained":[{"floor":1,"key":"DuplicationPotion"},{"floor":14,"key":"Regen Potion"},{"floor":20,"key":"AttackPotion"}],"is_trial":false,"path_per_floor":["M","?","?","?","?","E","$","E","T","M","M","M","?","M","R","B",null,"M","?","M","M"],"character_chosen":"DEFECT","items_purchased":[],"campfire_rested":0,"item_purchase_floors":[],"current_hp_per_floor":[68,68,68,68,68,68,68,68,75,72,67,45,45,35,35,28,69,52,36,14,0,0],"gold":205,"neow_bonus":"THREE_ENEMY_KILL","is_daily":false,"chose_seed":false,"campfire_upgraded":1,"win_rate":0.0,"timestamp":1612180120,"path_taken":["M","?","?","?","?","E","$","E","T","M","?","M","?","M","R","BOSS","M","?","M","M"],"items_purchased_type":[],"build_version":"2020-12-22","purchased_purges":1,"victory":false,"max_hp_per_floor":[75,75,75,75,75,75,75,75,82,82,82,82,82,82,82,82,82,82,87,87,87,87],"card_choices":[{"not_picked":["Steam","Conserve Battery"],"picked":"Defragment","floor":1},{"not_picked":["Gash","Compile Driver"],"picked":"Cold Snap","floor":6},{"not_picked":["Reinforced Body","Hologram"],"picked":"Loop","floor":8},{"not_picked":["Rainbow","Sweeping Beam"],"picked":"Melter","floor":10},{"not_picked":["Heatsinks","Beam Cell"],"picked":"Hologram","floor":11},{"not_picked":["Steam","Rebound"],"picked":"Capacitor","floor":12},{"not_picked":["Go for the Eyes","Beam Cell"],"picked":"Static Discharge","floor":14},{"not_picked":["Amplify","Meteor Strike"],"picked":"Electrodynamics","floor":16},{"not_picked":["Coolheaded","Rebound"],"picked":"Storm","floor":18},{"not_picked":["Double Energy","Chaos"],"picked":"Ball Lightning","floor":20}],"player_experience":355040,"relics_obtained":[{"floor":6,"key":"Incense Burner"},{"floor":8,"key":"Mercury Hourglass"},{"floor":9,"key":"Strawberry"}],"event_choices":[{"damage_healed":0,"gold_gain":0,"player_choice":"Ignored","damage_taken":0,"max_hp_gain":0,"max_hp_loss":0,"event_name":"Liars Game","floor":2,"gold_loss":0},{"cards_removed":["Strike_B"],"damage_healed":0,"gold_gain":0,"player_choice":"Card Removal","damage_taken":0,"max_hp_gain":0,"max_hp_loss":0,"event_name":"The Cleric","floor":3,"gold_loss":50},{"cards_removed":["Defend_B"],"damage_healed":0,"gold_gain":0,"player_choice":"Forget","damage_taken":0,"max_hp_gain":0,"max_hp_loss":0,"event_name":"Living Wall","floor":4,"gold_loss":0},{"damage_healed":0,"gold_gain":0,"player_choice":"Forge","damage_taken":0,"max_hp_gain":0,"max_hp_loss":0,"event_name":"Accursed Blacksmith","floor":5,"gold_loss":0,"cards_upgraded":["Defragment"]},{"damage_healed":0,"gold_gain":0,"player_choice":"Ignored","damage_taken":0,"max_hp_gain":0,"max_hp_loss":0,"event_name":"Golden Idol","floor":13,"gold_loss":0},{"damage_healed":0,"gold_gain":0,"player_choice":"Shed Blood","damage_taken":21,"max_hp_gain":5,"max_hp_loss":0,"event_name":"Forgotten Altar","floor":19,"gold_loss":0}],"is_beta":false,"boss_relics":[{"not_picked":["Tiny House","SacredBark"],"picked":"Pandora\u0027s Box"}],"items_purged_floors":[7],"is_endless":false,"potions_floor_spawned":[1,14,20],"killed_by":"Shelled Parasite and Fungi","ascension_level":13}}