{"host":"7ttbe3gzet1mthv0","time":1612173918,"event":{"mods":["AchievementEnabler","BaseMod","Bestiary","Better Match","Better Note","Better Sensory Stone","Better Third Choice","BetterRewards","CapriCore","Colored Map","Colored Powertips","Custom Start","Downfall","Fox Events","Hermit","Highlight Path","Infinite Spire","Jorbs\u0027s Wanderer Trilogy","Luminous","Marisa????????","Minty Spire (QoL Compilation)","Rare Cards Sparkle","Relic Stats","Spicy Shops","StSLib","The Alterego","The Bug Knight","The Cursed","The Hierophant","The Marked","Wandering Minibosses"],"gold_per_floor":[119,135,154,172,191,221,221,341,410,410,429,446,43,63,63,164,164,295,295,295,313,325,340,375,375,399,399,559,592,650,630,630,727,727,745,759,809,809,826,856,856,856,882,914,914,259,276,276,276,276],"floor_reached":51,"language":"SPA","playtime":2603,"items_purged":["downfall:Malfunctioning","downfall:Haunted"],"score":1003,"play_id":"0172481a-5fef-4cb7-b95f-d48a745c99b3","local_time":"20210201110518","is_ascension_mode":false,"campfire_choices":[{"data":"Neutralize","floor":10,"key":"SMITH"},{"data":"infinitespire:Neurotoxin","floor":15,"key":"SMITH"},{"data":"infinitespire:Neurotoxin","floor":25,"key":"SMITH"},{"data":"1","floor":32,"key":"LIFT"},{"floor":45,"key":"REST"},{"data":"2","floor":45,"key":"LIFT"},{"data":"3","floor":49,"key":"LIFT"}],"circlet_count":0,"master_deck":["Strike_G","Strike_G+1","Strike_G","Strike_G","Strike_G","Defend_G+1","Defend_G","Defend_G","Defend_G","Defend_G","Survivor","Neutralize+1","CurseOfTheBell","Blade Dance","Choke","Predator","Dodge and Roll","Backflip","Backflip","Backstab","Noxious Fumes+1","infinitespire:Neurotoxin+1","Venomology","Adrenaline","Poisoned Stab+1","Footwork","infinitespire:Neurotoxin+1","infinitespire:Neurotoxin+1","Bouncing Flask+1","Adrenaline","Prepared+1","Blur+1","Blur+1","Wraith Form v2","infinitespire:FutureSight","Dodge and Roll","Masterful Stab"],"relics":["Calling Bell","infinitespire:EmpoweringShard","Incense Burner","Bronze Scales","Nunchaku","FaceOfCleric","Membership Card","TwistedFunnel","Vajra","Cursed Key","Girya","Whetstone","Thread and Needle","wanderingMiniBosses:LockLocket","Runic Pyramid","infinitespire:Magic Flask","Boot","Regal Pillow","War Paint","infinitespire:Bottled Soul","HollowMod:PaleOreRelic","HandDrill","Toolbox","Pocketwatch","Omamori"],"acts_visited":["Exordium","TheCity","TheBeyond"],"potions_floor_usage":[8,8,16,16,16,18,22,24,24,28,28,28,28,29,33,37,40,40,50],"damage_taken":[{"damage":0,"enemies":"Small Slimes","floor":1,"turns":4},{"damage":0,"enemies":"Cultist","floor":2,"turns":3},{"damage":5,"enemies":"2 Louse","floor":3,"turns":2},{"damage":0,"enemies":"Large Slime","floor":4,"turns":5},{"damage":1,"enemies":"3 Louse","floor":5,"turns":3},{"damage":21,"enemies":"Lagavulin","floor":6,"turns":6},{"damage":2,"enemies":"Exordium Wildlife","floor":8,"turns":6},{"damage":0,"enemies":"Blue Slaver","floor":11,"turns":3},{"damage":0,"enemies":"Lots of Slimes","floor":12,"turns":3},{"damage":0,"enemies":"Looter","floor":14,"turns":2},{"damage":0,"enemies":"Slime Boss","floor":16,"turns":5},{"damage":0,"enemies":"Spheric Guardian","floor":18,"turns":6},{"damage":0,"enemies":"Shell Parasite","floor":21,"turns":2},{"damage":2,"enemies":"Cultist and Chosen","floor":22,"turns":3},{"damage":0,"enemies":"Centurion and Healer","floor":23,"turns":2},{"damage":5,"enemies":"Slavers","floor":24,"turns":7},{"damage":10,"enemies":"Chosen and Byrds","floor":28,"turns":6},{"damage":21,"enemies":"Gremlin Leader","floor":29,"turns":3},{"damage":0,"enemies":"Shelled Parasite and Fungi","floor":30,"turns":3},{"damage":11,"enemies":"Automaton","floor":33,"turns":5},{"damage":0,"enemies":"Orb Walker","floor":35,"turns":1},{"damage":1,"enemies":"3 Darklings","floor":36,"turns":2},{"damage":0,"enemies":"Mind Bloom Boss Battle","floor":37,"turns":1},{"damage":0,"enemies":"Jaw Worm Horde","floor":39,"turns":2},{"damage":0,"enemies":"Giant Head","floor":40,"turns":4},{"damage":0,"enemies":"Nemesis","floor":44,"turns":2},{"damage":0,"enemies":"Spire Growth","floor":47,"turns":2},{"damage":38,"enemies":"Donu and Deca","floor":50,"turns":8}],"seed_played":"-8510960816092438027","potions_obtained":[{"floor":2,"key":"LiquidBronze"},{"floor":3,"key":"SteroidPotion"},{"floor":4,"key":"SkillPotion"},{"floor":11,"key":"Poison Potion"},{"floor":12,"key":"Weak Potion"},{"floor":20,"key":"Energy Potion"},{"floor":20,"key":"Swift Potion"},{"floor":20,"key":"FearPotion"},{"floor":28,"key":"Regen Potion"},{"floor":31,"key":"Regen Potion"},{"floor":33,"key":"SkillPotion"},{"floor":35,"key":"AttackPotion"},{"floor":40,"key":"BlessingOfTheForge"}],"is_trial":false,"path_per_floor":["M","M","M","M","M","E","?","M","T","R","M","M","$","M","R","B",null,"M","?","?","M","M","M","E","R","T","?","M","E","M","?","R","B",null,"M","M","?","?","M","E","?","?","T","E","R","$","M","?","R","B",null],"character_chosen":"THE_SILENT","items_purchased":["Membership Card","infinitespire:Neurotoxin","TwistedFunnel","Vajra","infinitespire:Bottled Soul","HollowMod:PaleOreRelic","HandDrill","Toolbox","Pocketwatch","Omamori"],"campfire_rested":1,"item_purchase_floors":[13,13,13,13,46,46,46,46,46,46],"current_hp_per_floor":[70,70,65,65,64,43,43,42,42,42,43,44,44,45,45,46,75,76,76,76,77,76,77,73,73,73,73,64,56,57,57,57,47,84,85,85,86,86,87,89,72,50,50,51,90,90,91,91,91,54],"gold":276,"neow_bonus":"BOSS_RELIC","is_daily":false,"chose_seed":false,"campfire_upgraded":3,"win_rate":0.0,"timestamp":1612173918,"path_taken":["M","M","M","M","M","E","?","M","T","R","M","?","$","M","R","BOSS","M","?","?","?","M","M","E","R","T","?","?","E","M","?","R","BOSS","M","M","?","?","M","E","?","?","T","E","R","$","?","?","R","BOSS"],"items_purchased_type":["Relic","Card","Relic","Relic","Relic","Relic","Relic","Relic","Relic","Relic"],"build_version":"2020-12-22","purchased_purges":2,"victory":true,"max_hp_per_floor":[70,70,70,70,70,70,70,71,71,71,72,73,73,74,74,75,75,76,76,76,77,78,79,80,80,80,80,81,82,83,83,83,84,84,85,86,87,87,88,89,89,89,89,90,90,90,91,91,91,92],"relic_stats":{"Nunchaku":[19],"Regal Pillow":12,"FaceOfCleric":22,"counters":[28,101],"Bronze Scales":[165],"HandDrill":[6],"Whetstone":["Poisoned Stab","Strike_G"],"War Paint":["Defend_G","Blur"],"Cursed Key":2,"Boot":[7],"obtain_stats":[{"TwistedFunnel":13,"Regal Pillow":43,"Vajra":13,"Incense Burner":0,"Whetstone":26,"Cursed Key":17,"Boot":40,"Nunchaku":6,"FaceOfCleric":7,"infinitespire:Bottled Soul":46,"Toolbox":46,"HandDrill":46,"HollowMod:PaleOreRelic":46,"wanderingMiniBosses:LockLocket":30,"Ring of the Snake":0,"Runic Pyramid":34,"Girya":24,"Thread and Needle":29,"Omamori":46,"infinitespire:Magic Flask":37,"War Paint":44,"Calling Bell":0,"Bronze Scales":0,"infinitespire:EmpoweringShard":0,"Membership Card":13,"Pocketwatch":46},{"TwistedFunnel":9,"Regal Pillow":25,"Vajra":9,"Incense Burner":0,"Whetstone":16,"Cursed Key":11,"Boot":25,"Nunchaku":6,"FaceOfCleric":6,"infinitespire:Bottled Soul":26,"Toolbox":26,"HandDrill":26,"HollowMod:PaleOreRelic":26,"wanderingMiniBosses:LockLocket":19,"Ring of the Snake":0,"Runic Pyramid":20,"Girya":16,"Thread and Needle":18,"Omamori":26,"infinitespire:Magic Flask":23,"War Paint":26,"Calling Bell":0,"Bronze Scales":0,"infinitespire:EmpoweringShard":0,"Membership Card":9,"Pocketwatch":26},{"TwistedFunnel":35,"Regal Pillow":89,"Vajra":35,"Incense Burner":0,"Whetstone":62,"Cursed Key":42,"Boot":89,"Nunchaku":23,"FaceOfCleric":23,"infinitespire:Bottled Soul":91,"Toolbox":91,"HandDrill":91,"HollowMod:PaleOreRelic":91,"wanderingMiniBosses:LockLocket":74,"Ring of the Snake":0,"Runic Pyramid":79,"Girya":62,"Thread and Needle":71,"Omamori":91,"infinitespire:Magic Flask":83,"War Paint":91,"Calling Bell":0,"Bronze Scales":0,"infinitespire:EmpoweringShard":0,"Membership Card":35,"Pocketwatch":91}],"Pocketwatch":[2]},"card_choices":[{"not_picked":["Slice","Outmaneuver"],"picked":"Blade Dance","floor":1},{"not_picked":["Blur","PiercingWail"],"picked":"Choke","floor":2},{"not_picked":["Flying Knee","Blur"],"picked":"Predator","floor":3},{"not_picked":["PiercingWail","Slice"],"picked":"Dodge and Roll","floor":4},{"not_picked":["Dodge and Roll","Quick Slash","Expertise"],"picked":"SKIP","floor":5},{"not_picked":["Distraction","Sucker Punch"],"picked":"Backflip","floor":6},{"not_picked":["Blade Dance","Predator"],"picked":"Backflip","floor":8},{"not_picked":["Distraction","Outmaneuver"],"picked":"Backstab","floor":11},{"not_picked":["Skewer","Dagger Throw"],"picked":"Noxious Fumes","floor":12},{"not_picked":["Sucker Punch","Prepared"],"picked":"Venomology","floor":14},{"not_picked":["Wraith Form v2","Unload"],"picked":"Adrenaline","floor":16},{"not_picked":["Backflip","Blade Dance"],"picked":"Poisoned Stab","floor":18},{"not_picked":["Deadly Poison","Dagger Throw","Choke"],"picked":"SKIP","floor":21},{"not_picked":["Masterful Stab","All Out Attack","Underhanded Strike"],"picked":"SKIP","floor":22},{"not_picked":["Finisher","Endless Agony"],"picked":"Footwork","floor":23},{"not_picked":["Acrobatics","PiercingWail"],"picked":"infinitespire:Neurotoxin","floor":24},{"not_picked":["Slice+1","Flying Knee","Expertise"],"picked":"SKIP","floor":28},{"not_picked":["Outmaneuver+1","Underhanded Strike+1","Flechettes"],"picked":"SKIP","floor":29},{"not_picked":["PiercingWail","Dagger Throw"],"picked":"Bouncing Flask+1","floor":30},{"not_picked":["Doppelganger","Die Die Die"],"picked":"Adrenaline","floor":33},{"not_picked":["Blade Dance+1","Bane"],"picked":"Prepared+1","floor":35},{"not_picked":["Blade Dance","Outmaneuver"],"picked":"Blur","floor":36},{"not_picked":["Glass Knife","Dagger Spray+1","Flying Knee+1"],"picked":"SKIP","floor":39},{"not_picked":["infinitespire:Neurotoxin","Deadly Poison+1"],"picked":"Blur+1","floor":40},{"not_picked":["infinitespire:Execution","infinitespire:Fortify"],"picked":"infinitespire:FutureSight","floor":42},{"not_picked":["Dagger Throw+1","Distraction+1"],"picked":"Dodge and Roll","floor":44},{"not_picked":["All Out Attack","Dagger Throw"],"picked":"Masterful Stab","floor":47}],"player_experience":46495,"relics_obtained":[{"floor":0,"key":"infinitespire:EmpoweringShard"},{"floor":0,"key":"Incense Burner"},{"floor":0,"key":"Bronze Scales"},{"floor":6,"key":"Nunchaku"},{"floor":24,"key":"Girya"},{"floor":26,"key":"Whetstone"},{"floor":29,"key":"Thread and Needle"},{"floor":30,"key":"wanderingMiniBosses:LockLocket"},{"floor":37,"key":"infinitespire:Magic Flask"},{"floor":40,"key":"Boot"},{"floor":43,"key":"Regal Pillow"},{"floor":44,"key":"War Paint"}],"event_choices":[{"damage_healed":0,"gold_gain":0,"player_choice":"Trade","damage_taken":0,"relics_obtained":["FaceOfCleric"],"max_hp_gain":0,"max_hp_loss":0,"event_name":"FaceTrader","floor":7,"gold_loss":0},{"damage_healed":0,"gold_gain":0,"player_choice":"Upgraded","damage_taken":0,"max_hp_gain":0,"max_hp_loss":0,"event_name":"Upgrade Shrine","floor":19,"gold_loss":0,"cards_upgraded":["Noxious Fumes"]},{"damage_healed":0,"gold_gain":0,"player_choice":"Got Potions","damage_taken":0,"max_hp_gain":0,"max_hp_loss":0,"event_name":"Lab","floor":20,"gold_loss":0},{"damage_healed":0,"gold_gain":0,"player_choice":"Copied","damage_taken":0,"max_hp_gain":0,"max_hp_loss":0,"event_name":"Duplicator","floor":27,"gold_loss":0,"cards_obtained":["infinitespire:Neurotoxin"]},{"damage_healed":0,"gold_gain":0,"player_choice":"Bought 1 Potion","damage_taken":0,"max_hp_gain":0,"max_hp_loss":0,"event_name":"The Woman in Blue","floor":31,"gold_loss":0},{"damage_healed":0,"gold_gain":0,"player_choice":"Fight","damage_taken":0,"max_hp_gain":0,"max_hp_loss":0,"event_name":"MindBloom","floor":37,"gold_loss":0},{"damage_healed":0,"gold_gain":3,"player_choice":"2","damage_taken":0,"max_hp_gain":0,"max_hp_loss":17,"event_name":"betterStone:BetterStone","floor":41,"gold_loss":0},{"damage_healed":0,"gold_gain":0,"player_choice":"Ignored","damage_taken":0,"max_hp_gain":0,"max_hp_loss":0,"event_name":"Tomb of Lord Red Mask","floor":48,"gold_loss":0}],"is_beta":false,"boss_relics":[{"not_picked":["Runic Dome","Astrolabe"],"picked":"Cursed Key"},{"not_picked":["Black Star","Tiny House"],"picked":"Runic Pyramid"}],"items_purged_floors":[46,46],"is_endless":false,"potions_floor_spawned":[2,3,4,11,12,14,22,23,28,33,35,40,47],"ascension_level":0}}