{"host":"1ekl8hlbnopmdapi","time":1612196084,"event":{"mods":["AchievementEnabler","BaseMod","Colored Map","Colored Powertips","DeckTracker","Googly Eyes","Highlight Path","Minty Spire (QoL Compilation)","Relic Sorter","StSLib","Synergy Search"],"gold_per_floor":[109,127,127,139,139,168,186,30,55,17,29,29,60,70,70,170,170,183,195,195,195,206,232,155,155,155,166,166,179,195,225,225,325,325,338,338,338,115,131,158,170,182,194,206,234,246,143,178,178,178,178],"floor_reached":50,"language":"ENG","playtime":1494,"items_purged":["Pain"],"score":721,"play_id":"88e6c9d4-da01-428b-87ea-89a23e9b3d56","local_time":"20210201111444","is_ascension_mode":true,"campfire_choices":[{"floor":12,"key":"REST"},{"floor":15,"key":"REST"},{"floor":28,"key":"REST"},{"floor":32,"key":"REST"},{"floor":41,"key":"REST"},{"floor":44,"key":"RECALL"},{"floor":46,"key":"REST"},{"floor":49,"key":"REST"}],"circlet_count":0,"master_deck":["Strike_P+1","Strike_P+1","Strike_P+1","Strike_P+1","Defend_P+1","Defend_P+1","Defend_P+1","Defend_P+1","Eruption","Vigilance+1","DeceiveReality+1","FlurryOfBlows","FlyingSleeves","CrushJoints","TalkToTheHand","Establishment","FollowUp+1","DeusExMachina","BowlingBash+1","ClearTheMind+1","PathToVictory+1","FlurryOfBlows","LessonLearned","CrushJoints","PathToVictory+1","BattleHymn","Vault+1","FearNoEvil+1","Madness+1","Madness+1","Flash of Steel","SandsOfTime","Evaluate+1","TalkToTheHand","DevaForm","PathToVictory+1"],"relics":["HolyWater","WarpedTongs","Nunchaku","Membership Card","Dream Catcher","SacredBark","Toxic Egg 2","HandDrill","MealTicket","Toy Ornithopter","PreservedInsect","Bronze Scales","Gremlin Horn","MawBank","Darkstone Periapt","Anchor","InkBottle"],"acts_visited":["TheCity","TheBeyond"],"potions_floor_usage":[13,29,31,40,42,50],"damage_taken":[{"damage":2,"enemies":"Cultist","floor":1,"turns":3},{"damage":8,"enemies":"Jaw Worm","floor":2,"turns":4},{"damage":0,"enemies":"2 Louse","floor":4,"turns":2},{"damage":27,"enemies":"3 Sentries","floor":6,"turns":7},{"damage":7,"enemies":"Blue Slaver","floor":7,"turns":5},{"damage":0,"enemies":"2 Fungi Beasts","floor":11,"turns":2},{"damage":43,"enemies":"Lagavulin","floor":13,"turns":5},{"damage":0,"enemies":"Looter","floor":14,"turns":3},{"damage":8,"enemies":"Hexaghost","floor":16,"turns":11},{"damage":8,"enemies":"Chosen","floor":18,"turns":3},{"damage":4,"enemies":"3 Byrds","floor":19,"turns":7},{"damage":6,"enemies":"Snecko","floor":22,"turns":6},{"damage":22,"enemies":"Gremlin Leader","floor":23,"turns":7},{"damage":16,"enemies":"Cultist and Chosen","floor":27,"turns":4},{"damage":6,"enemies":"3 Cultists","floor":29,"turns":3},{"damage":13,"enemies":"Snecko","floor":30,"turns":5},{"damage":16,"enemies":"Book of Stabbing","floor":31,"turns":5},{"damage":34,"enemies":"Champ","floor":33,"turns":10},{"damage":18,"enemies":"Orb Walker","floor":35,"turns":4},{"damage":16,"enemies":"3 Shapes","floor":39,"turns":7},{"damage":26,"enemies":"Reptomancer","floor":40,"turns":4},{"damage":0,"enemies":"Giant Head","floor":42,"turns":1},{"damage":12,"enemies":"Spire Growth","floor":45,"turns":5},{"damage":57,"enemies":"Nemesis","floor":48,"turns":6},{"damage":58,"enemies":"Time Eater","floor":50,"turns":3}],"seed_played":"-1712407731807420575","potions_obtained":[{"floor":1,"key":"ColorlessPotion"},{"floor":4,"key":"BottledMiracle"},{"floor":6,"key":"BottledMiracle"},{"floor":13,"key":"GamblersBrew"},{"floor":19,"key":"Strength Potion"},{"floor":27,"key":"AttackPotion"},{"floor":33,"key":"BottledMiracle"},{"floor":35,"key":"Block Potion"},{"floor":39,"key":"SmokeBomb"},{"floor":45,"key":"LiquidBronze"}],"is_trial":false,"path_per_floor":["M","M","?","M","?","E","M","$","T","$","M","R","E","M","R","B",null,"M","M","?","?","M","E","$","?","T","M","R","M","M","E","R","B",null,"M","?","?","$","M","E","R","E","T","R","M","R","$","E","R","B"],"character_chosen":"WATCHER","items_purchased":["Membership Card","HandDrill","Bronze Scales","Gremlin Horn","SandsOfTime","Anchor","TalkToTheHand"],"campfire_rested":7,"item_purchase_floors":[8,24,38,38,38,47,47],"current_hp_per_floor":[77,69,69,69,69,42,35,35,35,35,35,58,15,15,38,30,79,71,67,67,67,61,39,39,39,39,23,46,45,32,21,44,10,79,61,51,51,66,50,29,52,57,57,57,45,68,79,22,45,0,0],"gold":178,"neow_bonus":"TEN_PERCENT_HP_BONUS","is_daily":false,"chose_seed":false,"campfire_upgraded":0,"win_rate":0.0,"timestamp":1612196084,"path_taken":["M","M","?","M","?","E","M","$","T","$","M","R","E","?","R","BOSS","M","M","?","?","M","E","?","?","T","M","R","M","M","E","R","BOSS","M","?","?","$","M","E","R","E","T","R","M","R","$","E","R","BOSS"],"items_purchased_type":["Relic","Relic","Relic","Relic","Card","Relic","Card"],"build_version":"2020-12-22","purchased_purges":1,"victory":false,"max_hp_per_floor":[79,79,79,79,79,79,79,79,79,79,79,79,79,79,79,79,79,79,79,79,79,79,79,79,79,79,79,79,79,79,79,79,79,79,79,79,79,79,79,79,79,79,79,79,79,79,79,79,79,79,79],"card_choices":[{"not_picked":["JustLucky","BowlingBash"],"picked":"DeceiveReality","floor":1},{"not_picked":["SignatureMove","WheelKick"],"picked":"FlurryOfBlows","floor":2},{"not_picked":["Wireheading","Halt"],"picked":"FlyingSleeves","floor":4},{"not_picked":["JustLucky","Consecrate","ForeignInfluence"],"picked":"SKIP","floor":6},{"not_picked":["ForeignInfluence","Meditate"],"picked":"CrushJoints","floor":7},{"not_picked":["EmptyBody","Swivel"],"picked":"TalkToTheHand","floor":11},{"not_picked":["Prostrate","WreathOfFlame"],"picked":"Establishment","floor":13},{"not_picked":["ThirdEye","Crescendo"],"picked":"FollowUp","floor":14},{"not_picked":["Establishment","SpiritShield"],"picked":"DeusExMachina","floor":16},{"not_picked":["Halt+1","EmptyFist+1"],"picked":"BowlingBash","floor":18},{"not_picked":["CutThroughFate","Fasting2"],"picked":"ClearTheMind+1","floor":19},{"not_picked":["Sanctity","EmptyBody"],"picked":"PathToVictory+1","floor":22},{"not_picked":["WaveOfTheHand+1","Indignation+1"],"picked":"FlurryOfBlows","floor":23},{"not_picked":["EmptyBody+1","Prostrate+1","Collect+1"],"picked":"SKIP","floor":27},{"not_picked":["LikeWater","Consecrate"],"picked":"LessonLearned","floor":28},{"not_picked":["FlurryOfBlows","Halt+1","ForeignInfluence+1"],"picked":"SKIP","floor":29},{"not_picked":["Halt+1","FlurryOfBlows+1"],"picked":"CrushJoints","floor":30},{"not_picked":["BowlingBash","Nirvana"],"picked":"PathToVictory+1","floor":31},{"not_picked":["Prostrate+1","WheelKick+1"],"picked":"BattleHymn","floor":32},{"not_picked":["DeusExMachina+1","Ragnarok"],"picked":"Vault+1","floor":33},{"not_picked":["FollowUp+1","LikeWater"],"picked":"FearNoEvil+1","floor":35},{"not_picked":["Transmutation+1","Sadistic Nature"],"picked":"Flash of Steel","floor":37},{"not_picked":["CrushJoints","ClearTheMind+1","JustLucky"],"picked":"SKIP","floor":39},{"not_picked":["JustLucky+1","Consecrate+1","EmptyBody+1"],"picked":"SKIP","floor":40},{"not_picked":["EmptyFist","FlurryOfBlows+1","JustLucky"],"picked":"SKIP","floor":45},{"not_picked":["CutThroughFate","FlyingSleeves+1"],"picked":"Evaluate+1","floor":46},{"not_picked":["Consecrate+1","EmptyFist+1"],"picked":"DevaForm","floor":48},{"not_picked":["EmptyFist+1","ClearTheMind+1"],"picked":"PathToVictory+1","floor":49}],"player_experience":513998,"relics_obtained":[{"floor":6,"key":"Nunchaku"},{"floor":13,"key":"Dream Catcher"},{"floor":23,"key":"Toxic Egg 2"},{"floor":26,"key":"Toy Ornithopter"},{"floor":31,"key":"PreservedInsect"},{"floor":40,"key":"MawBank"},{"floor":43,"key":"Darkstone Periapt"},{"floor":48,"key":"InkBottle"}],"event_choices":[{"damage_healed":0,"gold_gain":0,"player_choice":"Grow","damage_taken":0,"max_hp_gain":0,"max_hp_loss":0,"event_name":"Living Wall","floor":3,"gold_loss":0,"cards_upgraded":["DeceiveReality"]},{"damage_healed":0,"gold_gain":0,"player_choice":"Rummage","damage_taken":0,"relics_obtained":["WarpedTongs"],"max_hp_gain":0,"max_hp_loss":0,"event_name":"Accursed Blacksmith","floor":5,"gold_loss":0,"cards_obtained":["Pain"]},{"damage_healed":0,"gold_gain":0,"player_choice":"Simplicity","damage_taken":0,"max_hp_gain":0,"max_hp_loss":0,"event_name":"Back to Basics","floor":20,"gold_loss":0,"cards_upgraded":["Strike_P","Strike_P","Strike_P","Strike_P","Defend_P","Defend_P","Defend_P","Defend_P"]},{"damage_healed":0,"gold_gain":0,"player_choice":"Ignored","damage_taken":0,"max_hp_gain":0,"max_hp_loss":0,"event_name":"Vampires","floor":21,"gold_loss":0},{"damage_healed":0,"gold_gain":0,"player_choice":"Opened","damage_taken":0,"relics_obtained":["MealTicket"],"max_hp_gain":0,"max_hp_loss":0,"event_name":"The Mausoleum","floor":25,"gold_loss":0},{"damage_healed":0,"gold_gain":0,"player_choice":"Embrace Madness","damage_taken":10,"max_hp_gain":0,"max_hp_loss":0,"event_name":"Winding Halls","floor":36,"gold_loss":0,"cards_obtained":["Madness","Madness"]},{"damage_healed":0,"gold_gain":0,"player_choice":"Memory 1","damage_taken":0,"max_hp_gain":0,"max_hp_loss":0,"event_name":"SensoryStone","floor":37,"gold_loss":0}],"is_beta":false,"boss_relics":[{"not_picked":["Velvet Choker","Philosopher\u0027s Stone"],"picked":"SacredBark"},{"not_picked":["Coffee Dripper","Sozu"],"picked":"HolyWater"}],"items_purged_floors":[10],"is_endless":false,"potions_floor_spawned":[1,4,6,13,14,19,23,27,33,35,39,45],"killed_by":"Time Eater","ascension_level":4}}