{"host":"zs3tguvuxkh90jf4","time":1612146902,"event":{"mods":["AchievementEnabler","BaseMod","Better-Laid Plans","BetterRewards","Block Reminder","Colored Map","Colored Powertips","Gold Saver","Minty Spire (QoL Compilation)","Shop Mod","StSLib","Transform Curses"],"gold_per_floor":[3029,1641,1655,1666,1677,1709,1709,1742,1742,1742,1758,1769,1120,1155,1155,1251,1251,1270,1270,1230,1243,1260,1286,1286,1317,1317,1317,1317,1317,409,424,424,526,526,546,561,572,572,572,600,5,40,40,40,40,109,139,158,158,158],"floor_reached":51,"language":"ENG","playtime":3313,"items_purged":["Strike_R","Whirlwind"],"score":1223,"play_id":"9d8b2b05-e0e9-41c5-80ef-2be5b0e3189c","local_time":"20210131183502","is_ascension_mode":true,"campfire_choices":[{"floor":7,"key":"REST"},{"data":"Entrench","floor":15,"key":"SMITH"},{"floor":28,"key":"REST"},{"data":"Entrench","floor":32,"key":"SMITH"},{"floor":45,"key":"REST"},{"data":"Enlightenment","floor":49,"key":"SMITH"}],"circlet_count":0,"master_deck":["Strike_R","Strike_R+1","Strike_R","Defend_R","Defend_R","Defend_R","Defend_R","Bash","Cleave","Thunderclap+1","Thunderclap","Metallicize","Shockwave+1","Uppercut","Whirlwind","Violence","Entrench+1","Armaments","Reaper","Double Tap","Flex+1","Dropkick","CurseOfTheBell","Flex+1","Barricade+1","Spot Weakness","Shrug It Off+1","Sadistic Nature","Heavy Blade","Clothesline+1","Entrench+1","Rage","Impervious+1","Fire Breathing+1","Ghostly Armor+1","Good Instincts","Enlightenment+1","Heavy Blade+1","Flame Barrier","Metallicize","Impervious"],"relics":["Burning Blood","Ginger","Runic Cube","Bronze Scales","White Beast Statue","TheAbacus","MerchantsRug","Vajra","HornCleat","Meat on the Bone","Nunchaku","Blue Candle","Mango","InkBottle","MutagenicStrength","Potion Belt","Darkstone Periapt","Ancient Tea Set","Question Card","Gremlin Horn","Paper Frog","Turnip","Runic Pyramid","Anchor","Pantograph","Mercury Hourglass","War Paint","Centennial Puzzle","Bag of Marbles","Whetstone"],"acts_visited":["Exordium","TheCity","TheBeyond"],"potions_floor_usage":[6,8,8,16,22,23,23,25,33,35,38,38,38,40,42,42,42,42,50,50,50,50],"damage_taken":[{"damage":12,"enemies":"Jaw Worm","floor":1,"turns":2},{"damage":4,"enemies":"Cultist","floor":3,"turns":3},{"damage":13,"enemies":"Small Slimes","floor":4,"turns":2},{"damage":8,"enemies":"Looter","floor":5,"turns":3},{"damage":27,"enemies":"Lagavulin","floor":6,"turns":9},{"damage":15,"enemies":"Gremlin Nob","floor":8,"turns":5},{"damage":20,"enemies":"Red Slaver","floor":11,"turns":4},{"damage":14,"enemies":"Exordium Wildlife","floor":12,"turns":4},{"damage":10,"enemies":"3 Sentries","floor":14,"turns":4},{"damage":9,"enemies":"The Guardian","floor":16,"turns":14},{"damage":5,"enemies":"Chosen","floor":18,"turns":5},{"damage":25,"enemies":"2 Thieves","floor":21,"turns":4},{"damage":16,"enemies":"Snake Plant","floor":22,"turns":3},{"damage":34,"enemies":"Slavers","floor":23,"turns":5},{"damage":74,"enemies":"Book of Stabbing","floor":25,"turns":7},{"damage":17,"enemies":"3 Cultists","floor":31,"turns":4},{"damage":24,"enemies":"Collector","floor":33,"turns":9},{"damage":46,"enemies":"3 Darklings","floor":35,"turns":6},{"damage":7,"enemies":"Orb Walker","floor":36,"turns":5},{"damage":17,"enemies":"3 Darklings","floor":37,"turns":2},{"damage":35,"enemies":"Transient","floor":38,"turns":4},{"damage":87,"enemies":"Reptomancer","floor":40,"turns":4},{"damage":45,"enemies":"Giant Head","floor":42,"turns":10},{"damage":0,"enemies":"Nemesis","floor":47,"turns":1},{"damage":39,"enemies":"Writhing Mass","floor":48,"turns":7},{"damage":25,"enemies":"Awakened One","floor":50,"turns":13}],"seed_played":"8014895782459604428","potions_obtained":[{"floor":3,"key":"AttackPotion"},{"floor":6,"key":"PowerPotion"},{"floor":8,"key":"Strength Potion"},{"floor":11,"key":"Swift Potion"},{"floor":12,"key":"SmokeBomb"},{"floor":16,"key":"FearPotion"},{"floor":22,"key":"DistilledChaos"},{"floor":23,"key":"SkillPotion"},{"floor":25,"key":"SpeedPotion"},{"floor":31,"key":"FairyPotion"},{"floor":33,"key":"Weak Potion"},{"floor":35,"key":"BlessingOfTheForge"},{"floor":36,"key":"PowerPotion"},{"floor":37,"key":"AttackPotion"},{"floor":40,"key":"LiquidMemories"},{"floor":42,"key":"EntropicBrew"},{"floor":47,"key":"DuplicationPotion"},{"floor":48,"key":"Energy Potion"}],"is_trial":false,"path_per_floor":["M","$","M","M","M","E","R","E","T","?","M","M","$","E","R","B",null,"M","?","?","M","M","E","?","E","T","T","R","?","$","M","R","B",null,"M","M","M","M","?","E","$","E","T","?","R","$","E","M","R","B",null],"character_chosen":"IRONCLAD","items_purchased":["Ginger","Cleave","Thunderclap","Bronze Scales","White Beast Statue","TheAbacus","MerchantsRug","Metallicize","Shockwave","Uppercut","Whirlwind","Block Potion","SpeedPotion","Regen Potion","Violence","Lee\u0027s Waffle","Nunchaku","Blue Candle","Paper Frog","Turnip","Sadistic Nature","Orrery","Pantograph","Mercury Hourglass","Energy Potion","AttackPotion","Bag of Marbles","Metallicize"],"campfire_rested":3,"item_purchase_floors":[0,0,0,2,2,2,2,2,2,2,2,2,2,2,2,13,13,13,30,30,30,30,41,41,41,41,46,46],"current_hp_per_floor":[58,58,60,53,51,30,54,65,65,65,51,53,87,97,97,101,101,101,101,101,95,88,80,80,31,31,31,63,63,63,70,70,70,99,77,76,65,48,43,44,44,36,36,36,68,68,74,68,68,95],"gold":158,"neow_bonus":"","is_daily":false,"chose_seed":false,"campfire_upgraded":3,"win_rate":0.0,"timestamp":1612146902,"path_taken":["M","$","M","M","M","E","R","E","T","?","?","M","$","E","R","BOSS","M","?","?","?","M","E","?","E","T","?","R","?","$","M","R","BOSS","M","M","M","?","?","E","$","E","T","?","R","$","E","M","R","BOSS"],"items_purchased_type":["Relic","Card","Card","Relic","Relic","Relic","Relic","Card","Card","Card","Card","Potion","Potion","Potion","Card","Relic","Relic","Relic","Relic","Relic","Card","Relic","Relic","Relic","Potion","Potion","Relic","Card"],"build_version":"2020-12-22","purchased_purges":2,"victory":true,"max_hp_per_floor":[80,80,80,80,80,80,80,80,80,80,80,80,87,101,101,101,101,101,101,101,101,101,101,101,108,108,108,108,108,108,108,108,108,108,108,108,108,108,108,108,108,108,108,108,108,108,108,108,108,108],"card_choices":[{"not_picked":["Searing Blow","Anger"],"picked":"Whirlwind","floor":1},{"not_picked":["Clothesline","Anger"],"picked":"Entrench","floor":3},{"not_picked":["Clothesline","Iron Wave"],"picked":"Armaments","floor":4},{"not_picked":["True Grit","Intimidate","Twin Strike"],"picked":"SKIP","floor":5},{"not_picked":["Combust","Warcry"],"picked":"Reaper","floor":6},{"not_picked":["Intimidate","Perfected Strike"],"picked":"Double Tap","floor":8},{"not_picked":["Cleave","Armaments","Clash"],"picked":"SKIP","floor":11},{"not_picked":["Blood for Blood","Clothesline"],"picked":"Flex","floor":12},{"not_picked":["Headbutt","Iron Wave"],"picked":"Dropkick","floor":14},{"not_picked":["Headbutt","True Grit"],"picked":"Flex+1","floor":18},{"not_picked":["Sword Boomerang","Armaments","Disarm+1"],"picked":"SKIP","floor":21},{"not_picked":["Twin Strike","Warcry+1"],"picked":"Barricade","floor":22},{"not_picked":["Clothesline","True Grit+1"],"picked":"Spot Weakness","floor":23},{"not_picked":["Pommel Strike","Corruption"],"picked":"Shrug It Off","floor":25},{"not_picked":["Carnage","Headbutt","Iron Wave"],"picked":"Heavy Blade","floor":30},{"not_picked":["Thunderclap+1","True Grit","Sword Boomerang"],"picked":"Clothesline+1","floor":30},{"not_picked":["Perfected Strike","Combust","Carnage"],"picked":"Entrench","floor":30},{"not_picked":["Bloodletting","Warcry","Combust"],"picked":"Rage","floor":30},{"not_picked":["Brutality","Carnage","Havoc","Thunderclap+1"],"picked":"SKIP","floor":31},{"not_picked":["Berserk","Bludgeon","Reaper"],"picked":"Impervious","floor":33},{"not_picked":["Cleave","Clash","Rampage","Evolve"],"picked":"SKIP","floor":35},{"not_picked":["Heavy Blade","Blood for Blood","Twin Strike"],"picked":"Fire Breathing+1","floor":36},{"not_picked":["Heavy Blade+1","Hemokinesis","Perfected Strike+1"],"picked":"Ghostly Armor+1","floor":37},{"not_picked":["Blind","Purity","Panacea"],"picked":"Good Instincts","floor":39},{"not_picked":["Deep Breath","Impatience","Good Instincts"],"picked":"Enlightenment","floor":39},{"not_picked":["Wild Strike+1","Pummel+1","Corruption"],"picked":"Heavy Blade+1","floor":40},{"not_picked":["Twin Strike","Heavy Blade+1","Bloodletting"],"picked":"Flame Barrier","floor":42},{"not_picked":["True Grit+1","Sever Soul","Clash"],"picked":"Impervious","floor":47},{"not_picked":["Shrug It Off","Sword Boomerang+1","Pommel Strike","Heavy Blade+1"],"picked":"SKIP","floor":48}],"player_experience":495918,"relics_obtained":[{"floor":6,"key":"Matryoshka"},{"floor":8,"key":"Vajra"},{"floor":9,"key":"HornCleat"},{"floor":9,"key":"Meat on the Bone"},{"floor":14,"key":"Mango"},{"floor":17,"key":"Omamori"},{"floor":17,"key":"InkBottle"},{"floor":17,"key":"Peace Pipe"},{"floor":23,"key":"Potion Belt"},{"floor":25,"key":"Strawberry"},{"floor":26,"key":"Ancient Tea Set"},{"floor":26,"key":"Question Card"},{"floor":27,"key":"Gremlin Horn"},{"floor":40,"key":"Anchor"},{"floor":42,"key":"War Paint"},{"floor":43,"key":"Centennial Puzzle"},{"floor":47,"key":"Whetstone"}],"event_choices":[{"cards_removed":["Strike_R"],"damage_healed":0,"gold_gain":0,"player_choice":"Purged","damage_taken":0,"max_hp_gain":0,"max_hp_loss":0,"event_name":"Purifier","floor":10,"gold_loss":0},{"damage_healed":0,"gold_gain":0,"player_choice":"Inject Mutagens","damage_taken":0,"relics_obtained":["MutagenicStrength"],"max_hp_gain":0,"max_hp_loss":0,"event_name":"Drug Dealer","floor":19,"gold_loss":0},{"damage_healed":0,"gold_gain":0,"player_choice":"Upgraded Two","damage_taken":0,"max_hp_gain":0,"max_hp_loss":0,"event_name":"Designer","floor":20,"gold_loss":40,"cards_upgraded":["Flex","Shockwave"]},{"damage_healed":0,"gold_gain":0,"player_choice":"Opened","damage_taken":0,"relics_obtained":["Darkstone Periapt"],"max_hp_gain":0,"max_hp_loss":0,"event_name":"The Mausoleum","floor":24,"gold_loss":0,"cards_obtained":["Writhe"]},{"damage_healed":0,"gold_gain":0,"player_choice":"Upgraded","damage_taken":0,"max_hp_gain":0,"max_hp_loss":0,"event_name":"Upgrade Shrine","floor":29,"gold_loss":0,"cards_upgraded":["Barricade"]},{"damage_healed":0,"gold_gain":0,"player_choice":"Memory 2","damage_taken":5,"max_hp_gain":0,"max_hp_loss":0,"event_name":"SensoryStone","floor":39,"gold_loss":0},{"damage_healed":0,"gold_gain":0,"player_choice":"Ignored","damage_taken":0,"max_hp_gain":0,"max_hp_loss":0,"event_name":"Mysterious Sphere","floor":44,"gold_loss":0}],"is_beta":false,"boss_relics":[{"not_picked":["Coffee Dripper","Tiny House"],"picked":"Calling Bell"},{"not_picked":["Fusion Hammer","Empty Cage"],"picked":"Runic Pyramid"}],"items_purged_floors":[2,13],"is_endless":false,"potions_floor_spawned":[3,4,5,6,8,11,12,14,16,18,21,22,23,25,31,33,35,36,37,38,40,42,47,48],"ascension_level":7}}