{"host":"g76swmzai3i25uo4","time":1612154363,"event":{"mods":["AchievementEnabler","BaseMod","Card Forge","Colored Map","Colored Powertips","Minty Spire (QoL Compilation)","Permanent Neow","Quick Restart","Replay The Spire","StSLib","SuperFastMode","UnlockEverythingMod","¡¾ÒÅÎï¿¨ÅÆ¡¿REMEMod"],"gold_per_floor":[111,131,143,155,155,187,187,219,219,234,248,280,296,315,315,415,415,429,429,445,457,475,502,531,531,531,531,596,640,640,693,693,837,937,985,985,1033,1058,1058,1097,1097,1127,1151,1151,1167,1179,1216,1272,1272,1276,1276,1276,964,998,1002],"floor_reached":56,"language":"ZHS","playtime":4313,"items_purged":[],"score":1777,"play_id":"4e2cf250-4c33-4aa8-8484-0e214f13e8e3","local_time":"20210201123923","is_ascension_mode":true,"campfire_choices":[{"floor":7.0,"key":"REST"},{"floor":15,"key":"DIG"},{"floor":25,"key":"RECALL"},{"data":"Outmaneuver+1","floor":30,"key":"PURGE"},{"data":"Dagger Throw+1","floor":32,"key":"PURGE"},{"floor":44,"key":"REST"},{"floor":49,"key":"REST"},{"data":"Defend_G+1","floor":52,"key":"PURGE"}],"circlet_count":0,"master_deck":["Deflect+1","Backflip+1","Deflect+1","Neutralize+1","Deflect+1","Acrobatics+1","Adrenaline+1","Escape Plan+1","Catalyst+1","Doppelganger+1","Replay:Poison Smokescreen+1","Bouncing Flask+1","Adrenaline+1","Replay:Poison Smokescreen+1","Bouncing Flask+1","Catalyst+1","Adrenaline+1"],"relics":["Hammer of Thor","Seething Fire","Anvil of the Gods","REME_ComplimentaryCards","WristBlade","WingedGreaves","Bronze Scales","Peace Pipe","Quantum Egg","Fusion Hammer","Blood Vial","Replay:Bandana","Pear","Replay:Rubber Ducky","Toxic Egg 2","Snake Skull","Replay:Wanted Poster","PreservedInsect","WarpedTongs","Singing Bowl","ReplayTheSpireMod:TigerMarble","The Specimen","Replay:Arrowhead","Lantern","REME_CardOfGreed","Akabeko"],"acts_visited":["Exordium","TheCity","TheBeyond","TheEnding"],"potions_floor_usage":[21,31],"damage_taken":[{"damage":2.0,"enemies":"Small Slimes","floor":1.0,"turns":5.0},{"damage":1.0,"enemies":"Cultist","floor":2.0,"turns":4.0},{"damage":0.0,"enemies":"Jaw Worm","floor":3.0,"turns":2.0},{"damage":0.0,"enemies":"Lots of Slimes","floor":4.0,"turns":2.0},{"damage":22.0,"enemies":"3 Sentries","floor":6.0,"turns":5.0},{"damage":33.0,"enemies":"Lagavulin","floor":8.0,"turns":6.0},{"damage":5.0,"enemies":"Blue Slaver","floor":10.0,"turns":2.0},{"damage":0.0,"enemies":"Looter","floor":11.0,"turns":2.0},{"damage":10.0,"enemies":"3 Sentries","floor":12.0,"turns":4.0},{"damage":0.0,"enemies":"Gremlin Gang","floor":13.0,"turns":2.0},{"damage":0,"enemies":"3 Louse","floor":14,"turns":1},{"damage":1,"enemies":"Fading Forest","floor":16,"turns":11},{"damage":0,"enemies":"Shell Parasite","floor":18,"turns":2},{"damage":0,"enemies":"Spheric Guardian","floor":20,"turns":1},{"damage":0,"enemies":"Shelled Parasite and Fungi","floor":21,"turns":2},{"damage":0,"enemies":"3 Cultists","floor":22,"turns":3},{"damage":5,"enemies":"Book of Stabbing","floor":23,"turns":2},{"damage":0,"enemies":"Gremlin Leader","floor":24,"turns":3},{"damage":1,"enemies":"Book of Stabbing","floor":28,"turns":2},{"damage":0,"enemies":"Replay:Snechameleon","floor":29,"turns":2},{"damage":0,"enemies":"REME_1_Revenger","floor":31,"turns":3},{"damage":0,"enemies":"Automaton","floor":33,"turns":3},{"damage":6,"enemies":"3 Shapes","floor":35,"turns":2},{"damage":0,"enemies":"3 Darklings","floor":37,"turns":2},{"damage":10,"enemies":"Jaw Worm Horde","floor":38,"turns":3},{"damage":0,"enemies":"Reptomancer","floor":40,"turns":4},{"damage":0,"enemies":"Giant Head","floor":42,"turns":2},{"damage":0,"enemies":"Writhing Mass","floor":45,"turns":2},{"damage":0,"enemies":"Maw","floor":46,"turns":2},{"damage":0,"enemies":"Reptomancer","floor":47,"turns":3},{"damage":0,"enemies":"2 Orb Walkers","floor":48,"turns":2},{"damage":0,"enemies":"Awakened One","floor":50,"turns":8},{"damage":0,"enemies":"Shield and Spear","floor":54,"turns":3},{"damage":55,"enemies":"The Heart","floor":55,"turns":4}],"seed_played":"6069658911106073198","potions_obtained":[{"floor":1.0,"key":"Fire Potion"},{"floor":4.0,"key":"BlessingOfTheForge"},{"floor":11.0,"key":"FearPotion"},{"floor":12.0,"key":"ColorlessPotion"},{"floor":14,"key":"EntropicBrew"},{"floor":22,"key":"BlessingOfTheForge"},{"floor":33,"key":"Elixir"}],"is_trial":false,"path_per_floor":["M","M","M","M","?","E","R","E","T","M","M","E","M","M","R_BF","B",null,"M","?","M","M","M","E","E","R","T","?","E","E","R","E","R","B",null,"M","?","M","M","?","E","?","E","T","R","M","M","E","?","R","B",null,"R","$","E","B",null],"character_chosen":"THE_SILENT","items_purchased":["Lantern","REME_CardOfGreed"],"campfire_rested":3,"item_purchase_floors":[53,53],"current_hp_per_floor":[68,67,67,67,67,45,66,41,41,42,42,32,41,70,70,70,70,70,70,70,70,70,65,67,67,77,77,78,80,80,80,80,80,80,74,74,76,68,68,70,70,74,74,82,84,86,86,88,88,88,88,88,88,90,35],"gold":1002,"neow_bonus":"BOSS_RELIC","is_daily":false,"chose_seed":false,"campfire_upgraded":0,"win_rate":0.0,"timestamp":1612154363,"path_taken":["M","M","M","M","?","E","R","E","T","M","M","E","?","M","R_BF","BOSS","M","?","?","M","M","E","E","R","T","?","E","E","R","E","R","BOSS","M","?","?","M","?","E","?","E","T","R","?","M","E","?","R","BOSS","R","$","E","BOSS"],"items_purchased_type":["Relic","Relic"],"build_version":"2020-12-22","purchased_purges":0,"victory":true,"max_hp_per_floor":[70,70,70,70,70,70,70,70,70,70,70,70,70,70,70,70,70,70,70,70,70,70,70,70,70,80,80,80,80,80,80,80,80,80,80,80,80,80,80,80,80,82,82,82,84,86,86,88,88,88,88,88,88,90,90],"card_choices":[{"not_picked":["Bane","Riddle With Holes"],"picked":"Dagger Spray","floor":1.0},{"not_picked":["Prepared","Finisher"],"picked":"Blade Dance","floor":2.0},{"not_picked":["Well Laid Plans","Masterful Stab"],"picked":"Dagger Throw","floor":3.0},{"not_picked":["Outmaneuver","Poisoned Stab"],"picked":"ReplayTheSpireMod:Speed Training","floor":4.0},{"not_picked":["Sucker Punch","REME_ShadowForm"],"picked":"REME_LeechingPoison","floor":6.0},{"not_picked":["Eviscerate","Well Laid Plans"],"picked":"Calculated Gamble","floor":8.0},{"not_picked":["Draining Mist","Deadly Poison"],"picked":"Deflect","floor":10.0},{"not_picked":["Quick Slash","PiercingWail"],"picked":"Backflip","floor":11.0},{"not_picked":["Calculated Gamble","ReplayTheSpireMod:Shiv Toss"],"picked":"Deflect","floor":12.0},{"not_picked":["Bane","ReplayTheSpireMod:Shiv Toss"],"picked":"Hidden Blade","floor":13.0},{"not_picked":["Quick Slash","Catalyst","Expertise"],"picked":"SKIP","floor":14},{"not_picked":["Envenom","Glass Knife"],"picked":"A Thousand Cuts","floor":16},{"not_picked":["Skewer","Dagger Spray"],"picked":"Slice+1","floor":18},{"not_picked":["Blur+1","Dagger Spray"],"picked":"Blade Dance+1","floor":20},{"not_picked":["Burst","Hidden Blade"],"picked":"Endless Agony","floor":21},{"not_picked":["Dodge and Roll+1","Replay:Poison Smokescreen","Poisoned Stab"],"picked":"SKIP","floor":22},{"not_picked":["Well Laid Plans","Setup"],"picked":"Deflect","floor":23},{"not_picked":["Escape Plan","Draining Mist+1"],"picked":"Finisher+1","floor":24},{"not_picked":["Footwork","Quick Slash","PiercingWail"],"picked":"SKIP","floor":28},{"not_picked":["Bouncing Flask+1","Reflex+1"],"picked":"Outmaneuver+1","floor":29},{"not_picked":["Blur+1","ReplayTheSpireMod:Exploit Weakness+1","Underhanded Strike"],"picked":"SKIP","floor":31},{"not_picked":["Deadly Poison+1","Bane+1","All Out Attack"],"picked":"SKIP","floor":35},{"not_picked":["Deflect+1","Outmaneuver+1","REME_GreenPollution+1"],"picked":"SKIP","floor":37},{"not_picked":["Flying Knee+1","Dash+1","Heel Hook+1"],"picked":"SKIP","floor":38},{"not_picked":["Poisoned Stab+1","Storm of Steel+1","ReplayTheSpireMod:Tripwire+1"],"picked":"SKIP","floor":40},{"not_picked":["Endless Agony+1","Fluid Movement","Masterful Stab"],"picked":"Singing Bowl","floor":42},{"not_picked":["Infinite Blades","Bane+1","Quick Slash"],"picked":"Singing Bowl","floor":45},{"not_picked":["Bane+1","Tactician+1","Blur+1"],"picked":"Singing Bowl","floor":46},{"not_picked":["Finisher+1","Calculated Gamble+1"],"picked":"Adrenaline+1","floor":47},{"not_picked":["Prepared+1","Outmaneuver+1","Draining Mist+1"],"picked":"Singing Bowl","floor":48},{"not_picked":["Sucker Punch","Finisher+1","Bane+1"],"picked":"Singing Bowl","floor":54}],"player_experience":23197,"relics_obtained":[{"floor":6.0,"key":"WingedGreaves"},{"floor":8.0,"key":"Bronze Scales"},{"floor":12.0,"key":"Peace Pipe"},{"floor":15,"key":"Quantum Egg"},{"floor":23,"key":"Blood Vial"},{"floor":24,"key":"Replay:Bandana"},{"floor":26,"key":"Pear"},{"floor":28,"key":"Replay:Rubber Ducky"},{"floor":29,"key":"Toxic Egg 2"},{"floor":31,"key":"Snake Skull"},{"floor":40,"key":"PreservedInsect"},{"floor":42,"key":"Singing Bowl"},{"floor":43,"key":"ReplayTheSpireMod:TigerMarble"},{"floor":47,"key":"The Specimen"},{"floor":48,"key":"Replay:Arrowhead"},{"floor":54,"key":"Akabeko"}],"event_choices":[{"damage_healed":0.0,"max_hp_gain":0.0,"max_hp_loss":0.0,"gold_gain":0.0,"event_name":"Upgrade Shrine","player_choice":"Upgraded","floor":5.0,"gold_loss":0.0,"damage_taken":0.0,"cards_upgraded":["Envenom"]},{"damage_healed":0,"gold_gain":0,"player_choice":"2 cards matched","damage_taken":0,"max_hp_gain":0,"max_hp_loss":0,"event_name":"Match and Keep!","floor":19,"gold_loss":0,"cards_obtained":["Phantasmal Killer","Neutralize"]},{"damage_healed":0,"gold_gain":0,"player_choice":"Ignored","damage_taken":0,"max_hp_gain":0,"max_hp_loss":0,"event_name":"Vampires","floor":27,"gold_loss":0},{"damage_healed":0,"gold_gain":0,"player_choice":"Ignored","damage_taken":0,"max_hp_gain":0,"max_hp_loss":0,"event_name":"Transmorgrifier","floor":36,"gold_loss":0},{"damage_healed":0,"gold_gain":0,"player_choice":"Memory 1","damage_taken":0,"max_hp_gain":0,"max_hp_loss":0,"event_name":"SensoryStone","floor":39,"gold_loss":0},{"damage_healed":0,"gold_gain":0,"player_choice":"Rummage","damage_taken":0,"relics_obtained":["WarpedTongs"],"max_hp_gain":0,"max_hp_loss":0,"event_name":"Accursed Blacksmith","floor":41,"gold_loss":0,"cards_obtained":["Pain"]},{"damage_healed":0,"gold_gain":0,"player_choice":"Fight","damage_taken":0,"max_hp_gain":0,"max_hp_loss":0,"event_name":"Mysterious Sphere","floor":48,"gold_loss":0}],"is_beta":false,"boss_relics":[{"not_picked":["Tiny House","SacredBark"],"picked":"Fusion Hammer"},{"not_picked":["Snecko Eye","HoveringKite"],"picked":"Replay:Wanted Poster"}],"items_purged_floors":[],"is_endless":false,"potions_floor_spawned":[1,4,11,12,14,18,20,22,24,33,38,40,42,54],"ascension_level":1}}