{"host":"pgm1p3lvdjflie30","time":1612150637,"event":{"mods":["ATMod(阿瑾Mod)","AchievementEnabler","Alarm Clock","Aspiration","Astrologer","Bard","BaseMod","Colored Map","Colored Powertips","Conspire","Dark Map","Dota2Spire","Downfall","Energized Spire","Highlight Path","Hunter ?人","LagranYue(拉格朗·月)","Mari Mod (Legacy)","Mari\u0027s V1 Patch","Minty Spire (QoL Compilation)","MostiFishMod","Nova Terra(?娃·泰拉)","Quarter Circle Forward PUNCH!","Quick Restart","Relic Stats","Reliquary","Replay The Spire","SOS（斯巴?之子）","Spicy Shops","StSLib","TestMod","The Blackbeard","The Bladedancer","The Bug Knight","The Cursed","The Dragon Tamer","The Hierophant","The IronCluck","The Jungle","The Mystic","The Runesmith","The Saiyan","The Showman","TheHeartMod","TheWitcher","Waifu the Spire","【?物卡牌】REMEMod","篝火指南"],"gold_per_floor":[110,122,102,114,130,162,162,178,178,209,255,283,283,297,297,402,402,420,439,439,131,148,148,148,148,148,148,73,73,92,107,107,204,204,291,291,291,291,291,291,291,291,291,397,397,493,585,679,679,679,679,679,493,603,593],"floor_reached":56,"language":"ZHS","playtime":2958,"items_purged":["Shame","Clumsy","DTMod:TargetDefense"],"score":1272,"play_id":"43347252-1eec-4d7a-a48d-c86f520b759e","local_time":"20210201113717","is_ascension_mode":false,"metric_token":3095,"campfire_choices":[{"floor":7,"key":"RECALL"},{"data":"DTMod:BlazingStrike","floor":13,"key":"SMITH"},{"floor":15,"key":"DIG"},{"data":"DTMod:TriAttack","floor":23,"key":"SMITH"},{"data":"DTMod:GearUp","floor":25,"key":"SMITH"},{"floor":32,"key":"DIG"},{"floor":40,"key":"DIG"},{"floor":42,"key":"DIG"},{"floor":45,"key":"DIG"},{"floor":49,"key":"DIG"},{"floor":52,"key":"DIG"}],"dtmod_dragon_data":[45,50,1,4,12,5],"circlet_count":0,"master_deck":["DTMod:Strike","DTMod:Strike","DTMod:Strike","DTMod:Strike","DTMod:DoubleHit","DTMod:TargetDefense","DTMod:TargetDefense","DTMod:SwitchingTactic","testmod-DeathImprint","AT_FamilyPortrait","DTMod:PurifyingFlame","DTMod:Punisher","DTMod:Observe","DTMod:BuildUp","DTMod:DarkBreath","DTMod:Prediction","DTMod:QuickFly","DTMod:BlazingStrike+1","DTMod:FlameSlash","DTMod:TriAttack+1","DTMod:MaximumCharge","DTMod:CleansingStrike","DTMod:GearUp+1","DTMod:ShieldDrain","DTMod:ForkedFire+1","DTMod:SealedStrike","DTMod:BurningEnergy","Dramatic Entrance","Secret Weapon","testmod-PerfectCombo","DTMod:MagiciansMark+1","DTMod:LowKick+1","DTMod:StarRain","DTMod:MagicField+1","MostiFishMod:Mottled+1","testmod-ComboMaster+1","DTMod:LowKick+1","DTMod:TriAttack+1","DTMod:Shift+1","DTMod:Conduct+1","DTMod:DragonDance+1","DTMod:DragonDance+1","DTMod:Coolant+1"],"relics":["DTMod:PactStone","AT_ATBox","REME_ComplimentaryCards","DaveBox","testmod-TestBox","LagranYue:RandomDrawCardRelic","testmod-Fortitude","Civilization","DTMod:BasicTextbook","SynthV:TestCard","AT_ImmortalShieldbow","HollowMod:StagPassRelic","Dota2Spire:ArmletOfMordiggian","AT_EbonyIvory","Philosopher\u0027s Stone","AT_ArchangelStaff","Potion Belt","Bag of Marbles","theJungle:PaperFaux","AT_BellowingDragoncrestRing","Shovel","conspire:TopHat","LagranYue:ContractPerformanceRelic","Blue Candle","testmod-AssaultLearning","Dota2Spire:LinkenSphere","Dota2Spire:CrimsonGuard","Centennial Puzzle","Dota2Spire:PhaseBoots","qcfpunch:Wrestler\u0027s_Cloak","DTMod:TacticalNote","DiscerningMonocle","Sling","reliquary:QuartzCube","HollowMod:PaleOreRelic","REME_PuzzleBoxRelic","AT_SunfireAegis","Thread and Needle"],"acts_visited":["Exordium","Exordium","TheBeyond","TheEnding"],"potions_floor_usage":[6,6,10,11,12,19,22,31,54,55,55,55,55,55],"damage_taken":[{"damage":0,"enemies":"2 Louse","floor":1,"turns":2},{"damage":0,"enemies":"Cultist","floor":2,"turns":3},{"damage":0,"enemies":"Small Slimes","floor":4,"turns":2},{"damage":0,"enemies":"2 Fungi Beasts","floor":5,"turns":2},{"damage":13,"enemies":"Lagavulin","floor":6,"turns":3},{"damage":3,"enemies":"conspire:2 RoseBushes","floor":8,"turns":3},{"damage":0,"enemies":"Gremlin Nob","floor":10,"turns":2},{"damage":0,"enemies":"Looter","floor":11,"turns":2},{"damage":3,"enemies":"Lagavulin","floor":12,"turns":3},{"damage":0,"enemies":"Large Slime","floor":14,"turns":2},{"damage":0,"enemies":"Slime Boss","floor":16,"turns":6},{"damage":0,"enemies":"theJungle:MUSHROOMGANG","floor":18,"turns":2},{"damage":0,"enemies":"theJungle:Flameango_and_Byrd","floor":19,"turns":3},{"damage":1,"enemies":"theJungle:2_Flameangoes","floor":22,"turns":3},{"damage":0,"enemies":"theJungle:Lyon","floor":30,"turns":2},{"damage":0,"enemies":"theJungle:JungleHuntersEncounter","floor":31,"turns":2},{"damage":0,"enemies":"theJungle:QueenSpyder","floor":33,"turns":6},{"damage":0,"enemies":"3 Darklings","floor":35,"turns":2},{"damage":0,"enemies":"R_Hoarder","floor":44,"turns":3},{"damage":0,"enemies":"Orb Walker","floor":46,"turns":1},{"damage":13,"enemies":"Spire Growth","floor":47,"turns":2},{"damage":0,"enemies":"Sphere and 2 Shapes","floor":48,"turns":2},{"damage":10,"enemies":"Replay:Hell Engine","floor":50,"turns":4},{"damage":18,"enemies":"Shield and Spear","floor":54,"turns":3},{"damage":61,"enemies":"The Heart","floor":55,"turns":6}],"seed_played":"-4832483976970287729","potions_obtained":[{"floor":1,"key":"SteroidPotion"},{"floor":2,"key":"LiquidBronze"},{"floor":3,"key":"Reflective Coating"},{"floor":6,"key":"AttackPotion"},{"floor":10,"key":"REME_GoldPotion"},{"floor":11,"key":"Elixir"},{"floor":12,"key":"Block Potion"},{"floor":14,"key":"Regen Potion"},{"floor":19,"key":"Dota2Spire:Clarity"},{"floor":30,"key":"Explosive Potion"},{"floor":47,"key":"Flashbang"}],"is_trial":false,"path_per_floor":["M","M","?","M","M","E","R","M","T","E","M","E","R","M","R_BF","B",null,"M","M","?","$","M","R","?","R","T","?","$","?","M","M","R","B",null,"M","?","?","?","?","R","?","R","T","E","R","M","M","M","R","B",null,"R","$","E","B",null],"character_chosen":"THE_DT","items_purchased":["Potion Belt","Bag of Marbles","DiscerningMonocle","Adrenaline Potion","Sling","reliquary:QuartzCube","HollowMod:PaleOreRelic","REME_PuzzleBoxRelic","AT_SunfireAegis","MostiFishMod:Mottled","testmod-ComboMaster","DTMod:LowKick","DTMod:TriAttack","DTMod:Shift","DTMod:Conduct","DTMod:DragonDance","LifebloodPotion"],"campfire_rested":0,"item_purchase_floors":[21,21,53,53,53,53,53,53,53,53,53,53,53,53,53,53,53],"current_hp_per_floor":[47,50,50,55,60,52,52,54,54,59,64,66,66,71,71,76,95,100,105,105,105,109,109,109,109,109,69,69,69,74,79,79,84,125,130,130,125,125,115,115,115,115,115,120,120,125,117,122,122,117,155,155,155,142,86],"gold":593,"neow_bonus":"RANDOM_COMMON_RELIC","is_daily":false,"chose_seed":false,"campfire_upgraded":3,"win_rate":0.0,"timestamp":1612150637,"path_taken":["M","M","?","M","?","E","R","M","T","E","M","E","R","M","R_BF","BOSS","M","?","?","$","?","R","?","R","T","?","?","?","M","M","R","BOSS","M","?","?","?","?","R","?","R","T","E","R","M","?","M","R","BOSS","R","$","E","BOSS"],"items_purchased_type":["Relic","Relic","Relic","Potion","Relic","Relic","Relic","Relic","Relic","Card","Card","Card","Card","Card","Card","Card","Potion"],"build_version":"2020-12-22","purchased_purges":3,"victory":true,"max_hp_per_floor":[47,50,50,55,60,65,65,70,70,75,80,85,85,90,90,95,95,100,105,105,105,110,110,110,110,110,110,110,110,115,120,120,125,125,130,130,130,130,130,130,130,130,130,135,135,140,145,150,150,155,155,155,155,160,165],"relic_stats":{"Centennial Puzzle":[12],"Shovel":7,"counters":[25,71],"Blue Candle":[0],"obtain_stats":[{"AT_ATBox":0,"DaveBox":0,"LagranYue:RandomDrawCardRelic":0,"DiscerningMonocle":53,"Dota2Spire:ArmletOfMordiggian":12,"theJungle:PaperFaux":24,"HollowMod:StagPassRelic":10,"AT_ArchangelStaff":20,"Sling":53,"reliquary:QuartzCube":53,"conspire:TopHat":32,"Civilization":0,"Centennial Puzzle":44,"Shovel":27,"DTMod:TacticalNote":52,"Dota2Spire:CrimsonGuard":43,"Philosopher\u0027s Stone":17,"qcfpunch:Wrestler\u0027s_Cloak":49,"HollowMod:PaleOreRelic":53,"Potion Belt":21,"testmod-TestBox":0,"Blue Candle":37,"Thread and Needle":54,"AT_EbonyIvory":15,"testmod-Fortitude":0,"AT_ImmortalShieldbow":6,"LagranYue:ContractPerformanceRelic":34,"SynthV:TestCard":1,"AT_BellowingDragoncrestRing":26,"DTMod:PactStone":0,"testmod-AssaultLearning":40,"DTMod:BasicTextbook":0,"Dota2Spire:LinkenSphere":42,"Bag of Marbles":21,"REME_PuzzleBoxRelic":53,"AT_SunfireAegis":53,"REME_ComplimentaryCards":0,"Dota2Spire:PhaseBoots":45},{"AT_ATBox":0,"DaveBox":0,"LagranYue:RandomDrawCardRelic":0,"DiscerningMonocle":23,"Dota2Spire:ArmletOfMordiggian":9,"theJungle:PaperFaux":14,"HollowMod:StagPassRelic":7,"AT_ArchangelStaff":13,"Sling":23,"reliquary:QuartzCube":23,"conspire:TopHat":16,"Civilization":0,"Centennial Puzzle":19,"Shovel":14,"DTMod:TacticalNote":23,"Dota2Spire:CrimsonGuard":18,"Philosopher\u0027s Stone":11,"qcfpunch:Wrestler\u0027s_Cloak":22,"HollowMod:PaleOreRelic":23,"Potion Belt":13,"testmod-TestBox":0,"Blue Candle":18,"Thread and Needle":24,"AT_EbonyIvory":10,"testmod-Fortitude":0,"AT_ImmortalShieldbow":5,"LagranYue:ContractPerformanceRelic":17,"SynthV:TestCard":1,"AT_BellowingDragoncrestRing":14,"DTMod:PactStone":0,"testmod-AssaultLearning":18,"DTMod:BasicTextbook":0,"Dota2Spire:LinkenSphere":18,"Bag of Marbles":13,"REME_PuzzleBoxRelic":23,"AT_SunfireAegis":23,"REME_ComplimentaryCards":0,"Dota2Spire:PhaseBoots":19},{"AT_ATBox":0,"DaveBox":0,"LagranYue:RandomDrawCardRelic":0,"DiscerningMonocle":62,"Dota2Spire:ArmletOfMordiggian":22,"theJungle:PaperFaux":38,"HollowMod:StagPassRelic":17,"AT_ArchangelStaff":35,"Sling":62,"reliquary:QuartzCube":62,"conspire:TopHat":42,"Civilization":0,"Centennial Puzzle":53,"Shovel":38,"DTMod:TacticalNote":62,"Dota2Spire:CrimsonGuard":50,"Philosopher\u0027s Stone":30,"qcfpunch:Wrestler\u0027s_Cloak":58,"HollowMod:PaleOreRelic":62,"Potion Belt":35,"testmod-TestBox":0,"Blue Candle":50,"Thread and Needle":65,"AT_EbonyIvory":24,"testmod-Fortitude":0,"AT_ImmortalShieldbow":12,"LagranYue:ContractPerformanceRelic":48,"SynthV:TestCard":2,"AT_BellowingDragoncrestRing":38,"DTMod:PactStone":0,"testmod-AssaultLearning":50,"DTMod:BasicTextbook":0,"Dota2Spire:LinkenSphere":50,"Bag of Marbles":35,"REME_PuzzleBoxRelic":62,"AT_SunfireAegis":62,"REME_ComplimentaryCards":0,"Dota2Spire:PhaseBoots":53}]},"card_choices":[{"not_picked":["DTMod:Cover","DTMod:LastStand"],"picked":"DTMod:PurifyingFlame","floor":1},{"not_picked":["DTMod:Overwhelm","DTMod:Hide","DTMod:Weaken","DTMod:HeatWave"],"picked":"DTMod:Punisher","floor":2},{"not_picked":["DTMod:Adaptation","DTMod:StarRain","DTMod:Weaken","DTMod:ForkedFire"],"picked":"DTMod:Training","floor":4},{"not_picked":["DTMod:Conduct","DTMod:ShieldDrain","DTMod:Adaptation","DTMod:Training"],"picked":"DTMod:Observe","floor":5},{"not_picked":["DTMod:Training","DTMod:HeatWave","DTMod:LastStand","DTMod:Coolant"],"picked":"DTMod:BuildUp","floor":6},{"not_picked":["DTMod:ComboAttack","DTMod:BreakAttack","DTMod:Dissolve","DTMod:CleansingStrike"],"picked":"DTMod:DarkBreath","floor":8},{"not_picked":["DTMod:Feint","DTMod:Dissolve","DTMod:Punisher","DTMod:Cover"],"picked":"DTMod:Prediction","floor":10},{"not_picked":["DTMod:BreakAttack","DTMod:MasterPlan","DTMod:BurningForce","DTMod:CalculatedDefense"],"picked":"DTMod:QuickFly","floor":11},{"not_picked":["DTMod:Overwhelm","DTMod:BizarreTactic","DTMod:ForkedFire","DTMod:BuildUp"],"picked":"DTMod:BlazingStrike","floor":12},{"not_picked":["DTMod:MagicField","DTMod:BuildUp","DTMod:Hide","DTMod:PurifyingFlame"],"picked":"DTMod:FlameSlash","floor":14},{"not_picked":["DTMod:ExcessFootwork","DTMod:FierySynthesis","DTMod:StunTrap","DTMod:GearUp"],"picked":"DTMod:TriAttack","floor":16},{"not_picked":["DTMod:Cover","DTMod:CalculatedDefense+1","DTMod:BizarreTactic+1","DTMod:BreakAttack"],"picked":"DTMod:MaximumCharge","floor":18},{"not_picked":["DTMod:MaximumCharge","DTMod:Weaken","DTMod:BreakAttack+1","DTMod:Training+1"],"picked":"DTMod:CleansingStrike","floor":19},{"not_picked":["DTMod:MasterPlan","DTMod:BizarreTactic","DTMod:Training","DTMod:BreakAttack"],"picked":"DTMod:GearUp","floor":22},{"not_picked":["DTMod:Weaken","DTMod:ForkedFire+1","DTMod:PurifyingFlame+1","DTMod:LastStand"],"picked":"DTMod:ShieldDrain","floor":30},{"not_picked":["DTMod:Punisher+1","DTMod:Coolant","DTMod:QuickFly","DTMod:MagiciansMark"],"picked":"DTMod:ForkedFire+1","floor":31},{"not_picked":["DTMod:EchoTactic","DTMod:Outburst","DTMod:RepeatStrike","DTMod:Harmonize"],"picked":"DTMod:SealedStrike","floor":33},{"not_picked":["DTMod:MagicField+1","DTMod:DeepFocus+1","DTMod:Dissolve+1","DTMod:CrossStep+1"],"picked":"DTMod:BurningEnergy","floor":35},{"not_picked":["REME_AllRoundStrike","HandOfGreed","testmod-Collector","Replay:Sssssssssstrike"],"picked":"Dramatic Entrance","floor":39},{"not_picked":["testmod-Bloodthirsty","Flash of Steel","conspire:Banana","Impatience"],"picked":"Secret Weapon","floor":39},{"not_picked":["REME_ShortnessOfBreath","REME_TwoStrings","testmod-ConditionedReflex","REME_BuildACard"],"picked":"testmod-PerfectCombo","floor":39},{"not_picked":["DTMod:Punisher","DTMod:LowKick+1","DTMod:MagicField+1","DTMod:StunTrap"],"picked":"DTMod:MagiciansMark+1","floor":44},{"not_picked":["DTMod:Overwhelm","DTMod:QuickFly+1","DTMod:Astonish","DTMod:BurningEnergy+1"],"picked":"DTMod:LowKick+1","floor":46},{"not_picked":["DTMod:DeepFocus","DTMod:Astonish","DTMod:BuildUp","DTMod:DragonDance"],"picked":"DTMod:StarRain","floor":47},{"not_picked":["DTMod:ComboAttack+1","DTMod:BuildUp","DTMod:MasterPlan+1","DTMod:Weaken+1"],"picked":"DTMod:MagicField+1","floor":48},{"not_picked":["DTMod:Haste","DTMod:BlazingStrike+1","DTMod:LastStand+1","DTMod:Training"],"picked":"DTMod:Coolant+1","floor":54}],"player_experience":276410,"relics_obtained":[{"floor":1,"key":"SynthV:TestCard"},{"floor":6,"key":"AT_ImmortalShieldbow"},{"floor":10,"key":"HollowMod:StagPassRelic"},{"floor":12,"key":"Dota2Spire:ArmletOfMordiggian"},{"floor":15,"key":"AT_EbonyIvory"},{"floor":20,"key":"AT_ArchangelStaff"},{"floor":26,"key":"AT_BellowingDragoncrestRing"},{"floor":32,"key":"conspire:TopHat"},{"floor":40,"key":"testmod-AssaultLearning"},{"floor":42,"key":"Dota2Spire:LinkenSphere"},{"floor":43,"key":"Dota2Spire:CrimsonGuard"},{"floor":44,"key":"Centennial Puzzle"},{"floor":45,"key":"Dota2Spire:PhaseBoots"},{"floor":49,"key":"qcfpunch:Wrestler\u0027s_Cloak"},{"floor":52,"key":"DTMod:TacticalNote"},{"floor":54,"key":"Thread and Needle"}],"event_choices":[{"damage_healed":0,"gold_gain":0,"player_choice":"Bought 1 Potion","damage_taken":0,"max_hp_gain":0,"max_hp_loss":0,"event_name":"The Woman in Blue","floor":3,"gold_loss":0},{"damage_healed":0,"gold_gain":0,"player_choice":"Relic","damage_taken":0,"max_hp_gain":0,"max_hp_loss":0,"event_name":"Wheel of Change","floor":20,"gold_loss":0},{"cards_removed":["DTMod:Training"],"damage_healed":0,"gold_gain":0,"player_choice":"Removed Skill","damage_taken":0,"max_hp_gain":0,"max_hp_loss":0,"event_name":"Falling","floor":36,"gold_loss":0},{"damage_healed":0,"gold_gain":0,"player_choice":"Leave","damage_taken":0,"max_hp_gain":0,"max_hp_loss":0,"event_name":"conspire:Investor","floor":38,"gold_loss":0},{"damage_healed":0,"gold_gain":0,"player_choice":"Memory 3","damage_taken":10,"max_hp_gain":0,"max_hp_loss":0,"event_name":"SensoryStone","floor":39,"gold_loss":0},{"cards_removed":["DTMod:TargetDefense"],"damage_healed":0,"gold_gain":0,"player_choice":"Purged","damage_taken":0,"max_hp_gain":0,"max_hp_loss":0,"event_name":"Purifier","floor":41,"gold_loss":0}],"is_beta":false,"boss_relics":[{"not_picked":["aspiration:WatcherSkillbook","energizedSpire:StickyHand"],"picked":"Philosopher\u0027s Stone"},{"not_picked":["reliquary:WritOfMandamus","aspiration:RitualDagger"],"picked":"LagranYue:ContractPerformanceRelic"}],"items_purged_floors":[28,53,53],"is_endless":false,"potions_floor_spawned":[1,2,6,10,11,12,14,19,30,47],"ascension_level":0}}