{"host":"cxnoj7uui3q38n47","time":1612156427,"event":{"mods":["BaseMod","Hermit","Lobotomy","Minty Spire (QoL Compilation)","StSLib","The Cursed"],"gold_per_floor":[130,162,191,217,272,342,353,41,66,66,130,130,130,305,305,402,402,418,449,43,43,43],"floor_reached":21,"language":"ENG","playtime":1697,"items_purged":[],"score":189,"play_id":"4aed1c58-3600-4b31-89ad-3aa7ecfac028","local_time":"20210131231347","is_ascension_mode":false,"campfire_choices":[{"floor":13.0,"key":"REST"},{"data":"hermit:DeadOrAlive","floor":15.0,"key":"SMITH"}],"circlet_count":0,"master_deck":["hermit:Strike_Hermit","hermit:Strike_Hermit","hermit:Strike_Hermit","hermit:Strike_Hermit+1","hermit:Defend_Hermit","hermit:Defend_Hermit","hermit:Defend_Hermit+1","hermit:Defend_Hermit","hermit:Snapshot","hermit:Covet+1","hermit:DeadOrAlive+1","hermit:Combo+1","hermit:Horror+1","hermit:GoldenBullet","hermit:WideOpen","hermit:Dive","hermit:GhostlyPresence","hermit:BigShot","Doubt","hermit:HeroicBravado","hermit:Shortfuse","hermit:FlashPowder+1","hermit:TakeAim","Flash of Steel"],"relics":["hermit:Momento","War Paint","Meat on the Bone","Bronze Scales","Pen Nib","SlaversCollar","Sundial"],"acts_visited":["Exordium","TheCity"],"potions_floor_usage":[],"damage_taken":[{"damage":0.0,"enemies":"Jaw Worm","floor":1.0,"turns":5.0},{"damage":0.0,"enemies":"Small Slimes","floor":2.0,"turns":4.0},{"damage":0.0,"enemies":"2 Louse","floor":3.0,"turns":2.0},{"damage":14.0,"enemies":"2 Fungi Beasts","floor":4.0,"turns":4.0},{"damage":16.0,"enemies":"3 Sentries","floor":6.0,"turns":8.0},{"damage":0.0,"enemies":"Blue Slaver","floor":7.0,"turns":3.0},{"damage":21.0,"enemies":"Lagavulin","floor":11.0,"turns":5.0},{"damage":4.0,"enemies":"Hexaghost","floor":16.0,"turns":10.0},{"damage":18.0,"enemies":"Shell Parasite","floor":18.0,"turns":6.0},{"damage":9.0,"enemies":"3 Byrds","floor":19.0,"turns":4.0},{"damage":65,"enemies":"Cultist and Chosen","floor":21,"turns":6}],"seed_played":"-2434239557067372908","potions_obtained":[{"floor":3.0,"key":"DuplicationPotion"},{"floor":4.0,"key":"Fire Potion"},{"floor":16.0,"key":"LiquidBronze"}],"is_trial":false,"path_per_floor":["M","M","M","M","?","E","M","$","T","?","E","?","R","?","R","B",null,"M","M","$","M"],"character_chosen":"HERMIT","items_purchased":["hermit:BigShot","Meat on the Bone","Sundial","hermit:TakeAim","Flash of Steel"],"campfire_rested":1,"item_purchase_floors":[8,8,20,20,20],"current_hp_per_floor":[75,75,75,61,61,45,45,45,45,30,21,21,43,43,43,39,75,57,48,48,0,0],"gold":43,"neow_bonus":"ONE_RANDOM_RARE_CARD","is_daily":false,"chose_seed":false,"campfire_upgraded":1,"win_rate":0.0,"timestamp":1612156427,"path_taken":["M","M","M","M","?","E","M","$","T","?","E","?","R","?","R","BOSS","M","M","$","M"],"items_purchased_type":["Card","Relic","Relic","Card","Card"],"build_version":"2020-12-22","purchased_purges":0,"victory":false,"max_hp_per_floor":[75,75,75,75,75,75,75,75,75,75,75,75,75,75,75,75,75,75,75,75,75,75],"card_choices":[{"not_picked":["hermit:Spite","hermit:Snipe"],"picked":"hermit:Combo","floor":1.0},{"not_picked":["hermit:Misfire","hermit:LoneWolf"],"picked":"hermit:Horror","floor":2.0},{"not_picked":["hermit:Spite","hermit:EyeOfTheStorm"],"picked":"hermit:GoldenBullet","floor":3.0},{"not_picked":["hermit:NoHoldsBarred","hermit:Desperado"],"picked":"hermit:WideOpen","floor":4.0},{"not_picked":["hermit:Feint","hermit:Showdown"],"picked":"hermit:Dive","floor":6.0},{"not_picked":["hermit:RoundhouseKick","hermit:Roulette"],"picked":"hermit:GhostlyPresence","floor":7.0},{"not_picked":["hermit:ShadowCloak","hermit:Midnight","hermit:LowProfile"],"picked":"SKIP","floor":11.0},{"not_picked":["hermit:RoundhouseKick","hermit:Reprieve"],"picked":"hermit:HeroicBravado","floor":16.0},{"not_picked":["hermit:Ricochet+1","hermit:Coalescence+1"],"picked":"hermit:Shortfuse","floor":18.0},{"not_picked":["hermit:Glare","hermit:PistolWhip"],"picked":"hermit:FlashPowder+1","floor":19.0}],"player_experience":248870,"relics_obtained":[{"floor":6.0,"key":"War Paint"},{"floor":9.0,"key":"Bronze Scales"},{"floor":11.0,"key":"Pen Nib"}],"event_choices":[{"damage_healed":0.0,"max_hp_gain":0.0,"max_hp_loss":0.0,"gold_gain":55.0,"event_name":"Golden Wing","player_choice":"Gained Gold","floor":5.0,"gold_loss":0.0,"damage_taken":0.0},{"damage_healed":0.0,"max_hp_gain":0.0,"max_hp_loss":0.0,"gold_gain":0.0,"event_name":"Shining Light","player_choice":"Entered Light","floor":10.0,"gold_loss":0.0,"damage_taken":15.0,"cards_upgraded":["hermit:Defend_Hermit","hermit:Strike_Hermit"]},{"damage_healed":0.0,"max_hp_gain":0.0,"max_hp_loss":0.0,"gold_gain":0.0,"event_name":"Living Wall","player_choice":"Grow","floor":12.0,"gold_loss":0.0,"damage_taken":0.0,"cards_upgraded":["hermit:Combo"]},{"damage_healed":0.0,"max_hp_gain":0.0,"max_hp_loss":0.0,"gold_gain":175.0,"event_name":"Liars Game","player_choice":"AGREE","floor":14.0,"gold_loss":0.0,"damage_taken":0.0,"cards_obtained":["Doubt"]}],"is_beta":false,"boss_relics":[{"not_picked":["hermit:BartenderGlass","Busted Crown"],"picked":"SlaversCollar"}],"items_purged_floors":[],"is_endless":false,"potions_floor_spawned":[3,4,16],"killed_by":"Cultist and Chosen","ascension_level":0}}