{"host":"bd3tl98ed0kk4173","time":1612176711,"event":{"mods":["Arknights","Aspiration","BaseMod","Beaked The Cultist","Better Altar","Better Match","Better Note","Better Sensory Stone","Better Skull","Better Third Choice","BetterRewards","CapriCore","Colored Map","Colored Powertips","Conspire","Emptier Cage","Energized Spire","GifTheSpireLib","GungeonMod","Halation","HexUI Lib","Highlight Path","Hubris","Infinite Spire","Jorbs\u0027s Wanderer Trilogy","Minty Spire (QoL Compilation)","Permanent Neow","Quick Restart","Rare Cards Sparkle","Reliquary","Replay The Spire","SacredBarkPlus","Spicy Shops","StSLib","The Animator","The Blue Laboratory","The Death Knight","The Runesmith","TheFirefly","TheVacant","??????REMEMod"],"gold_per_floor":[116,186,186,205,280,313,313,327,353,353,42,42,42,54,54,159,159,147,147,147,147,164,164,164],"floor_reached":23,"language":"ENG","playtime":1589,"items_purged":[],"score":187,"play_id":"7150f8ea-66fe-40ef-a3e9-9f86f08fac18","local_time":"20210201055151","is_ascension_mode":false,"campfire_choices":[{"floor":7.0,"key":"REST"},{"data":"Pot Of Greed","floor":10.0,"key":"SMITH"},{"data":"DeathKnight:SindragosasBreath","floor":12.0,"key":"SMITH"},{"data":"infinitespire:Starlight","floor":13.0,"key":"SMITH"},{"floor":15.0,"key":"REST"}],"circlet_count":0,"master_deck":["DeathKnight:Strike_DeathKnight","DeathKnight:Strike_DeathKnight","DeathKnight:Strike_DeathKnight","DeathKnight:Strike_DeathKnight","DeathKnight:Strike_DeathKnight","DeathKnight:Defend_DeathKnight","DeathKnight:Defend_DeathKnight","DeathKnight:Defend_DeathKnight","DeathKnight:Defend_DeathKnight","DeathKnight:Defend_DeathKnight","DeathKnight:RuneTap","DeathKnight:RuneStrike","DeathKnight:SindragosasBreath+1","stsjorbsmod:Concentrate","DeathKnight:Hysteria","infinitespire:Starlight+1","DeathKnight:Contagion","Pot Of Greed+1","Pot Of Greed","DeathKnight:BloodPact","DeathKnight:AntiMagicShell","DeathKnight:HornOfWinter","DeathKnight:Runesurge","CurseOfTheBell","DeathKnight:DeathAndDecay","DeathKnight:BladedArmor","Pot Of Greed"],"relics":["DeathKnight:BrokenRuneblade","REME_ComplimentaryCards","Grinning Jar","reliquary:Aerogel","Replay:Baseball","halation:Komachan","Calling Bell","Happy Flower","Replay:WaspNest","StoneCalendar","hubris:Towel"],"acts_visited":["Exordium","TheCity"],"potions_floor_usage":[16,23],"damage_taken":[{"damage":7.0,"enemies":"Small Slimes","floor":1.0,"turns":4.0},{"damage":4.0,"enemies":"conspire:RoseBush","floor":4.0,"turns":4.0},{"damage":31.0,"enemies":"Replay:BlueRogue","floor":6.0,"turns":7.0},{"damage":2.0,"enemies":"2 Louse","floor":8.0,"turns":3.0},{"damage":27.0,"enemies":"Exordium Wildlife","floor":14.0,"turns":5.0},{"damage":20,"enemies":"Slime Boss","floor":16,"turns":10},{"damage":19,"enemies":"2 Thieves","floor":18,"turns":4},{"damage":30,"enemies":"Spheric Guardian","floor":22,"turns":6},{"damage":64,"enemies":"Slavers","floor":23,"turns":3}],"seed_played":"6288192564435690295","potions_obtained":[{"floor":1.0,"key":"blueLaboratory:AbyssPotion"},{"floor":14.0,"key":"blueLaboratory:FrostheartPotion"},{"floor":16,"key":"Milkshake"},{"floor":22,"key":"blueLaboratory:PyrophylliteBrew"}],"is_trial":false,"path_per_floor":["M","?","?","M","?","E","R","M","T","R","$","R","R","M","R","B",null,"M","?","?","?","M","E"],"character_chosen":"DEATH_KNIGHT","items_purchased":["Replay:Baseball","halation:Komachan"],"campfire_rested":2,"item_purchase_floors":[11,11],"current_hp_per_floor":[68,68,50,56,45,24,46,54,54,54,54,54,54,42,64,59,75,71,71,71,71,41,0,0],"gold":164,"neow_bonus":"ONE_RANDOM_RARE_CARD","is_daily":false,"chose_seed":false,"campfire_upgraded":3,"win_rate":0.0,"timestamp":1612176711,"path_taken":["M","?","?","M","?","E","R","?","T","R","$","R","R","M","R","BOSS","M","?","?","?","M","E"],"items_purchased_type":["Relic","Relic"],"build_version":"2020-12-22","purchased_purges":0,"victory":false,"max_hp_per_floor":[75,75,75,75,75,75,75,75,75,75,75,75,75,75,75,75,75,75,75,75,75,75,75,75],"card_choices":[{"not_picked":["DeathKnight:FesteringStrike","DeathKnight:DeathsAdvance"],"picked":"DeathKnight:Hysteria","floor":1.0},{"not_picked":["ReplayTheSpireMod:Haul","infinitespire:Execution"],"picked":"infinitespire:Starlight","floor":3.0},{"not_picked":["DeathKnight:Hysteria","DeathKnight:DeathRune"],"picked":"DeathKnight:Contagion","floor":4.0},{"not_picked":["DeathKnight:MutagenicPlague","DeathKnight:DeathCoil"],"picked":"DeathKnight:BloodPact","floor":6.0},{"not_picked":["DeathKnight:RunicCorruption","DeathKnight:FrosPresence"],"picked":"DeathKnight:AntiMagicShell","floor":8.0},{"not_picked":["DeathKnight:DeathsAdvance","DeathKnight:Marrowrend"],"picked":"DeathKnight:HornOfWinter","floor":14.0},{"not_picked":["DeathKnight:Frostscythe","DeathKnight:MarkOfBlood"],"picked":"DeathKnight:Runesurge","floor":16},{"not_picked":["DeathKnight:HornOfWinter+1","DeathKnight:MutagenicPlague","DeathKnight:Parry"],"picked":"SKIP","floor":18},{"not_picked":["DeathKnight:RaiseAlly+1","DeathKnight:SindragosasBreath"],"picked":"DeathKnight:BladedArmor","floor":22}],"player_experience":93706,"relics_obtained":[{"floor":6.0,"key":"Grinning Jar"},{"floor":9.0,"key":"reliquary:Aerogel"},{"floor":17,"key":"Happy Flower"},{"floor":17,"key":"Replay:WaspNest"},{"floor":17,"key":"StoneCalendar"}],"event_choices":[{"damage_healed":0.0,"max_hp_gain":0.0,"max_hp_loss":0.0,"gold_gain":70.0,"event_name":"Golden Wing","player_choice":"Gained Gold","floor":2.0,"gold_loss":0.0,"damage_taken":0.0},{"damage_healed":0.0,"max_hp_gain":0.0,"max_hp_loss":0.0,"gold_gain":75.0,"event_name":"betterThird:BetterGoop","player_choice":"Gold","floor":5.0,"gold_loss":0.0,"damage_taken":11.0},{"cards_removed":["stsjorbsmod:Concentrate"],"damage_healed":0,"gold_gain":0,"player_choice":"Give","damage_taken":0,"max_hp_gain":0,"max_hp_loss":0,"event_name":"betterNote:BetterNote","floor":19,"gold_loss":0,"cards_obtained":["ats:Strike S"]},{"damage_healed":0,"gold_gain":0,"player_choice":"Read","damage_taken":0,"max_hp_gain":0,"max_hp_loss":0,"event_name":"The Library","floor":21,"gold_loss":0,"cards_obtained":["DeathKnight:DeathAndDecay"]}],"is_beta":false,"boss_relics":[{"not_picked":["halation:ForbiddenBikini","hubris:GrandSneckoEye"],"picked":"Calling Bell"}],"items_purged_floors":[],"is_endless":false,"potions_floor_spawned":[1,14,16,22],"killed_by":"Slavers","ascension_level":0}}