{"host":"22tt21bn45sbv98g","time":1612196803,"event":{"mods":["Act Like it!","BaseMod","Downfall","Gensokyo","Minty Spire (QoL Compilation)","Remilia£®¿Ÿ√◊¿Ú—«£©","StSLib","The Blackbeard","The Servant 0.9.4","Youmu£®ªÍ∆«—˝√Œ£©"],"gold_per_floor":[119,119,138,313,313,348,362,395,465,494,504,520,520,540,540,635,635,652,25,41,41,41,75,94,124,124,149,12,40,57,57,57,182,182,198,218,235,235,253,287,287,287,287,2,2,35,35,66,66,66],"floor_reached":51,"language":"ZHS","playtime":2738,"items_purged":["downfall:Bewildered"],"score":1316,"play_id":"d4c485c4-e957-49ed-8dc5-940228233456","local_time":"20210202002643","is_ascension_mode":true,"campfire_choices":[{"data":"BatForm","floor":13,"key":"SMITH"},{"floor":15,"key":"REST"},{"floor":32,"key":"REST"},{"floor":42,"key":"REST"},{"data":"EquivalentExchange","floor":47,"key":"SMITH"},{"data":"ScarletNetherworld","floor":49,"key":"SMITH"}],"circlet_count":0,"master_deck":["Strike_RM","Strike_RM","Strike_RM","Defend_RM","Defend_RM+1","Defend_RM","Defend_RM","RedMoon","ScarletShoot","EndlessAdversity","BlasphemousPunishment+1","Doubt","EndlessAdversity+1","BadLadyScramble","BatForm+1","Stigmanizer","ScarletSymphony","RedRainbow","RedNightlessCastle","BloodyHallows","StarOfDavid","ReincarnationDial","LeisurelyOfLord","DiffusionOfMisfortune","BloodyMagicSquare+1","ScarletDevilSign","Stigmanizer","VampireKiss","EquivalentExchange+1","BombardNight+1","CharismaGuard+1","ScarletCoffin","BombardNight+1","ScarletSymphony","ChaoticDestiny+1","ScarletNetherworld+1","MiserableFate+1","Maim+1"],"relics":["ScarletHat","Orichalcum","Bag of Preparation","Du-Vu Doll","MealTicket","Guardian:GemstoneGun","Gremlin Horn","Centennial Puzzle","Busted Crown","Bottled Flame","Boot","Medical Kit","sneckomod:BabySnecko","Tiny Chest","White Beast Statue","The Courier","Thread and Needle","Kunai","ScarletEmblem","Smiling Mask","Toy Ornithopter","Toxic Egg 2","Akabeko","War Paint","Happy Flower"],"acts_visited":["Exordium","TheCity","TheBeyond"],"potions_floor_usage":[16,16,25,29,33,37,46,48,50,50],"damage_taken":[{"damage":0,"enemies":"Small Slimes","floor":1,"turns":3},{"damage":0,"enemies":"2 Louse","floor":3,"turns":2},{"damage":20,"enemies":"3 Sentries","floor":6,"turns":10},{"damage":10,"enemies":"Jaw Worm","floor":7,"turns":3},{"damage":10,"enemies":"Lagavulin","floor":8,"turns":7},{"damage":10,"enemies":"3 Sentries","floor":10,"turns":5},{"damage":0,"enemies":"Exordium Wildlife","floor":11,"turns":1},{"damage":0,"enemies":"Lots of Slimes","floor":12,"turns":1},{"damage":10,"enemies":"Red Slaver","floor":14,"turns":1},{"damage":13,"enemies":"Slime Boss","floor":16,"turns":5},{"damage":37,"enemies":"Spheric Guardian","floor":18,"turns":3},{"damage":19,"enemies":"Chosen","floor":20,"turns":2},{"damage":23,"enemies":"Book of Stabbing","floor":23,"turns":4},{"damage":3,"enemies":"Centurion and Healer","floor":24,"turns":3},{"damage":10,"enemies":"Gremlin Leader","floor":25,"turns":2},{"damage":16,"enemies":"Slavers","floor":27,"turns":1},{"damage":16,"enemies":"Book of Stabbing","floor":29,"turns":2},{"damage":9,"enemies":"Snake Plant","floor":30,"turns":1},{"damage":31,"enemies":"Collector","floor":33,"turns":3},{"damage":38,"enemies":"3 Darklings","floor":35,"turns":1},{"damage":32,"enemies":"3 Shapes","floor":36,"turns":1},{"damage":4,"enemies":"Spire Growth","floor":37,"turns":2},{"damage":2,"enemies":"Jaw Worm Horde","floor":39,"turns":1},{"damage":2,"enemies":"Nemesis","floor":40,"turns":1},{"damage":28,"enemies":"Reptomancer","floor":46,"turns":3},{"damage":15,"enemies":"Nemesis","floor":48,"turns":1},{"damage":13,"enemies":"Time Eater","floor":50,"turns":3}],"seed_played":"6403714061977831090","potions_obtained":[{"floor":8,"key":"Swift Potion"},{"floor":11,"key":"Fire Potion"},{"floor":14,"key":"SteroidPotion"},{"floor":16,"key":"Explosive Potion"},{"floor":20,"key":"Energy Potion"},{"floor":23,"key":"Fire Potion"},{"floor":27,"key":"SpeedPotion"},{"floor":29,"key":"EssenceOfSteel"},{"floor":30,"key":"Fire Potion"},{"floor":33,"key":"GamblersBrew"},{"floor":35,"key":"Dexterity Potion"},{"floor":36,"key":"Energy Potion"},{"floor":37,"key":"GamblersBrew"},{"floor":39,"key":"champ:CounterPotion"},{"floor":40,"key":"Block Potion"},{"floor":46,"key":"Fire Potion"},{"floor":48,"key":"Dexterity Potion"}],"is_trial":false,"path_per_floor":["M","?","M","?","T","E","M","E","T","E","M","M","R","M","R","B",null,"M","$","M","$","?","E","M","E","T","E","$","E","M","?","R","B",null,"M","M","M","?","M","E","T","R","T","$","?","E","R","E","R","B",null],"character_chosen":"REMILIA","items_purchased":["Bottled Flame","Boot","ReincarnationDial","Medical Kit","ScarletDevilSign","Stigmanizer","Akabeko","ChaoticDestiny+1","ScarletNetherworld"],"campfire_rested":3,"item_purchase_floors":[19,19,19,19,28,28,44,44,44],"current_hp_per_floor":[75,57,57,57,57,37,28,22,22,12,12,12,12,2,24,13,75,38,53,34,49,49,44,41,31,31,16,31,17,8,8,30,19,75,39,7,3,3,3,3,3,25,25,40,40,18,18,20,20,22],"gold":66,"neow_bonus":"RANDOM_COMMON_RELIC","is_daily":false,"chose_seed":false,"campfire_upgraded":3,"win_rate":0.0,"timestamp":1612196803,"path_taken":["M","?","M","?","?","E","M","E","T","E","M","M","R","?","R","BOSS","M","$","?","?","?","E","M","E","T","E","$","E","M","?","R","BOSS","M","M","M","?","?","E","?","R","T","$","?","E","R","E","R","BOSS"],"items_purchased_type":["Relic","Relic","Card","Relic","Card","Card","Relic","Card","Card"],"build_version":"2020-12-22","purchased_purges":1,"victory":true,"max_hp_per_floor":[75,75,75,75,75,75,75,75,75,75,75,75,75,75,75,75,75,75,75,75,75,75,75,75,75,75,75,75,75,75,75,75,75,75,75,75,75,75,75,75,75,75,75,75,75,75,75,75,75,75],"card_choices":[{"not_picked":["UnderTheZenith","BombardNight"],"picked":"EndlessAdversity","floor":1},{"not_picked":["FavorOfDestiny","BombardNight"],"picked":"BlasphemousPunishment","floor":3},{"not_picked":["MastersStateliness","BlasphemousPunishment"],"picked":"EndlessAdversity","floor":6},{"not_picked":["BloodyTrap","FitfulNightmare"],"picked":"BadLadyScramble","floor":7},{"not_picked":["BloodHunter","DiffusionOfMisfortune"],"picked":"BatForm","floor":8},{"not_picked":["HunterOfTheNight","BombardNight"],"picked":"Stigmanizer","floor":10},{"not_picked":["DiffusionOfMisfortune","RedRainbow"],"picked":"ScarletSymphony","floor":11},{"not_picked":["FavorOfDestiny","UnderTheZenith"],"picked":"RedRainbow","floor":12},{"not_picked":["Stigmanizer","CeilingFear"],"picked":"RedNightlessCastle","floor":14},{"not_picked":["DemonKingCradle","ChaoticDestiny"],"picked":"BloodyHallows","floor":16},{"not_picked":[],"picked":"StarOfDavid","floor":18},{"not_picked":["FavorOfDestiny"],"picked":"SKIP","floor":20},{"not_picked":[],"picked":"LeisurelyOfLord","floor":23},{"not_picked":[],"picked":"DiffusionOfMisfortune","floor":24},{"not_picked":[],"picked":"BloodyMagicSquare+1","floor":25},{"not_picked":["FavorOfDestiny"],"picked":"SKIP","floor":27},{"not_picked":[],"picked":"UnstableMagic","floor":29},{"not_picked":[],"picked":"VampireKiss","floor":30},{"not_picked":[],"picked":"EquivalentExchange","floor":33},{"not_picked":[],"picked":"BombardNight+1","floor":35},{"not_picked":["BloodyMagicSquare"],"picked":"SKIP","floor":36},{"not_picked":[],"picked":"CharismaGuard+1","floor":37},{"not_picked":[],"picked":"BombardNight+1","floor":39},{"not_picked":[],"picked":"ScarletSymphony","floor":40},{"not_picked":[],"picked":"MiserableFate+1","floor":46},{"not_picked":[],"picked":"Maim+1","floor":48}],"player_experience":305393,"relics_obtained":[{"floor":5,"key":"Du-Vu Doll"},{"floor":6,"key":"MealTicket"},{"floor":8,"key":"Guardian:GemstoneGun"},{"floor":9,"key":"Gremlin Horn"},{"floor":10,"key":"Centennial Puzzle"},{"floor":23,"key":"Tiny Chest"},{"floor":25,"key":"White Beast Statue"},{"floor":26,"key":"The Courier"},{"floor":27,"key":"Thread and Needle"},{"floor":29,"key":"Kunai"},{"floor":40,"key":"Smiling Mask"},{"floor":41,"key":"Toy Ornithopter"},{"floor":43,"key":"Toxic Egg 2"},{"floor":46,"key":"War Paint"},{"floor":48,"key":"Happy Flower"}],"event_choices":[{"damage_healed":0,"gold_gain":0,"player_choice":"Success","damage_taken":18,"relics_obtained":["Bag of Preparation"],"max_hp_gain":0,"max_hp_loss":0,"event_name":"Scrap Ooze","floor":2,"gold_loss":0},{"damage_healed":0,"gold_gain":175,"player_choice":"AGREE","damage_taken":0,"max_hp_gain":0,"max_hp_loss":0,"event_name":"Liars Game","floor":4,"gold_loss":0,"cards_obtained":["Doubt"]},{"damage_healed":0,"gold_gain":0,"player_choice":"Ignored","damage_taken":0,"max_hp_gain":0,"max_hp_loss":0,"event_name":"Ghosts","floor":31,"gold_loss":0},{"damage_healed":0,"gold_gain":0,"cards_transformed":["UnstableMagic"],"player_choice":"Transformed","damage_taken":0,"max_hp_gain":0,"max_hp_loss":0,"event_name":"Transmorgrifier","floor":38,"gold_loss":0,"cards_obtained":["ScarletCoffin"]},{"cards_removed":["Strike_RM"],"damage_healed":0,"gold_gain":0,"player_choice":"Removed Attack","damage_taken":0,"max_hp_gain":0,"max_hp_loss":0,"event_name":"Falling","floor":45,"gold_loss":0}],"is_beta":false,"boss_relics":[{"not_picked":["Pandora\u0027s Box","Velvet Choker"],"picked":"Busted Crown"},{"not_picked":["Calling Bell","Empty Cage"],"picked":"ScarletEmblem"}],"items_purged_floors":[28],"is_endless":false,"potions_floor_spawned":[8,11,14,16,20,23,24,27,29,30,33,35,36,37,39,40,46,48],"ascension_level":2}}