{"host":"8d3fefv2347kqkpz","time":1612203493,"event":{"mods":["AchievementEnabler","Act Like it!","Aspiration","BaseMod","Better Vampires","Colored Map","Colored Powertips","Conspire","GifTheSpireLib","Highlight Path","Hubris","Mimic Mod","Minty Spire (QoL Compilation)","Quick Restart","Rare Cards Sparkle","Relic Stats","Replay The Spire","Spicy Shops","StSLib","The Jungle","Waifu the Spire"],"gold_per_floor":[114,129,136,136,151,151,166,166,215,254,254,43,43,97,97,221,221,260,260,302,311,311],"floor_reached":21,"language":"ZHS","playtime":1026,"items_purged":[],"score":179,"play_id":"99c3ee0f-c363-4425-96c1-43dcf31ffbc6","local_time":"20210202021813","daily_mods":["Chimera","ControlledChaos","Night Terrors"],"is_ascension_mode":false,"campfire_choices":[{"floor":6,"key":"REST"},{"data":"Uppercut","floor":8,"key":"SMITH"},{"floor":11,"key":"REST"},{"data":"Life Link","floor":13,"key":"SMITH"},{"data":"Deflect","floor":15,"key":"SMITH"}],"circlet_count":0,"master_deck":["Bash","Survivor","Zap","Strike_R","Strike_G","Strike_B","Defend_R","Defend_G","Defend_P","Uppercut+1","Dropkick","Seeing Red","Life Link+1","Deflect+1","Berserk","Fasting2+1","Dropkick+1"],"relics":["Burning Blood","Frozen Eye","CeramicFish","hubris:SlimyHat","Replay:Bandana","PrismaticShard","conspire:SlowCooker","hubris:Towel"],"acts_visited":["Exordium","TheCity"],"potions_floor_usage":[16,16],"damage_taken":[{"damage":6.0,"enemies":"Jaw Worm","floor":1.0,"turns":4.0},{"damage":6,"enemies":"Small Slimes","floor":2,"turns":4},{"damage":44,"enemies":"conspire:MimicChest","floor":3,"turns":3},{"damage":0,"enemies":"Cultist","floor":5,"turns":3},{"damage":17,"enemies":"Looter","floor":7,"turns":4},{"damage":3,"enemies":"Exordium Thugs","floor":9,"turns":8},{"damage":27,"enemies":"3 Sentries","floor":10,"turns":8},{"damage":1,"enemies":"Exordium Thugs","floor":14,"turns":3},{"damage":63,"enemies":"Fading Forest","floor":16,"turns":11},{"damage":41,"enemies":"3 Byrds","floor":18,"turns":6},{"damage":10,"enemies":"Shell Parasite","floor":20,"turns":4},{"damage":34,"enemies":"Snake Plant","floor":21,"turns":3}],"seed_played":"-6699970657251824518","potions_obtained":[{"floor":1.0,"key":"Elixir"},{"floor":2,"key":"SneckoOil"},{"floor":5,"key":"conspire:TimeTravelPotion"},{"floor":16,"key":"SteroidPotion"},{"floor":20,"key":"Reflective Coating"}],"is_trial":false,"path_per_floor":["M","M","?","?","M","R","M","R","MIM","E","R","$","R","M","R","B",null,"M","?","M","M"],"character_chosen":"IRONCLAD","items_purchased":["Life Link","PrismaticShard"],"campfire_rested":2,"item_purchase_floors":[12,12],"current_hp_per_floor":[80,80,42,42,48,75,64,64,67,46,70,70,70,70,70,15,70,35,35,31,0,0],"gold":311,"neow_bonus":"","is_daily":true,"chose_seed":false,"campfire_upgraded":3,"win_rate":0.0,"timestamp":1612203493,"path_taken":["M","M","?","?","M","R","M","R","MIM","E","R","$","R","M","R","BOSS","M","?","M","M"],"items_purchased_type":["Card","Relic"],"build_version":"2020-12-22","purchased_purges":0,"victory":false,"max_hp_per_floor":[80,80,80,80,80,75,75,75,75,75,70,70,70,70,70,70,70,70,70,70,70,70],"relic_stats":{"counters":[12,61],"CeramicFish":63,"obtain_stats":[{"Frozen Eye":0,"Replay:Bandana":10,"CeramicFish":3,"conspire:SlowCooker":17,"hubris:SlimyHat":9,"hubris:Towel":19,"PrismaticShard":12,"Burning Blood":0},{"Frozen Eye":0,"Replay:Bandana":7,"CeramicFish":3,"conspire:SlowCooker":9,"hubris:SlimyHat":6,"hubris:Towel":10,"PrismaticShard":7,"Burning Blood":0},{"Frozen Eye":0,"Replay:Bandana":34,"CeramicFish":11,"conspire:SlowCooker":48,"hubris:SlimyHat":26,"hubris:Towel":54,"PrismaticShard":34,"Burning Blood":0}],"Burning Blood":61},"card_choices":[{"not_picked":["Power Through","Run Through","Ghostly Armor"],"picked":"SKIP","floor":1.0},{"not_picked":["Replay:Undeath\u0027s Touch","Havoc"],"picked":"Uppercut","floor":2},{"not_picked":["Wild Strike","ReplayReversal","ReplayTheSpireMod:Strike From Hell"],"picked":"SKIP","floor":5},{"not_picked":["Seeing Red","hubris:SharpeningStone","ReplayTheSpireMod:Strike From Hell"],"picked":"SKIP","floor":7},{"not_picked":["Anger","Disarm"],"picked":"Dropkick","floor":9},{"not_picked":["conspire:Purge","Cleave"],"picked":"Seeing Red","floor":10},{"not_picked":["Bane","Entrench"],"picked":"Deflect","floor":14},{"not_picked":["hubris:SpecializedCircuitry","Seek"],"picked":"Berserk","floor":16},{"not_picked":["FlyingSleeves","BowlingBash+1"],"picked":"Fasting2+1","floor":18},{"not_picked":["Steam Power","Wild Strike"],"picked":"Dropkick+1","floor":20}],"player_experience":242797,"relics_obtained":[{"floor":3,"key":"CeramicFish"},{"floor":9,"key":"hubris:SlimyHat"},{"floor":10,"key":"Replay:Bandana"}],"event_choices":[{"cards_removed":["Eruption"],"damage_healed":0,"gold_gain":0,"player_choice":"Forget","damage_taken":0,"max_hp_gain":0,"max_hp_loss":0,"event_name":"Living Wall","floor":4,"gold_loss":0}],"is_beta":false,"boss_relics":[{"not_picked":["SacredBark","Snecko Heart"],"picked":"conspire:SlowCooker"}],"items_purged_floors":[],"is_endless":false,"potions_floor_spawned":[1,2,5,14,16,20],"killed_by":"Snake Plant","ascension_level":0}}