{"host":"6p0attdrtjqaih7v","time":1612150029,"event":{"mods":["2.2 Compatiblity","AchievementEnabler","Bard","BaseMod","Better Skull","Better Third Choice","Colored Powertips","Downfall","Hermit","Highlight Path","Key Reminder","Minty Spire (QoL Compilation)","Permanent Neow","Quick Restart","Random Character Button","Relic Stats","Replay The Spire","Robot Space Explorer","StSLib","The Witch"],"gold_per_floor":[114,55,55,66,85,119,119,119,119,136,177,177,199,215,215,298,298,298,1,13,30,40,67,82,82,82,82,103,103,113,123,123,199,199,216,216,228,252,252,252],"floor_reached":39,"language":"ENG","playtime":1448,"items_purged":[],"score":913,"play_id":"27057e28-90fa-486c-baae-1f370d34fd7c","local_time":"20210131222709","is_ascension_mode":true,"campfire_choices":[{"floor":8,"key":"REST"},{"data":"hermit:Determination","floor":12,"key":"SMITH"},{"data":"hermit:NoHoldsBarred","floor":15,"key":"SMITH"},{"data":"hermit:NoHoldsBarred","floor":25,"key":"SMITH"},{"data":"hermit:Determination","floor":27,"key":"SMITH"},{"floor":29,"key":"REST"},{"floor":32,"key":"REST"}],"circlet_count":0,"master_deck":["AscendersBane","hermit:Snapshot","hermit:Covet","hermit:Ricochet","hermit:Vantage+1","hermit:NoHoldsBarred+1","hermit:Scavenge","hermit:LowProfile","Looming Evil","hermit:NoHoldsBarred+1","hermit:Determination+1","hermit:Coalescence","hermit:Determination+1","hermit:BlackWind","hermit:Malice","hermit:BlackWind","hermit:GoldenBullet","hermit:Manifest","hermit:Malice","hermit:Ricochet","hermit:Midnight","hermit:GhostlyPresence","hermit:WideOpen","Good Instincts","hermit:FlashPowder","hermit:WideOpen","hermit:Coalescence+1","hermit:Midnight","hermit:Vantage","hermit:LuckOfTheDraw","hermit:FlashPowder","hermit:Manifest","hermit:Magnum","hermit:LowProfile","Dark Shackles","Panacea","hermit:LuckOfTheDraw"],"relics":["Cursed Key","PreservedInsect","ReplayTheSpireMod:Ring of Addiction","SacredBark","Potion Belt","Art of War","Pandora\u0027s Box","Thread and Needle","SlaversCollar"],"acts_visited":["Exordium","TheCity","TheBeyond"],"potions_floor_usage":[6,10,13,16,18,21,23,24,28,37,39],"damage_taken":[{"damage":4,"enemies":"2 Louse","floor":1,"turns":2},{"damage":0,"enemies":"Jaw Worm","floor":4,"turns":2},{"damage":0,"enemies":"Small Slimes","floor":5,"turns":2},{"damage":16,"enemies":"Gremlin Nob","floor":6,"turns":4},{"damage":0,"enemies":"3 Louse","floor":10,"turns":1},{"damage":0,"enemies":"3 Sentries","floor":11,"turns":3},{"damage":0,"enemies":"2 Fungi Beasts","floor":13,"turns":2},{"damage":2,"enemies":"Exordium Wildlife","floor":14,"turns":2},{"damage":5,"enemies":"Hexaghost","floor":16,"turns":7},{"damage":0,"enemies":"3 Byrds","floor":18,"turns":1},{"damage":2,"enemies":"Chosen","floor":20,"turns":3},{"damage":0,"enemies":"Snake Plant","floor":21,"turns":3},{"damage":13,"enemies":"3 Cultists","floor":22,"turns":4},{"damage":5,"enemies":"Gremlin Leader","floor":23,"turns":5},{"damage":0,"enemies":"Cultist and Chosen","floor":24,"turns":4},{"damage":17,"enemies":"Snake Plant","floor":28,"turns":3},{"damage":13,"enemies":"Sentry and Sphere","floor":30,"turns":4},{"damage":0,"enemies":"Centurion and Healer","floor":31,"turns":4},{"damage":46,"enemies":"Collector","floor":33,"turns":11},{"damage":0,"enemies":"3 Shapes","floor":35,"turns":9},{"damage":6,"enemies":"3 Darklings","floor":37,"turns":4},{"damage":7,"enemies":"4 Shapes","floor":38,"turns":7},{"damage":39,"enemies":"2 Orb Walkers","floor":39,"turns":2}],"seed_played":"-6225613989842375430","potions_obtained":[{"floor":5,"key":"EssenceOfSteel"},{"floor":6,"key":"AttackPotion"},{"floor":7,"key":"SpeedPotion"},{"floor":7,"key":"hermit:Tonic"},{"floor":7,"key":"Adrenaline Potion"},{"floor":11,"key":"SmokeBomb"},{"floor":16,"key":"Cursed Concoction"},{"floor":33,"key":"Weak Potion"},{"floor":38,"key":"Elixir"}],"is_trial":false,"path_per_floor":["M","$","?","M","M","E","?","R","T","M","E","R","M","M","R","B",null,"M","$","M","M","M","E","M","R","T","R","M","R","M","M","R","B",null,"M","?","M","M","?"],"character_chosen":"HERMIT","items_purchased":["hermit:Vantage","hermit:WideOpen","Good Instincts","LiquidMemories","SkillPotion"],"campfire_rested":3,"item_purchase_floors":[2,19,19,19,19],"current_hp_per_floor":[60,60,39,39,39,23,23,44,44,44,44,44,44,42,42,37,63,63,63,61,61,48,43,43,43,43,43,26,46,33,33,53,7,52,52,42,36,29,0,0],"gold":252,"neow_bonus":"BOSS_RELIC","is_daily":false,"chose_seed":false,"campfire_upgraded":4,"win_rate":0.0,"timestamp":1612150029,"path_taken":["M","$","?","M","M","E","?","R","T","M","E","R","M","M","R","BOSS","M","$","M","M","M","E","M","R","T","R","M","R","M","M","R","BOSS","M","?","M","M","?"],"items_purchased_type":["Card","Card","Card","Potion","Potion"],"build_version":"2020-12-22","purchased_purges":0,"victory":false,"max_hp_per_floor":[71,71,71,71,71,71,71,71,71,71,71,71,71,71,71,71,71,71,71,71,71,71,71,71,71,71,71,69,69,69,69,67,67,67,65,65,65,65,65,65],"relic_stats":{"counters":[23,89],"Pandora\u0027s Box":["hermit:Malice","hermit:BlackWind","hermit:GoldenBullet","hermit:Manifest","hermit:Malice","hermit:Ricochet","hermit:Midnight","hermit:GhostlyPresence"],"PreservedInsect":81,"Art of War":[13],"Cursed Key":0,"obtain_stats":[{"Potion Belt":7,"SlaversCollar":34,"ReplayTheSpireMod:Ring of Addiction":7,"SacredBark":7,"Pandora\u0027s Box":17,"Thread and Needle":23,"PreservedInsect":6,"Art of War":11,"Cursed Key":0,"hermit:Momento":0},{"Potion Belt":4,"SlaversCollar":19,"ReplayTheSpireMod:Ring of Addiction":4,"SacredBark":4,"Pandora\u0027s Box":9,"Thread and Needle":14,"PreservedInsect":4,"Art of War":6,"Cursed Key":0,"hermit:Momento":0},{"Potion Belt":10,"SlaversCollar":67,"ReplayTheSpireMod:Ring of Addiction":10,"SacredBark":10,"Pandora\u0027s Box":25,"Thread and Needle":41,"PreservedInsect":10,"Art of War":14,"Cursed Key":0,"hermit:Momento":0}]},"card_choices":[{"not_picked":["hermit:Misfire","hermit:Virtue"],"picked":"hermit:Ricochet","floor":1},{"not_picked":["hermit:Maintenance","hermit:TrackingShot"],"picked":"hermit:NoHoldsBarred","floor":4},{"not_picked":["hermit:Headshot","hermit:Desperado"],"picked":"hermit:Scavenge","floor":5},{"not_picked":["hermit:FinalCanter","hermit:Vantage"],"picked":"hermit:LowProfile","floor":6},{"not_picked":["hermit:BigShot","hermit:HighCaliber"],"picked":"hermit:NoHoldsBarred","floor":10},{"not_picked":["hermit:Brawl","hermit:Dive"],"picked":"hermit:Determination","floor":11},{"not_picked":["hermit:Spite","hermit:Quickdraw"],"picked":"hermit:Coalescence","floor":13},{"not_picked":["hermit:Dissolve","hermit:Virtue"],"picked":"hermit:Determination","floor":14},{"not_picked":["hermit:OverwhelmingPower","hermit:Roughhouse"],"picked":"hermit:BlackWind","floor":16},{"not_picked":["hermit:Spite","hermit:Deadeye"],"picked":"hermit:FlashPowder","floor":20},{"not_picked":["hermit:ItchyTrigger+1","hermit:Glare"],"picked":"hermit:WideOpen","floor":21},{"not_picked":["hermit:ItchyTrigger","hermit:Purgatory"],"picked":"hermit:Coalescence+1","floor":22},{"not_picked":["hermit:Quickdraw","hermit:CalledShot"],"picked":"hermit:Midnight","floor":23},{"not_picked":["hermit:GoldenBullet","hermit:Headshot"],"picked":"hermit:Vantage","floor":24},{"not_picked":["hermit:FullyLoaded","hermit:Scavenge"],"picked":"hermit:LuckOfTheDraw","floor":28},{"not_picked":["hermit:Headshot","hermit:Manifest"],"picked":"hermit:FlashPowder","floor":30},{"not_picked":["hermit:TrackingShot","hermit:Deadeye+1"],"picked":"hermit:Manifest","floor":31},{"not_picked":["hermit:Gambit","hermit:FromBeyond"],"picked":"hermit:Magnum","floor":33},{"not_picked":["hermit:TakeCover+1","hermit:Headshot"],"picked":"hermit:LowProfile","floor":35},{"not_picked":["Jack Of All Trades","Swift Strike"],"picked":"Dark Shackles","floor":36},{"not_picked":["Dramatic Entrance","Transmutation"],"picked":"Panacea","floor":36},{"not_picked":["hermit:Showdown","hermit:FullyLoaded"],"picked":"hermit:LuckOfTheDraw","floor":37},{"not_picked":["hermit:Ricochet","hermit:Coalescence+1","hermit:Feint"],"picked":"SKIP","floor":38}],"player_experience":1010100,"relics_obtained":[{"floor":6,"key":"PreservedInsect"},{"floor":7,"key":"ReplayTheSpireMod:Ring of Addiction"},{"floor":7,"key":"SacredBark"},{"floor":7,"key":"Potion Belt"},{"floor":11,"key":"Art of War"},{"floor":23,"key":"Thread and Needle"}],"event_choices":[{"damage_healed":0,"gold_gain":0,"player_choice":"Entered Light","damage_taken":21,"max_hp_gain":0,"max_hp_loss":0,"event_name":"Shining Light","floor":3,"gold_loss":0,"cards_upgraded":["hermit:Strike_Hermit","hermit:Vantage"]},{"damage_healed":0,"gold_gain":0,"player_choice":"Memory 3","damage_taken":10,"max_hp_gain":0,"max_hp_loss":0,"event_name":"SensoryStone","floor":36,"gold_loss":0},{"damage_healed":0,"gold_gain":0,"player_choice":"Fight","damage_taken":0,"max_hp_gain":0,"max_hp_loss":0,"event_name":"Mysterious Sphere","floor":39,"gold_loss":0}],"is_beta":false,"boss_relics":[{"not_picked":["Abe\u0027s Treasure","Replay:Bronze Core"],"picked":"Pandora\u0027s Box"},{"not_picked":["Philosopher\u0027s Stone","hermit:DentedPlate"],"picked":"SlaversCollar"}],"items_purged_floors":[],"is_endless":false,"potions_floor_spawned":[5,6,11,16,18,20,33,38],"killed_by":"2 Orb Walkers","ascension_level":20}}