{"host":"szp1d6dso4pv7ddl","time":1612139174,"event":{"mods":["AchievementEnabler","Alarm Clock","BaseMod","Bestiary","Block Reminder","Colored Map","Colored Powertips","Curses Come First","Dark Map","Displayed Cursed Tome","Highlight Path","Minty Spire (QoL Compilation)","Permanent Neow","Quick Restart","Relic Sorter","Relic Stats","StSLib","Synergy Search"],"gold_per_floor":[364,73,29,40,66,100,114,114,114,127,79,114,137,153,153,227,227,247,263,263,6,25,25,43,78,101,101,51,51,65,65,65,143,143,163,179,204,154,168,168,168],"floor_reached":40,"language":"ENG","playtime":2184,"items_purged":["Zap","Strike_B"],"score":772,"play_id":"304ee63e-a2ba-47a5-8f50-f59ea8e3046b","local_time":"20210131162614","is_ascension_mode":true,"campfire_choices":[{"floor":8.0,"key":"REST"},{"floor":15.0,"key":"REST"},{"data":"Defend_B","floor":23,"key":"SMITH"},{"floor":27,"key":"REST"},{"data":"Self Repair","floor":29,"key":"SMITH"},{"data":"Defend_B","floor":32,"key":"SMITH"}],"circlet_count":0,"master_deck":["AscendersBane","Strike_B","Strike_B","Defend_B+1","Defend_B+1","Defend_B","Defend_B","Dualcast","Conserve Battery","Hyperbeam","Scrape","Go for the Eyes","Self Repair+1","Meteor Strike","Self Repair+1","Go for the Eyes","Apotheosis","Double Energy","Leap","Undo","Creative AI","Amplify","Parasite","BootSequence"],"relics":["Cracked Core","Bag of Marbles","Strawberry","Ice Cream","Pear","DataDisk","Smiling Mask","Nuclear Battery","Mercury Hourglass","Coffee Dripper","Calipers"],"acts_visited":["Exordium","TheCity","TheBeyond"],"potions_floor_usage":[33],"damage_taken":[{"damage":1.0,"enemies":"Cultist","floor":1.0,"turns":3.0},{"damage":0.0,"enemies":"Jaw Worm","floor":4.0,"turns":3.0},{"damage":23.0,"enemies":"Lagavulin","floor":6.0,"turns":5.0},{"damage":10.0,"enemies":"Small Slimes","floor":7.0,"turns":3.0},{"damage":0.0,"enemies":"Exordium Thugs","floor":10.0,"turns":2.0},{"damage":0.0,"enemies":"Gremlin Nob","floor":12.0,"turns":1.0},{"damage":12.0,"enemies":"Lots of Slimes","floor":14.0,"turns":2.0},{"damage":55.0,"enemies":"The Guardian","floor":16.0,"turns":18.0},{"damage":0.0,"enemies":"Chosen","floor":18.0,"turns":4.0},{"damage":40.0,"enemies":"Shell Parasite","floor":19.0,"turns":7.0},{"damage":29.0,"enemies":"3 Cultists","floor":22.0,"turns":5.0},{"damage":0,"enemies":"Snecko","floor":24,"turns":4},{"damage":48,"enemies":"Book of Stabbing","floor":25,"turns":7},{"damage":16,"enemies":"Snake Plant","floor":30,"turns":4},{"damage":24,"enemies":"Automaton","floor":33,"turns":10},{"damage":24,"enemies":"3 Darklings","floor":35,"turns":4},{"damage":1,"enemies":"3 Shapes","floor":36,"turns":6},{"damage":4,"enemies":"Mind Bloom Boss Battle","floor":37,"turns":9},{"damage":38,"enemies":"Writhing Mass","floor":39,"turns":7},{"damage":90,"enemies":"Giant Head","floor":40,"turns":8}],"seed_played":"-8349828288651485391","potions_obtained":[{"floor":7.0,"key":"FocusPotion"},{"floor":10.0,"key":"LiquidMemories"},{"floor":12.0,"key":"Swift Potion"},{"floor":16.0,"key":"FearPotion"},{"floor":24,"key":"Energy Potion"},{"floor":25,"key":"DistilledChaos"},{"floor":35,"key":"PotionOfCapacity"}],"is_trial":false,"path_per_floor":["M","$","?","M","T","E","M","R","T","M","$","E","T","M","R","B",null,"M","M","?","$","M","R","M","E","T","R","$","R","M","?","R","B",null,"M","M","?","$","M","E"],"character_chosen":"DEFECT","items_purchased":["Hyperbeam","Bag of Marbles","Go for the Eyes","Apotheosis","Double Energy"],"campfire_rested":3,"item_purchase_floors":[2,2,11,21,21],"current_hp_per_floor":[45,45,45,45,52,29,19,42,52,52,52,52,52,40,66,18,71,78,55,55,55,46,46,66,38,38,64,64,64,68,68,68,64,82,78,88,88,88,70,0,0],"gold":168,"neow_bonus":"TWO_FIFTY_GOLD","is_daily":false,"chose_seed":false,"campfire_upgraded":3,"win_rate":0.0,"timestamp":1612139174,"path_taken":["M","$","?","M","?","E","M","R","T","?","$","E","?","M","R","BOSS","M","M","?","$","?","R","M","E","T","R","?","R","M","?","R","BOSS","M","M","?","$","M","E"],"items_purchased_type":["Card","Relic","Card","Card","Card"],"build_version":"2020-12-22","purchased_purges":2,"victory":false,"max_hp_per_floor":[71,71,71,71,78,78,78,78,88,88,88,88,88,88,88,88,88,88,88,88,88,88,88,88,88,88,88,88,88,88,88,88,88,88,88,88,88,88,88,88,88],"relic_stats":{"counters":[20,112],"Smiling Mask":75,"obtain_stats":[{"Ice Cream":6,"DataDisk":12,"Pear":9,"Calipers":37,"Strawberry":5,"Bag of Marbles":2,"Coffee Dripper":34,"Cracked Core":0,"Smiling Mask":13,"Nuclear Battery":17,"Mercury Hourglass":25},{"Ice Cream":3,"DataDisk":6,"Pear":4,"Calipers":18,"Strawberry":2,"Bag of Marbles":1,"Coffee Dripper":15,"Cracked Core":0,"Smiling Mask":6,"Nuclear Battery":8,"Mercury Hourglass":13},{"Ice Cream":11,"DataDisk":17,"Pear":14,"Calipers":97,"Strawberry":6,"Bag of Marbles":3,"Coffee Dripper":78,"Cracked Core":0,"Smiling Mask":17,"Nuclear Battery":37,"Mercury Hourglass":64}],"Mercury Hourglass":[175]},"card_choices":[{"not_picked":["Sunder","Leap"],"picked":"Conserve Battery","floor":1.0},{"not_picked":["Ball Lightning","Stack","Steam"],"picked":"SKIP","floor":4.0},{"not_picked":["Recycle","Go for the Eyes"],"picked":"Scrape","floor":6.0},{"not_picked":["Lockon","Tempest","Hologram"],"picked":"SKIP","floor":7.0},{"not_picked":["Turbo","Ball Lightning","Redo"],"picked":"SKIP","floor":10.0},{"not_picked":["Ball Lightning","Compile Driver","Consume"],"picked":"SKIP","floor":12.0},{"not_picked":["Turbo","Consume"],"picked":"Self Repair","floor":14.0},{"not_picked":["Rainbow","All For One"],"picked":"Meteor Strike","floor":16.0},{"not_picked":["Rebound","FTL"],"picked":"Self Repair+1","floor":18.0},{"not_picked":["Auto Shields+1","Ball Lightning"],"picked":"Go for the Eyes","floor":19.0},{"not_picked":["Hologram+1","Glacier"],"picked":"Leap","floor":22},{"not_picked":["Hologram","Force Field","Streamline+1"],"picked":"SKIP","floor":24},{"not_picked":["Consume","Doom and Gloom"],"picked":"Undo","floor":25},{"not_picked":["Doom and Gloom","Defragment+1","Redo+1"],"picked":"SKIP","floor":30},{"not_picked":["Machine Learning","Multi-Cast"],"picked":"Creative AI","floor":33},{"not_picked":["Cold Snap","Coolheaded","Beam Cell+1"],"picked":"SKIP","floor":35},{"not_picked":["Aggregate","Capacitor","Go for the Eyes+1"],"picked":"SKIP","floor":36},{"not_picked":["Rebound","Redo"],"picked":"Amplify","floor":37},{"not_picked":["Streamline+1","Turbo"],"picked":"BootSequence","floor":39}],"player_experience":1331387,"relics_obtained":[{"floor":5.0,"key":"Strawberry"},{"floor":6.0,"key":"Ice Cream"},{"floor":9.0,"key":"Pear"},{"floor":12.0,"key":"DataDisk"},{"floor":13.0,"key":"Smiling Mask"},{"floor":25,"key":"Mercury Hourglass"},{"floor":37,"key":"Calipers"}],"event_choices":[{"damage_healed":0.0,"max_hp_gain":0.0,"max_hp_loss":0.0,"gold_gain":0.0,"event_name":"World of Goop","player_choice":"Left Gold","floor":3.0,"gold_loss":44.0,"damage_taken":0.0},{"cards_removed":["Strike_B"],"damage_healed":0.0,"max_hp_gain":0.0,"max_hp_loss":0.0,"gold_gain":0.0,"event_name":"Bonfire Elementals","player_choice":"Offered Basic","floor":20.0,"gold_loss":0.0,"damage_taken":0.0},{"damage_healed":0,"gold_gain":0,"player_choice":"Ignored","damage_taken":0,"max_hp_gain":0,"max_hp_loss":0,"event_name":"Vampires","floor":31,"gold_loss":0},{"damage_healed":0,"gold_gain":0,"player_choice":"Fight","damage_taken":0,"max_hp_gain":0,"max_hp_loss":0,"event_name":"MindBloom","floor":37,"gold_loss":0}],"is_beta":false,"boss_relics":[{"not_picked":["Philosopher\u0027s Stone","Empty Cage"],"picked":"Nuclear Battery"},{"not_picked":["SacredBark","Runic Dome"],"picked":"Coffee Dripper"}],"items_purged_floors":[28,38],"is_endless":false,"potions_floor_spawned":[7,10,12,16,18,24,25,35,36,37],"killed_by":"Giant Head","ascension_level":15}}