{"host":"gobyjzz6xbwq9f9i","time":1612164833,"event":{"mods":["AchievementEnabler","BaseMod","Bestiary","Colored Map","Minty Spire (QoL Compilation)","Relic Stats"],"gold_per_floor":[118,138,155,211,223,223,256,256,280,280,293,305,305,334,334,439,439,451,462,1,14,14,14,45,57,57,57,57,82,82,82,82,182,182,192,192,192,206,218,252,264,174,200,216,246,246,281,102,102,102,102,102,102,130,130],"floor_reached":56,"language":"ENG","playtime":2862,"items_purged":["Strike_P","Strike_P+1"],"score":1925,"play_id":"5c91ccc4-b706-45b6-89a0-0f79e9c24bbb","local_time":"20210131233353","is_ascension_mode":true,"campfire_choices":[{"data":"CrushJoints","floor":6.0,"key":"SMITH"},{"data":"TalkToTheHand","floor":8.0,"key":"SMITH"},{"data":"WheelKick","floor":10.0,"key":"SMITH"},{"data":"TalkToTheHand","floor":15.0,"key":"SMITH"},{"data":"BowlingBash","floor":23.0,"key":"SMITH"},{"data":"Blasphemy","floor":27.0,"key":"SMITH"},{"data":"Ghostly","floor":32.0,"key":"SMITH"},{"data":"Ghostly","floor":46.0,"key":"SMITH"},{"floor":49.0,"key":"RECALL"},{"data":"Ghostly","floor":52,"key":"SMITH"}],"circlet_count":0,"master_deck":["Strike_P+1","Strike_P+1","Defend_P+1","Defend_P+1","Defend_P+1","Eruption","Vigilance","SashWhip","CrushJoints+1","WheelKick+1","TalkToTheHand+1","ThirdEye+1","CutThroughFate+1","BowlingBash+1","TalkToTheHand+1","Blasphemy+1","EmptyFist+1","FearNoEvil","Tantrum+1","FlurryOfBlows","Vault","Sanctity","Ghostly+1","Ghostly+1","Ghostly+1","Ghostly","Ghostly","DevaForm","Protect+1","Bandage Up","Evaluate+1","EmptyMind+1","Crescendo+1","TalkToTheHand+1","ForeignInfluence+1","Study","Vault"],"relics":["Sozu","Orichalcum","Yang","Boot","SlaversCollar","Ginger","War Paint","Blood Vial","Gremlin Horn","VioletLotus","Du-Vu Doll","Potion Belt","Lizard Tail","Pear","Mercury Hourglass"],"acts_visited":["Exordium","TheCity","TheBeyond","TheEnding"],"potions_floor_usage":[],"damage_taken":[{"damage":0.0,"enemies":"Jaw Worm","floor":1.0,"turns":3.0},{"damage":0.0,"enemies":"2 Louse","floor":2.0,"turns":4.0},{"damage":2.0,"enemies":"Small Slimes","floor":3.0,"turns":3.0},{"damage":3.0,"enemies":"Blue Slaver","floor":5.0,"turns":3.0},{"damage":10.0,"enemies":"Gremlin Nob","floor":7.0,"turns":3.0},{"damage":9.0,"enemies":"Exordium Thugs","floor":11.0,"turns":4.0},{"damage":0.0,"enemies":"Large Slime","floor":12.0,"turns":2.0},{"damage":21.0,"enemies":"3 Sentries","floor":14.0,"turns":5.0},{"damage":2.0,"enemies":"The Guardian","floor":16.0,"turns":9.0},{"damage":0.0,"enemies":"Spheric Guardian","floor":18.0,"turns":3.0},{"damage":0.0,"enemies":"Chosen","floor":19.0,"turns":4.0},{"damage":10.0,"enemies":"Shelled Parasite and Fungi","floor":21.0,"turns":3.0},{"damage":0.0,"enemies":"Gremlin Leader","floor":24.0,"turns":3.0},{"damage":6.0,"enemies":"Snecko","floor":25.0,"turns":3.0},{"damage":0.0,"enemies":"Slavers","floor":29.0,"turns":5.0},{"damage":0.0,"enemies":"Collector","floor":33.0,"turns":8.0},{"damage":0.0,"enemies":"3 Darklings","floor":35.0,"turns":2.0},{"damage":0.0,"enemies":"3 Shapes","floor":38.0,"turns":3.0},{"damage":21.0,"enemies":"Jaw Worm Horde","floor":39.0,"turns":6.0},{"damage":0.0,"enemies":"Reptomancer","floor":40.0,"turns":6.0},{"damage":6.0,"enemies":"4 Shapes","floor":41.0,"turns":5.0},{"damage":0.0,"enemies":"3 Darklings","floor":44.0,"turns":5.0},{"damage":0.0,"enemies":"Nemesis","floor":45.0,"turns":4.0},{"damage":3.0,"enemies":"Reptomancer","floor":47.0,"turns":5.0},{"damage":0,"enemies":"Time Eater","floor":50,"turns":9},{"damage":0,"enemies":"Shield and Spear","floor":54,"turns":7},{"damage":68,"enemies":"The Heart","floor":55,"turns":12}],"seed_played":"4805077954535925979","potions_obtained":[],"is_trial":false,"path_per_floor":["M","M","M","?","M","R","E","R","T","R","M","M","T","E","R","B",null,"M","M","$","M","?","R","E","M","T","R","?","E","?","$","R","B",null,"M","?","?","M","M","E","M","?","T","M","E","R","E","$","R","B",null,"R","$","E","B",null],"character_chosen":"WATCHER","items_purchased":["Ginger","FearNoEvil","Study"],"campfire_rested":0,"item_purchase_floors":[20,20,48],"current_hp_per_floor":[65,65,63,63,60,60,50,50,50,50,41,41,41,20,20,18,59,59,59,59,49,49,49,49,43,43,43,36,36,36,36,36,36,36,36,36,36,36,19,25,25,25,25,31,36,36,43,43,43,46,46,46,46,46,10],"gold":130,"neow_bonus":"BOSS_RELIC","is_daily":false,"chose_seed":false,"campfire_upgraded":9,"win_rate":0.0,"timestamp":1612164833,"path_taken":["M","M","M","?","M","R","E","R","T","R","M","M","?","E","R","BOSS","M","M","$","M","?","R","E","M","T","R","?","E","?","$","R","BOSS","M","?","?","M","M","E","?","?","T","M","E","R","E","?","R","BOSS","R","$","E","BOSS"],"items_purchased_type":["Relic","Card","Card"],"build_version":"2020-12-22","purchased_purges":2,"victory":true,"max_hp_per_floor":[72,72,72,72,72,72,72,72,72,72,72,72,72,72,72,72,72,72,72,72,72,72,72,72,72,72,72,36,36,36,36,36,36,36,36,36,36,36,36,36,36,36,36,36,36,36,46,46,46,46,46,46,46,46,46],"relic_stats":{"Gremlin Horn":[22,22],"counters":[27,128],"Yang":[302],"Ginger":[10],"Orichalcum":[84],"War Paint":["Defend_P","ThirdEye"],"Boot":[226],"Mercury Hourglass":[35],"Sozu":13,"Blood Vial":10,"Lizard Tail":23,"VioletLotus":[11],"obtain_stats":[{"Potion Belt":43,"Pear":47,"Gremlin Horn":29,"Yang":13,"Ginger":20,"Orichalcum":7,"War Paint":24,"Boot":14,"Mercury Hourglass":54,"Sozu":0,"Blood Vial":26,"Du-Vu Doll":40,"SlaversCollar":17,"Lizard Tail":45,"VioletLotus":34,"PureWater":0},{"Potion Belt":21,"Pear":24,"Gremlin Horn":15,"Yang":7,"Ginger":11,"Orichalcum":5,"War Paint":13,"Boot":8,"Mercury Hourglass":26,"Sozu":0,"Blood Vial":14,"Du-Vu Doll":20,"SlaversCollar":9,"Lizard Tail":23,"VioletLotus":16,"PureWater":0},{"Potion Belt":87,"Pear":101,"Gremlin Horn":57,"Yang":22,"Ginger":43,"Orichalcum":16,"War Paint":49,"Boot":27,"Mercury Hourglass":117,"Sozu":0,"Blood Vial":52,"Du-Vu Doll":82,"SlaversCollar":36,"Lizard Tail":96,"VioletLotus":65,"PureWater":0}]},"card_choices":[{"not_picked":["Sanctity","Halt"],"picked":"SashWhip","floor":1.0},{"not_picked":["CutThroughFate","ClearTheMind"],"picked":"CrushJoints","floor":2.0},{"not_picked":["SignatureMove","JustLucky"],"picked":"WheelKick","floor":3.0},{"not_picked":["Perseverance","ThirdEye"],"picked":"TalkToTheHand","floor":5.0},{"not_picked":["Halt","JustLucky"],"picked":"ThirdEye","floor":7.0},{"not_picked":["ThirdEye","JustLucky"],"picked":"CutThroughFate","floor":11.0},{"not_picked":["WaveOfTheHand","ClearTheMind"],"picked":"BowlingBash","floor":12.0},{"not_picked":["Fasting2","FlyingSleeves"],"picked":"TalkToTheHand","floor":14.0},{"not_picked":["SpiritShield","Omniscience"],"picked":"Blasphemy","floor":16.0},{"not_picked":["Indignation","PathToVictory"],"picked":"EmptyFist+1","floor":18.0},{"not_picked":["EmptyBody","FollowUp","FlurryOfBlows"],"picked":"SKIP","floor":19.0},{"not_picked":["Crescendo+1","FlurryOfBlows"],"picked":"Tantrum+1","floor":21.0},{"not_picked":["BowlingBash","WreathOfFlame"],"picked":"Vault","floor":24.0},{"not_picked":["WreathOfFlame","ForeignInfluence"],"picked":"Sanctity","floor":25.0},{"not_picked":["ForeignInfluence","FollowUp","Pray"],"picked":"SKIP","floor":29.0},{"not_picked":["MasterReality","LessonLearned"],"picked":"DevaForm","floor":33.0},{"not_picked":["ReachHeaven+1","CrushJoints+1"],"picked":"Protect+1","floor":35.0},{"not_picked":["Discovery","Jack Of All Trades"],"picked":"Bandage Up","floor":36.0},{"not_picked":["ClearTheMind","CutThroughFate"],"picked":"Evaluate+1","floor":38.0},{"not_picked":["CutThroughFate","ReachHeaven","BowlingBash+1"],"picked":"SKIP","floor":39.0},{"not_picked":["WreathOfFlame","Perseverance","Devotion"],"picked":"SKIP","floor":40.0},{"not_picked":["EmptyBody","FlurryOfBlows"],"picked":"EmptyMind+1","floor":41.0},{"not_picked":["WreathOfFlame","Evaluate+1"],"picked":"Crescendo+1","floor":44.0},{"not_picked":["CutThroughFate+1","LessonLearned"],"picked":"TalkToTheHand+1","floor":45.0},{"not_picked":["ClearTheMind","Evaluate+1"],"picked":"ForeignInfluence+1","floor":47.0},{"not_picked":["BowlingBash+1","Halt+1"],"picked":"Vault","floor":54}],"player_experience":1256024,"relics_obtained":[{"floor":7.0,"key":"Orichalcum"},{"floor":13.0,"key":"Yang"},{"floor":14.0,"key":"Boot"},{"floor":24.0,"key":"War Paint"},{"floor":26.0,"key":"Blood Vial"},{"floor":29.0,"key":"Gremlin Horn"},{"floor":40.0,"key":"Du-Vu Doll"},{"floor":43.0,"key":"Potion Belt"},{"floor":45.0,"key":"Lizard Tail"},{"floor":47.0,"key":"Pear"},{"floor":54,"key":"Mercury Hourglass"}],"event_choices":[{"damage_healed":0.0,"max_hp_gain":0.0,"max_hp_loss":0.0,"gold_gain":56.0,"event_name":"Golden Wing","player_choice":"Gained Gold","floor":4.0,"gold_loss":0.0,"damage_taken":0.0},{"damage_healed":0.0,"max_hp_gain":0.0,"max_hp_loss":0.0,"gold_gain":0.0,"event_name":"The Library","player_choice":"Read","floor":22.0,"gold_loss":0.0,"damage_taken":0.0,"cards_obtained":["FlurryOfBlows"]},{"damage_healed":0.0,"max_hp_gain":0.0,"max_hp_loss":36.0,"gold_gain":0.0,"event_name":"Ghosts","player_choice":"Became a Ghost","floor":28.0,"gold_loss":0.0,"damage_taken":0.0,"cards_obtained":["Ghostly","Ghostly","Ghostly","Ghostly","Ghostly"]},{"damage_healed":0.0,"max_hp_gain":0.0,"max_hp_loss":0.0,"gold_gain":0.0,"event_name":"Back to Basics","player_choice":"Simplicity","floor":30.0,"gold_loss":0.0,"damage_taken":0.0,"cards_upgraded":["Strike_P","Strike_P","Strike_P","Defend_P","Defend_P","Defend_P"]},{"damage_healed":0.0,"max_hp_gain":0.0,"max_hp_loss":0.0,"gold_gain":0.0,"event_name":"SensoryStone","player_choice":"Memory 1","floor":36.0,"gold_loss":0.0,"damage_taken":0.0},{"damage_healed":0.0,"max_hp_gain":0.0,"max_hp_loss":0.0,"gold_gain":0.0,"event_name":"Lab","player_choice":"Got Potions","floor":37.0,"gold_loss":0.0,"damage_taken":0.0},{"cards_removed":["Defend_P"],"damage_healed":0.0,"max_hp_gain":0.0,"max_hp_loss":0.0,"gold_gain":0.0,"event_name":"Designer","player_choice":"Upgrade and Remove","floor":42.0,"gold_loss":90.0,"damage_taken":0.0,"cards_upgraded":["CutThroughFate"]}],"is_beta":false,"boss_relics":[{"not_picked":["Coffee Dripper","Velvet Choker"],"picked":"SlaversCollar"},{"not_picked":["Tiny House","Runic Dome"],"picked":"VioletLotus"}],"items_purged_floors":[20,48],"is_endless":false,"potions_floor_spawned":[1,2,12,18,21,29,38,44,45,47],"ascension_level":7}}