{"host":"q9sqrn60n8lvmavn","time":1612223200,"event":{"mods":["AchievementEnabler","AlwaysNeverKeys","BaseMod","Better Third Choice","Better Vampires","Block Reminder","Colored Powertips","Curses Come First","DNKmod","Friendly Minions","Minty Spire (QoL Compilation)","Permanent Neow","Relic Filter Mod","StSLib","Weighted Paths"],"gold_per_floor":[1018,1034,1034,654,666,696,716,716,716,750,750,785,802,832,832,927,927,943,943,960,980,980,980,1006,1006,1006,1037,1051,657,687,786,786,886,886,900,900,916,639,639,639,673,306,378,395,422,435,435,463,463,463,463,463,227,259,259],"floor_reached":56,"language":"ENG","playtime":2355,"items_purged":["Strike_P","Defend_P","Defend_P","Bite","Bite+1"],"score":2255,"play_id":"1f47e905-d281-4e34-9136-831a0311bc1e","local_time":"20210201154640","is_ascension_mode":true,"campfire_choices":[{"data":"Prostrate","floor":8,"key":"SMITH"},{"data":"Scrawl","floor":11,"key":"SMITH"},{"data":"FlurryOfBlows","floor":15,"key":"SMITH"},{"data":"Pray","floor":23,"key":"SMITH"},{"data":"Bite","floor":25,"key":"SMITH"},{"data":"Bite","floor":32,"key":"SMITH"},{"data":"Deep Breath","floor":40,"key":"SMITH"},{"data":"TalkToTheHand","floor":47,"key":"SMITH"},{"data":"MentalFortress","floor":49,"key":"SMITH"},{"data":"Madness","floor":52,"key":"SMITH"}],"circlet_count":0,"master_deck":["Vigilance","Prostrate+1","MentalFortress+1","Scrawl+1","Pray+1","FlurryOfBlows+1","WheelKick+1","Bite+1","Prostrate+1","Madness","Madness+1","Deep Breath+1","TalkToTheHand+1","Fasting2+1"],"relics":["PureWater","Damaru","MealTicket","TeardropLocket","Torii","Incense Burner","Akabeko","Bag of Preparation","Empty Cage","Enchiridion","Mercury Hourglass","Letter Opener","Bronze Scales","Bag of Marbles","DollysMirror","Juzu Bracelet","Black Star","Omamori","Pear","Shuriken","Membership Card","InkBottle","Yang","Meat on the Bone","Sundial","Dream Catcher","Mummified Hand","Centennial Puzzle","Strange Spoon","Boot","Calipers"],"acts_visited":["Exordium","TheCity","TheBeyond","TheEnding"],"potions_floor_usage":[10,10,16,24,33,54,55,55],"damage_taken":[{"damage":0,"enemies":"Jaw Worm","floor":1,"turns":2},{"damage":7,"enemies":"Small Slimes","floor":2,"turns":2},{"damage":0,"enemies":"2 Louse","floor":5,"turns":2},{"damage":5,"enemies":"Lagavulin","floor":6,"turns":6},{"damage":2,"enemies":"Looter","floor":7,"turns":4},{"damage":15,"enemies":"Gremlin Nob","floor":10,"turns":4},{"damage":11,"enemies":"3 Sentries","floor":12,"turns":9},{"damage":0,"enemies":"Exordium Wildlife","floor":13,"turns":2},{"damage":0,"enemies":"Gremlin Nob","floor":14,"turns":2},{"damage":0,"enemies":"Slime Boss","floor":16,"turns":6},{"damage":0,"enemies":"3 Byrds","floor":18,"turns":3},{"damage":0,"enemies":"Chosen","floor":20,"turns":1},{"damage":0,"enemies":"Snake Plant","floor":21,"turns":1},{"damage":0,"enemies":"Slavers","floor":24,"turns":1},{"damage":0,"enemies":"Book of Stabbing","floor":27,"turns":1},{"damage":0,"enemies":"Snecko","floor":28,"turns":1},{"damage":0,"enemies":"Slavers","floor":30,"turns":1},{"damage":0,"enemies":"Champ","floor":33,"turns":1},{"damage":0,"enemies":"3 Darklings","floor":35,"turns":1},{"damage":0,"enemies":"3 Shapes","floor":37,"turns":2},{"damage":0,"enemies":"Nemesis","floor":41,"turns":1},{"damage":0,"enemies":"Maw","floor":44,"turns":1},{"damage":0,"enemies":"Giant Head","floor":45,"turns":1},{"damage":0,"enemies":"3 Darklings","floor":46,"turns":1},{"damage":0,"enemies":"Nemesis","floor":48,"turns":1},{"damage":0,"enemies":"Awakened One","floor":50,"turns":3},{"damage":0,"enemies":"Shield and Spear","floor":54,"turns":1},{"damage":47,"enemies":"The Heart","floor":55,"turns":5}],"seed_played":"1092159684462858803","potions_obtained":[{"floor":1,"key":"CultistPotion"},{"floor":2,"key":"Ancient Potion"},{"floor":12,"key":"SneckoOil"},{"floor":18,"key":"DistilledChaos"},{"floor":20,"key":"Weak Potion"},{"floor":24,"key":"Regen Potion"},{"floor":30,"key":"DistilledChaos"},{"floor":37,"key":"SkillPotion"},{"floor":41,"key":"FearPotion"},{"floor":44,"key":"BottledMiracle"},{"floor":48,"key":"Strength Potion"}],"is_trial":false,"path_per_floor":["M","M","?","$","M","E","M","R","T","E","R","E","M","E","R","B",null,"M","?","M","M","?","R","E","R","T","E","M","$","E","?","R","B",null,"M","?","M","$","?","R","E","$","T","M","E","M","R","E","R","B",null,"R","$","E","B",null],"character_chosen":"WATCHER","items_purchased":["Damaru","MealTicket","Bag of Marbles","DollysMirror","Omamori","Membership Card","InkBottle","TalkToTheHand","Centennial Puzzle","Strange Spoon"],"campfire_rested":0,"item_purchase_floors":[4,4,29,29,38,42,42,42,53,53],"current_hp_per_floor":[100,93,98,98,98,93,91,91,91,76,76,65,65,65,65,65,95,95,79,79,79,79,79,86,86,86,86,86,86,86,86,86,86,86,86,75,83,86,86,86,96,96,96,96,96,96,96,96,96,96,96,96,96,96,56],"gold":259,"neow_bonus":"REMOVE_CARD","is_daily":false,"chose_seed":false,"campfire_upgraded":10,"win_rate":0.0,"timestamp":1612223200,"path_taken":["M","M","?","$","M","E","M","R","T","E","R","E","M","E","R","BOSS","M","?","M","M","?","R","E","R","T","E","M","$","E","?","R","BOSS","M","?","M","$","?","R","E","$","T","M","E","M","R","E","R","BOSS","R","$","E","BOSS"],"items_purchased_type":["Relic","Relic","Relic","Relic","Relic","Relic","Relic","Card","Relic","Relic"],"build_version":"2020-12-22","purchased_purges":5,"victory":true,"max_hp_per_floor":[100,100,105,105,105,105,105,105,105,105,105,105,105,105,105,105,105,105,105,105,105,86,86,86,86,86,86,86,86,86,86,86,86,86,86,86,86,86,86,86,96,96,96,96,96,96,96,96,96,96,96,96,96,96,96],"card_choices":[{"not_picked":["SignatureMove","Wireheading","Collect"],"picked":"SKIP","floor":1},{"not_picked":["FlurryOfBlows","Consecrate"],"picked":"Prostrate","floor":2},{"not_picked":["Vengeance","Adaptation","WaveOfTheHand"],"picked":"SKIP","floor":5},{"not_picked":["WheelKick","SashWhip"],"picked":"MentalFortress","floor":6},{"not_picked":["Halt","SashWhip","WindmillStrike"],"picked":"SKIP","floor":7},{"not_picked":["ClearTheMind","PathToVictory"],"picked":"Scrawl","floor":10},{"not_picked":["Study","Swivel"],"picked":"Pray","floor":12},{"not_picked":["SandsOfTime","ClearTheMind","CrushJoints"],"picked":"SKIP","floor":13},{"not_picked":["WreathOfFlame","MasterReality"],"picked":"FlurryOfBlows","floor":14},{"not_picked":["LikeWater","SashWhip"],"picked":"WheelKick+1","floor":18},{"not_picked":["Crescendo","BattleHymn","MentalFortress"],"picked":"SKIP","floor":20},{"not_picked":["EmptyBody+1","ClearTheMind","FollowUp"],"picked":"SKIP","floor":21},{"not_picked":["SpiritShield","CutThroughFate","JustLucky"],"picked":"SKIP","floor":24},{"not_picked":["FlurryOfBlows","SashWhip","CutThroughFate"],"picked":"SKIP","floor":27},{"not_picked":["Halt","EmptyBody+1","Evaluate"],"picked":"SKIP","floor":28},{"not_picked":["BowlingBash+1","Wireheading","Nirvana"],"picked":"SKIP","floor":30},{"not_picked":["ClearTheMind","BowlingBash","Evaluate"],"picked":"SKIP","floor":35},{"not_picked":["Prostrate+1","PathToVictory+1","Conclude+1"],"picked":"SKIP","floor":37},{"not_picked":["HandOfGreed","Impatience"],"picked":"Deep Breath","floor":39},{"not_picked":["Nirvana","FlyingSleeves","BowlingBash"],"picked":"SKIP","floor":41},{"not_picked":["Halt+1","Protect+1","CutThroughFate+1"],"picked":"SKIP","floor":44},{"not_picked":["PathToVictory+1","Wallop+1","EmptyFist"],"picked":"SKIP","floor":45},{"not_picked":["CarveReality","ThirdEye+1","PathToVictory+1"],"picked":"SKIP","floor":46},{"not_picked":["WaveOfTheHand+1","Crescendo","CutThroughFate+1"],"picked":"SKIP","floor":48},{"not_picked":["FlyingSleeves+1","Adaptation"],"picked":"Fasting2+1","floor":54}],"player_experience":190689,"relics_obtained":[{"floor":6,"key":"TeardropLocket"},{"floor":9,"key":"Torii"},{"floor":10,"key":"Incense Burner"},{"floor":12,"key":"Akabeko"},{"floor":14,"key":"Bag of Preparation"},{"floor":19,"key":"Enchiridion"},{"floor":24,"key":"Mercury Hourglass"},{"floor":26,"key":"Letter Opener"},{"floor":27,"key":"Bronze Scales"},{"floor":30,"key":"Juzu Bracelet"},{"floor":41,"key":"Pear"},{"floor":41,"key":"Shuriken"},{"floor":43,"key":"Yang"},{"floor":45,"key":"Meat on the Bone"},{"floor":45,"key":"Sundial"},{"floor":48,"key":"Dream Catcher"},{"floor":48,"key":"Mummified Hand"},{"floor":54,"key":"Boot"},{"floor":54,"key":"Calipers"}],"event_choices":[{"damage_healed":0,"gold_gain":0,"player_choice":"Donut","damage_taken":0,"max_hp_gain":5,"max_hp_loss":0,"event_name":"Big Fish","floor":3,"gold_loss":0},{"damage_healed":0,"gold_gain":0,"player_choice":"Obtained Book","damage_taken":16,"max_hp_gain":0,"max_hp_loss":0,"event_name":"Cursed Tome","floor":19,"gold_loss":0},{"damage_healed":0,"gold_gain":0,"player_choice":"Became a vampire","damage_taken":0,"max_hp_gain":0,"max_hp_loss":19,"event_name":"Vampires","floor":22,"gold_loss":0,"cards_obtained":["Bite","Bite","Bite"]},{"damage_healed":0,"gold_gain":99,"player_choice":"Steal","damage_taken":0,"max_hp_gain":0,"max_hp_loss":0,"event_name":"betterThird:BetterNest","floor":31,"gold_loss":0},{"damage_healed":0,"gold_gain":0,"player_choice":"Embrace Madness","damage_taken":11,"max_hp_gain":0,"max_hp_loss":0,"event_name":"Winding Halls","floor":36,"gold_loss":0,"cards_obtained":["Madness","Madness"]},{"damage_healed":0,"gold_gain":0,"player_choice":"Memory 1","damage_taken":0,"max_hp_gain":0,"max_hp_loss":0,"event_name":"SensoryStone","floor":39,"gold_loss":0}],"is_beta":false,"boss_relics":[{"not_picked":["Philosopher\u0027s Stone","Busted Crown"],"picked":"Empty Cage"},{"not_picked":["Runic Dome","SlaversCollar"],"picked":"Black Star"}],"items_purged_floors":[4,29,38,42,53],"is_endless":false,"potions_floor_spawned":[1,2,12,18,20,24,30,37,41,44,45,48],"ascension_level":6}}