{"host":"i9wanet4r0ff4t9y","time":1612177871,"event":{"mods":["2.2 Compatiblity","Act Like it!","BaseMod","Bestiary","Better Altar","Better Match","Better Note","Better Sensory Stone","Better Skull","Better Third Choice","Better Vampires","BetterRewards","CapriCore","Colored Map","Curses Come First","Downfall","Minty Spire (QoL Compilation)","Quick Restart","READ ME - Guardian Mod","READ ME - Snecko Mod","Relic Stats","Reliquary","Say the Spire","Spicy Shops","StSLib","The Disciple","The Gatherer","Waifu the Spire"],"gold_per_floor":[113,113,126,70,3,3,22,61,61,96,115,115,136,151,151,247,247,261,274,274,6,6,337,337,337,337],"floor_reached":25,"language":"POL","playtime":959,"items_purged":[],"score":694,"play_id":"611a38b2-deec-472a-b65d-c1eabb38b239","local_time":"20210201121111","is_ascension_mode":true,"campfire_choices":[{"floor":6.0,"key":"REST"},{"floor":15.0,"key":"REST"},{"floor":24.0,"key":"REST"}],"circlet_count":0,"master_deck":["AscendersBane","Strike_R","Strike_R","Strike_R","Strike_R","Strike_R","Defend_R","Defend_R","Defend_R","Defend_R","Bash","Flex","Anger","Anger","Bludgeon","Twin Strike","Transmutation+1","Dropkick","Injury","Feel No Pain","Cleave","Combust","Armaments","Feed","Dual Wield","Good Instincts","Rupture","Rupture","Limit Break","Heavy Blade+1","Pummel","Magnetism","Flame Barrier"],"relics":["Burning Blood","Pear","reliquary:Bookmark","Charon\u0027s Ashes","Orrery","Golden Idol","betterThird:SlimedRelic","hexamod:CandleOfCauterizing","Smiling Mask","Darkstone Periapt","Sozu","Omamori","Old Coin"],"acts_visited":["Exordium","TheCity"],"potions_floor_usage":[25],"damage_taken":[{"damage":0.0,"enemies":"2 Louse","floor":1.0,"turns":2.0},{"damage":7.0,"enemies":"Small Slimes","floor":3.0,"turns":3.0},{"damage":0.0,"enemies":"Jaw Worm","floor":7.0,"turns":1.0},{"damage":21.0,"enemies":"Lagavulin","floor":8.0,"turns":5.0},{"damage":0.0,"enemies":"Gremlin Nob","floor":10.0,"turns":2.0},{"damage":4.0,"enemies":"2 Fungi Beasts","floor":11.0,"turns":2.0},{"damage":15.0,"enemies":"Large Slime","floor":13.0,"turns":5.0},{"damage":23.0,"enemies":"Exordium Thugs","floor":14.0,"turns":4.0},{"damage":27.0,"enemies":"The Guardian","floor":16.0,"turns":9.0},{"damage":11.0,"enemies":"Chosen","floor":18.0,"turns":4.0},{"damage":12.0,"enemies":"3 Byrds","floor":19.0,"turns":4.0},{"damage":54.0,"enemies":"Slavers","floor":23.0,"turns":4.0},{"damage":52,"enemies":"Book of Stabbing","floor":25,"turns":6}],"seed_played":"6691300993336265567","potions_obtained":[{"floor":3.0,"key":"AttackPotion"},{"floor":8.0,"key":"EntropicBrew"},{"floor":14.0,"key":"FearPotion"},{"floor":16.0,"key":"Guardian:BlockOnCardUsePotion"}],"is_trial":false,"path_per_floor":["M","?","M","?","$","R","M","E","T","E","M","?","M","M","R","B",null,"M","M","?","$","?","E","R","E"],"character_chosen":"IRONCLAD","items_purchased":["Pear","reliquary:Bookmark","Charon\u0027s Ashes","Orrery","Transmutation","Cleave","Magnetism","Omamori"],"campfire_rested":3,"item_purchase_floors":[0,0,0,0,0,5,21,21],"current_hp_per_floor":[40,40,39,28,28,53,59,44,44,50,52,52,43,26,51,33,74,69,63,63,63,63,15,41,0,0],"gold":337,"neow_bonus":"","is_daily":false,"chose_seed":false,"campfire_upgraded":0,"win_rate":0.0,"timestamp":1612177871,"path_taken":["M","?","M","?","?","R","M","E","T","E","M","?","?","M","R","BOSS","M","M","?","?","?","E","R","E"],"items_purchased_type":["Relic","Relic","Relic","Relic","Card","Card","Card","Relic"],"build_version":"2020-12-22","purchased_purges":0,"victory":false,"max_hp_per_floor":[85,85,85,85,85,85,85,85,85,85,85,85,85,85,85,88,88,88,88,88,88,88,88,88,88,88],"relic_stats":{"Darkstone Periapt":0,"Sozu":3,"counters":[39,184],"Golden Idol":194,"Charon\u0027s Ashes":[107],"Smiling Mask":0,"obtain_stats":[{"Darkstone Periapt":10,"Lantern":0,"Regal Pillow":3,"Singing Bowl":43,"Magic Flower":0,"Incense Burner":19,"Whetstone":0,"hubris:EmptyBottle":0,"Sling":0,"Cursed Key":17,"Smiling Mask":9,"Burning Blood":0,"ClockworkSouvenir":0,"Old Coin":23,"Blood Vial":38,"Sozu":17,"hubris:Icosahedron":2,"hubris:IronBody":26,"Red Mask":39,"hexamod:CandleOfCauterizing":9,"Pear":0,"Golden Idol":2,"Charon\u0027s Ashes":0,"Omamori":11,"Letter Opener":24,"War Paint":0,"hubris:Towel":47,"WarpedTongs":30,"reliquary:Bookmark":0,"betterThird:SlimedRelic":4,"Orrery":0,"Molten Egg 2":31,"Black Star":34,"hubris:Potato":6,"Toy Ornithopter":10},{"Darkstone Periapt":31,"Lantern":0,"Regal Pillow":1,"Singing Bowl":23,"Magic Flower":3,"Incense Burner":14,"Whetstone":0,"hubris:EmptyBottle":0,"Sling":3,"Cursed Key":13,"Smiling Mask":30,"Burning Blood":0,"ClockworkSouvenir":3,"Old Coin":38,"Blood Vial":21,"Sozu":35,"hubris:Icosahedron":1,"hubris:IronBody":17,"Red Mask":21,"hexamod:CandleOfCauterizing":10,"Pear":26,"Golden Idol":27,"Charon\u0027s Ashes":26,"Omamori":11,"Letter Opener":17,"War Paint":0,"hubris:Towel":24,"WarpedTongs":18,"reliquary:Bookmark":26,"betterThird:SlimedRelic":28,"Orrery":0,"Molten Egg 2":19,"Black Star":20,"hubris:Potato":9,"Toy Ornithopter":11},{"Darkstone Periapt":146,"Lantern":0,"Regal Pillow":4,"Singing Bowl":113,"Magic Flower":10,"Incense Burner":66,"Whetstone":0,"hubris:EmptyBottle":0,"Sling":10,"Cursed Key":60,"Smiling Mask":144,"Burning Blood":0,"ClockworkSouvenir":10,"Old Coin":178,"Blood Vial":105,"Sozu":166,"hubris:Icosahedron":4,"hubris:IronBody":82,"Red Mask":105,"hexamod:CandleOfCauterizing":42,"Pear":133,"Golden Idol":135,"Charon\u0027s Ashes":133,"Omamori":47,"Letter Opener":82,"War Paint":0,"hubris:Towel":117,"WarpedTongs":88,"reliquary:Bookmark":133,"betterThird:SlimedRelic":138,"Orrery":0,"Molten Egg 2":92,"Black Star":100,"hubris:Potato":36,"Toy Ornithopter":47}],"Burning Blood":268},"card_choices":[{"not_picked":["Body Slam","Searing Blow"],"picked":"Flex","floor":0.0},{"not_picked":["Thunderclap","Burning Pact"],"picked":"Anger","floor":0.0},{"not_picked":["Searing Blow","Havoc"],"picked":"Anger","floor":0.0},{"not_picked":["Power Through","Second Wind"],"picked":"Bludgeon","floor":0.0},{"not_picked":["Perfected Strike","Second Wind"],"picked":"Twin Strike","floor":0.0},{"not_picked":["Pummel","Armaments"],"picked":"Dropkick","floor":1.0},{"not_picked":["Anger","Second Wind"],"picked":"Feel No Pain","floor":3.0},{"not_picked":["Headbutt","Armaments"],"picked":"Combust","floor":7.0},{"not_picked":["True Grit","Perfected Strike"],"picked":"Armaments","floor":8.0},{"not_picked":["Dropkick","Metallicize"],"picked":"Feed","floor":10.0},{"not_picked":["Pommel Strike","Perfected Strike"],"picked":"Dual Wield","floor":11.0},{"not_picked":["Blind","Trip"],"picked":"Good Instincts","floor":12.0},{"not_picked":["Heavy Blade","Clash"],"picked":"Rupture","floor":13.0},{"not_picked":["Warcry","Shrug It Off"],"picked":"Rupture","floor":14.0},{"not_picked":["Corruption","Fiend Fire"],"picked":"Limit Break","floor":16.0},{"not_picked":["Iron Wave","Cleave"],"picked":"Heavy Blade+1","floor":18.0},{"not_picked":["Hemokinesis","Wild Strike"],"picked":"Pummel","floor":19.0},{"not_picked":["Entrench","Intimidate"],"picked":"Flame Barrier","floor":23.0}],"player_experience":458496,"relics_obtained":[{"floor":8.0,"key":"hexamod:CandleOfCauterizing"},{"floor":9.0,"key":"Smiling Mask"},{"floor":10.0,"key":"Darkstone Periapt"},{"floor":23.0,"key":"Old Coin"}],"event_choices":[{"damage_healed":0.0,"max_hp_gain":0.0,"max_hp_loss":0.0,"gold_gain":0.0,"event_name":"Golden Idol","player_choice":"Take Wound","floor":2.0,"gold_loss":0.0,"damage_taken":0.0,"relics_obtained":["Golden Idol"],"cards_obtained":["Injury"]},{"damage_healed":0.0,"max_hp_gain":0.0,"max_hp_loss":0.0,"gold_gain":0.0,"event_name":"betterThird:BetterGoop","player_choice":"Slimed","floor":4.0,"gold_loss":56.0,"damage_taken":11.0},{"damage_healed":0.0,"max_hp_gain":0.0,"max_hp_loss":0.0,"gold_gain":1.0,"event_name":"betterStone:BetterStone","player_choice":"1","floor":12.0,"gold_loss":0.0,"damage_taken":0.0},{"damage_healed":0.0,"max_hp_gain":0.0,"max_hp_loss":0.0,"gold_gain":0.0,"event_name":"Upgrade Shrine","player_choice":"Upgraded","floor":20.0,"gold_loss":0.0,"damage_taken":0.0,"cards_upgraded":["Transmutation"]},{"damage_healed":0.0,"max_hp_gain":0.0,"max_hp_loss":0.0,"gold_gain":0.0,"event_name":"Lab","player_choice":"Got Potions","floor":22.0,"gold_loss":0.0,"damage_taken":0.0}],"is_beta":false,"boss_relics":[{"not_picked":["SlaversCollar","Fusion Hammer"],"picked":"Sozu"}],"items_purged_floors":[],"is_endless":false,"potions_floor_spawned":[3,8,14,16,23],"killed_by":"Book of Stabbing","ascension_level":19}}