{"host":"126yiuos2nq86se7","time":1612223710,"event":{"mods":["AchievementEnabler","Act Like it!","BaseMod","Colored Map","Colored Powertips","Friendly Minions","Highlight Path","Minty Spire (QoL Compilation)","Reimu??????","StSLib","SuperFastMode"],"gold_per_floor":[116,116,196,40,60,60,22,57,84,84,103,117,127,127,127,229,229,246,16,16,16,29,29,329,339,339,339,358,7,7,17,17,17,17],"floor_reached":33,"language":"ENG","playtime":948,"items_purged":["Strike_G","Strike_G","Strike_G"],"score":270,"play_id":"4514b6a4-7620-411f-b5f4-6dc9fac17158","local_time":"20210202105510","is_ascension_mode":false,"campfire_choices":[{"data":"Caltrops","floor":6,"key":"SMITH"},{"data":"Well Laid Plans","floor":10,"key":"SMITH"},{"floor":15,"key":"REST"},{"data":"Panache","floor":23,"key":"SMITH"},{"data":"Survivor","floor":27,"key":"SMITH"},{"floor":32,"key":"REST"}],"circlet_count":0,"master_deck":["Strike_G","Defend_G","Defend_G","Defend_G","Defend_G","Defend_G","Survivor+1","Neutralize","Backstab","Caltrops+1","Well Laid Plans+1","Finisher","Quick Slash","Predator","Acrobatics","Panache+1","Finisher+1","Infinite Blades","Masterful Stab+1","Grand Finale","Accuracy","Acrobatics"],"relics":["Ring of the Snake","Smiling Mask","Orichalcum","HoveringKite","Old Coin","MealTicket","Art of War"],"acts_visited":["Exordium","TheCity"],"potions_floor_usage":[8,16,33,33,33],"damage_taken":[{"damage":0,"enemies":"Jaw Worm","floor":1,"turns":4},{"damage":0,"enemies":"Small Slimes","floor":5,"turns":3},{"damage":33,"enemies":"Lagavulin","floor":8,"turns":8},{"damage":1,"enemies":"Cultist","floor":11,"turns":3},{"damage":24,"enemies":"Exordium Thugs","floor":12,"turns":6},{"damage":2,"enemies":"2 Fungi Beasts","floor":13,"turns":4},{"damage":32,"enemies":"Slime Boss","floor":16,"turns":9},{"damage":18,"enemies":"Chosen","floor":18,"turns":7},{"damage":13,"enemies":"3 Byrds","floor":22,"turns":4},{"damage":9,"enemies":"Snecko","floor":25,"turns":5},{"damage":13,"enemies":"Chosen and Byrds","floor":28,"turns":8},{"damage":5,"enemies":"Cultist and Chosen","floor":31,"turns":5},{"damage":53,"enemies":"Collector","floor":33,"turns":6}],"seed_played":"52744780353708176","potions_obtained":[{"floor":5,"key":"Block Potion"},{"floor":13,"key":"LiquidMemories"},{"floor":16,"key":"Poison Potion"},{"floor":18,"key":"Strength Potion"},{"floor":25,"key":"GamblersBrew"},{"floor":31,"key":"GrandPatriotsElixir:ReiMu"}],"is_trial":false,"path_per_floor":["M","?","?","$","M","R","$","E","T","R","M","M","M","?","R","B",null,"M","$","?","$","M","R","T","M","T","R","M","$","?","M","R","B"],"character_chosen":"THE_SILENT","items_purchased":["Caltrops","Well Laid Plans","Panache","Grand Finale","Art of War","Accuracy"],"campfire_rested":2,"item_purchase_floors":[4,7,19,29,29,29],"current_hp_per_floor":[77,82,82,82,82,82,82,49,49,49,48,24,22,22,46,14,82,64,64,64,64,51,51,51,42,42,42,29,44,28,23,49,0,0],"gold":17,"neow_bonus":"TEN_PERCENT_HP_BONUS","is_daily":false,"chose_seed":false,"campfire_upgraded":4,"win_rate":0.0,"timestamp":1612223710,"path_taken":["M","?","?","?","M","R","$","E","T","R","M","M","?","?","R","BOSS","M","$","?","$","M","R","?","?","T","R","M","?","?","M","R","BOSS"],"items_purchased_type":["Card","Card","Card","Card","Relic","Card"],"build_version":"2020-12-22","purchased_purges":3,"victory":false,"max_hp_per_floor":[77,82,82,82,82,82,82,82,82,82,82,82,82,82,82,82,82,82,82,82,82,82,82,82,82,82,82,82,82,87,87,87,87,87],"card_choices":[{"not_picked":["Slice","PiercingWail"],"picked":"Backstab","floor":1},{"not_picked":["Deadly Poison","Underhanded Strike","Poisoned Stab"],"picked":"SKIP","floor":5},{"not_picked":["Outmaneuver","Cloak And Dagger"],"picked":"Finisher","floor":8},{"not_picked":["Dagger Spray","Riddle With Holes","Poisoned Stab"],"picked":"SKIP","floor":11},{"not_picked":["Dodge and Roll","Prepared"],"picked":"Quick Slash","floor":12},{"not_picked":["PiercingWail","Acrobatics"],"picked":"Predator","floor":13},{"not_picked":["Dash+1","Underhanded Strike"],"picked":"Acrobatics","floor":18},{"not_picked":["Underhanded Strike","Blur"],"picked":"Finisher+1","floor":22},{"not_picked":["Deadly Poison","PiercingWail"],"picked":"Infinite Blades","floor":25},{"not_picked":["Caltrops","Backflip"],"picked":"Masterful Stab+1","floor":28},{"not_picked":["Cloak And Dagger","Predator"],"picked":"Acrobatics","floor":31}],"player_experience":1474343,"relics_obtained":[{"floor":8,"key":"Smiling Mask"},{"floor":9,"key":"Orichalcum"},{"floor":24,"key":"Old Coin"},{"floor":26,"key":"MealTicket"}],"event_choices":[{"damage_healed":0,"gold_gain":0,"player_choice":"Donut","damage_taken":0,"max_hp_gain":5,"max_hp_loss":0,"event_name":"Big Fish","floor":2,"gold_loss":0},{"damage_healed":0,"gold_gain":80,"player_choice":"Gained Gold","damage_taken":0,"max_hp_gain":0,"max_hp_loss":0,"event_name":"Golden Wing","floor":3,"gold_loss":0},{"cards_removed":["Strike_G"],"damage_healed":0,"gold_gain":0,"player_choice":"Forget","damage_taken":0,"max_hp_gain":0,"max_hp_loss":0,"event_name":"Living Wall","floor":14,"gold_loss":0},{"damage_healed":0,"gold_gain":0,"player_choice":"Shed Blood","damage_taken":21,"max_hp_gain":5,"max_hp_loss":0,"event_name":"Forgotten Altar","floor":30,"gold_loss":0}],"is_beta":false,"boss_relics":[{"not_picked":["Ring of the Serpent","Snecko Eye"],"picked":"HoveringKite"}],"items_purged_floors":[4,19,29],"is_endless":false,"potions_floor_spawned":[5,13,16,18,25,31],"killed_by":"Collector","ascension_level":0}}