{"host":"msmkw03x1o7nq45i","time":1612214542,"event":{"mods":["AchievementEnabler","BaseMod","Bestiary","Colored Powertips","GifTheSpireLib","Highlight Path","Minty Spire (QoL Compilation)","Random Character Button","StSLib","everything is the same but u backflip on backflip"],"gold_per_floor":[119,51,51,51,70,70,99,149,149,180,192,204,237,254,254,326,326,338,338,263,263,263,263,296,314,341,341,370,69,69,99,99,178,178,195,0,0,20,20,20,63,86,86,86,104,146,146,115,124,124,124,133,21,48,48,48],"floor_reached":55,"language":"ENG","playtime":4461,"items_purged":[],"score":1445,"play_id":"13fcf301-fc28-421e-9549-f3cc88947ec7","local_time":"20210201232222","is_ascension_mode":true,"campfire_choices":[{"data":"Sucker Punch","floor":6,"key":"SMITH"},{"data":"Footwork","floor":15,"key":"SMITH"},{"floor":23,"key":"REST"},{"floor":27,"key":"RECALL"},{"floor":30,"key":"REST"},{"floor":32,"key":"REST"},{"floor":40,"key":"REST"},{"floor":47,"key":"REST"},{"floor":49,"key":"REST"},{"floor":52,"key":"REST"}],"circlet_count":0,"master_deck":["AscendersBane","Defend_G","Defend_G+1","Defend_G+1","Defend_G","Survivor+1","Neutralize","Flying Knee","Terror+1","Sucker Punch+1","Tools of the Trade","Dash","Reflex","Dash","Footwork+1","Die Die Die","Deflect+1","Bite","Bite","Bite","Bite","Bite","Blade Dance","Blade Dance","Underhanded Strike","Acrobatics","Escape Plan","Reflex","Cloak And Dagger","Tools of the Trade","Finesse","Master of Strategy","Dodge and Roll+1","Prepared+1","Backflip","Accuracy","Tactician","Footwork","Calculated Gamble","Blur"],"relics":["Ring of the Snake","NeowsBlessing","Art of War","Letter Opener","War Paint","Nunchaku","Fusion Hammer","Enchiridion","Mercury Hourglass","Dream Catcher","White Beast Statue","Tiny Chest","HoveringKite","Red Mask","CeramicFish","Omamori","Du-Vu Doll","Ice Cream","Anchor"],"acts_visited":["Exordium","TheCity","TheBeyond","TheEnding"],"potions_floor_usage":[14,16,24,46,50,54,55],"damage_taken":[{"damage":0,"enemies":"Small Slimes","floor":1,"turns":1},{"damage":0,"enemies":"2 Louse","floor":5,"turns":2},{"damage":0,"enemies":"3 Sentries","floor":7,"turns":1},{"damage":12,"enemies":"Gremlin Nob","floor":10,"turns":4},{"damage":0,"enemies":"Cultist","floor":11,"turns":3},{"damage":0,"enemies":"Looter","floor":12,"turns":3},{"damage":2,"enemies":"3 Sentries","floor":13,"turns":8},{"damage":0,"enemies":"3 Louse","floor":14,"turns":3},{"damage":2,"enemies":"The Guardian","floor":16,"turns":11},{"damage":0,"enemies":"3 Byrds","floor":18,"turns":6},{"damage":10,"enemies":"Slavers","floor":24,"turns":4},{"damage":0,"enemies":"Spheric Guardian","floor":25,"turns":4},{"damage":17,"enemies":"Book of Stabbing","floor":28,"turns":6},{"damage":7,"enemies":"Slavers","floor":31,"turns":4},{"damage":31,"enemies":"Automaton","floor":33,"turns":11},{"damage":0,"enemies":"3 Shapes","floor":35,"turns":3},{"damage":0,"enemies":"3 Darklings","floor":38,"turns":3},{"damage":4,"enemies":"Giant Head","floor":41,"turns":8},{"damage":2,"enemies":"Transient","floor":42,"turns":5},{"damage":15,"enemies":"Jaw Worm Horde","floor":45,"turns":5},{"damage":0,"enemies":"Nemesis","floor":46,"turns":5},{"damage":49,"enemies":"Donu and Deca","floor":50,"turns":12},{"damage":49,"enemies":"Shield and Spear","floor":54,"turns":7},{"damage":75,"enemies":"The Heart","floor":55,"turns":9}],"seed_played":"4833869139318636946","potions_obtained":[{"floor":7,"key":"ColorlessPotion"},{"floor":13,"key":"Explosive Potion"},{"floor":14,"key":"Regen Potion"},{"floor":18,"key":"Explosive Potion"},{"floor":24,"key":"SpeedPotion"},{"floor":28,"key":"FairyPotion"},{"floor":31,"key":"LiquidMemories"},{"floor":46,"key":"ColorlessPotion"},{"floor":54,"key":"Fruit Juice"}],"is_trial":false,"path_per_floor":["M","$","?","?","M","R","E","?","T","E","M","M","E","M","R","B",null,"M","?","?","?","?","R","E","M","T","R","E","$","R","E","R","B",null,"M","?","?","M","?","R","E","M","T","T","M","E","R","$","R","B",null,"R","$","E","B"],"character_chosen":"THE_SILENT","items_purchased":["Terror","Acrobatics","White Beast Statue","Tactician","Blur","AttackPotion"],"campfire_rested":7,"item_purchase_floors":[2,29,29,48,53,53],"current_hp_per_floor":[59,59,59,39,39,39,39,39,39,27,27,27,25,25,25,23,55,55,46,46,25,25,38,38,44,44,44,35,35,46,45,46,39,44,46,46,36,44,44,44,44,44,44,44,37,44,44,44,44,9,35,44,44,5,0,0],"gold":48,"neow_bonus":"THREE_ENEMY_KILL","is_daily":false,"chose_seed":false,"campfire_upgraded":2,"win_rate":0.0,"timestamp":1612214542,"path_taken":["M","$","?","?","M","R","E","?","T","E","?","M","E","M","R","BOSS","M","?","?","?","?","R","E","M","T","R","E","$","R","E","R","BOSS","M","?","?","M","?","R","E","M","T","?","M","E","R","?","R","BOSS","R","$","E","BOSS"],"items_purchased_type":["Card","Card","Relic","Card","Card","Potion"],"build_version":"2020-12-22","purchased_purges":0,"victory":false,"max_hp_per_floor":[66,66,66,66,66,66,66,66,66,66,66,66,66,66,66,66,66,66,46,46,46,46,46,46,46,46,46,46,46,46,46,46,46,46,46,46,46,46,44,44,44,44,44,44,44,44,44,44,44,44,44,44,44,44,49,49],"card_choices":[{"not_picked":["Calculated Gamble","Outmaneuver"],"picked":"Flying Knee","floor":1},{"not_picked":["Poisoned Stab","Backflip"],"picked":"Sucker Punch","floor":5},{"not_picked":["Flying Knee","Slice"],"picked":"Tools of the Trade","floor":7},{"not_picked":["Calculated Gamble","Distraction"],"picked":"Dash","floor":10},{"not_picked":["Skewer","Dodge and Roll"],"picked":"Reflex","floor":11},{"not_picked":["Deadly Poison","Concentrate"],"picked":"Dash","floor":12},{"not_picked":["Dodge and Roll","Storm of Steel"],"picked":"Footwork","floor":13},{"not_picked":["Choke","Poisoned Stab","Prepared"],"picked":"SKIP","floor":14},{"not_picked":["Adrenaline","Envenom"],"picked":"Die Die Die","floor":16},{"not_picked":["Quick Slash","Leg Sweep"],"picked":"Deflect+1","floor":18},{"not_picked":["Dash","Quick Slash","Backstab"],"picked":"SKIP","floor":24},{"not_picked":["Calculated Gamble","Infinite Blades"],"picked":"Blade Dance","floor":25},{"not_picked":["Footwork","Poisoned Stab"],"picked":"Underhanded Strike","floor":28},{"not_picked":["Eviscerate","Deadly Poison"],"picked":"Escape Plan","floor":30},{"not_picked":["Choke","Noxious Fumes"],"picked":"Reflex","floor":31},{"not_picked":["Skewer","Outmaneuver"],"picked":"Cloak And Dagger","floor":32},{"not_picked":["A Thousand Cuts","Night Terror"],"picked":"Tools of the Trade","floor":33},{"not_picked":["Underhanded Strike","Accuracy","Quick Slash"],"picked":"SKIP","floor":35},{"not_picked":["Impatience","Panache"],"picked":"Finesse","floor":37},{"not_picked":["Trip","Deep Breath"],"picked":"Master of Strategy","floor":37},{"not_picked":["PiercingWail","Deflect"],"picked":"Dodge and Roll+1","floor":38},{"not_picked":["Dodge and Roll+1","Acrobatics"],"picked":"Prepared+1","floor":41},{"not_picked":["PiercingWail","Masterful Stab"],"picked":"Backflip","floor":42},{"not_picked":["Burst","Caltrops","Poisoned Stab+1"],"picked":"SKIP","floor":45},{"not_picked":["Bouncing Flask+1","Deadly Poison"],"picked":"Accuracy","floor":46},{"not_picked":["Bane","Dagger Spray+1"],"picked":"Footwork","floor":49},{"not_picked":["Prepared","Deadly Poison+1"],"picked":"Calculated Gamble","floor":52},{"not_picked":["Distraction","Backstab+1","Predator"],"picked":"SKIP","floor":54}],"player_experience":452302,"relics_obtained":[{"floor":7,"key":"Art of War"},{"floor":9,"key":"Letter Opener"},{"floor":10,"key":"War Paint"},{"floor":13,"key":"Nunchaku"},{"floor":21,"key":"Enchiridion"},{"floor":24,"key":"Mercury Hourglass"},{"floor":28,"key":"Dream Catcher"},{"floor":31,"key":"Tiny Chest"},{"floor":41,"key":"CeramicFish"},{"floor":43,"key":"Omamori"},{"floor":44,"key":"Du-Vu Doll"},{"floor":46,"key":"Ice Cream"},{"floor":54,"key":"Anchor"}],"event_choices":[{"damage_healed":0,"gold_gain":0,"player_choice":"Leave","damage_taken":0,"max_hp_gain":0,"max_hp_loss":0,"event_name":"The Cleric","floor":3,"gold_loss":0},{"damage_healed":0,"gold_gain":0,"player_choice":"Entered Light","damage_taken":20,"max_hp_gain":0,"max_hp_loss":0,"event_name":"Shining Light","floor":4,"gold_loss":0,"cards_upgraded":["Defend_G","Survivor"]},{"damage_healed":0,"gold_gain":50,"player_choice":"Pray","damage_taken":0,"max_hp_gain":0,"max_hp_loss":0,"event_name":"Golden Shrine","floor":8,"gold_loss":0},{"damage_healed":0,"gold_gain":0,"player_choice":"Became a vampire","damage_taken":0,"max_hp_gain":0,"max_hp_loss":20,"event_name":"Vampires","floor":19,"gold_loss":0,"cards_obtained":["Bite","Bite","Bite","Bite","Bite"]},{"cards_removed":["Defend_G"],"damage_healed":0,"gold_gain":0,"player_choice":"Gave Gold","damage_taken":0,"max_hp_gain":0,"max_hp_loss":0,"event_name":"Beggar","floor":20,"gold_loss":75},{"damage_healed":0,"gold_gain":0,"player_choice":"Obtained Book","damage_taken":21,"max_hp_gain":0,"max_hp_loss":0,"event_name":"Cursed Tome","floor":21,"gold_loss":0},{"damage_healed":0,"gold_gain":0,"player_choice":"Read","damage_taken":0,"max_hp_gain":0,"max_hp_loss":0,"event_name":"The Library","floor":22,"gold_loss":0,"cards_obtained":["Blade Dance"]},{"damage_healed":0,"gold_gain":0,"player_choice":"Paid","damage_taken":0,"relics_obtained":["Red Mask"],"max_hp_gain":0,"max_hp_loss":0,"event_name":"Tomb of Lord Red Mask","floor":36,"gold_loss":195},{"damage_healed":0,"gold_gain":0,"player_choice":"Memory 3","damage_taken":10,"max_hp_gain":0,"max_hp_loss":0,"event_name":"SensoryStone","floor":37,"gold_loss":0},{"damage_healed":0,"gold_gain":0,"player_choice":"Max HP","damage_taken":0,"max_hp_gain":0,"max_hp_loss":2,"event_name":"Winding Halls","floor":39,"gold_loss":0}],"is_beta":false,"boss_relics":[{"not_picked":["Busted Crown","WristBlade"],"picked":"Fusion Hammer"},{"not_picked":["Astrolabe","Runic Dome"],"picked":"HoveringKite"}],"items_purged_floors":[],"is_endless":false,"potions_floor_spawned":[7,13,14,18,24,28,31,33,35,38,41,42,45,46,54],"killed_by":"The Heart","ascension_level":15}}