{"host":"eeb412nj2w7f9cz8","time":1612147135,"event":{"mods":["Act Like it!","BaseMod","Gensokyo","GungeonMod","Minty Spire (QoL Compilation)","Ryuuou¡˙Õı","StSLib"],"gold_per_floor":[112,112,112,143,143,143,171,171,194,224,236,133,149,149,149,249,249,269,269,287,307,324,324,61,76,76,76,88,105,120,132,149,149,149,149],"floor_reached":34,"language":"ZHS","playtime":3112,"items_purged":[],"score":291,"play_id":"1aff232e-6d8f-409f-8b4a-762c83f52f86","local_time":"20210201103855","is_ascension_mode":false,"campfire_choices":[{"data":"DemoMod:CrossBow","floor":6.0,"key":"SMITH"},{"floor":8.0,"key":"REST"},{"data":"DemoMod:ManualReload","floor":11.0,"key":"SMITH"},{"data":"DemoMod:ConditionalReflex","floor":15.0,"key":"SMITH"},{"data":"DemoMod:PotionOfGunFriendShip","floor":23.0,"key":"SMITH"},{"data":"DemoMod:Desperate","floor":27.0,"key":"SMITH"},{"data":"DemoMod:TableSutra","floor":33.0,"key":"SMITH"}],"circlet_count":0,"master_deck":["DemoMod:Roll","DemoMod:ManualReload+1","DemoMod:CrossBow+1","Gensokyo:CrescentMoonSlash","DemoMod:AC15","DemoMod:ConditionalReflex+1","DemoMod:BalloonGun","DemoMod:TeaPot","DemoMod:FullFirepower","DemoMod:Desperate+1","DemoMod:HighKaliber","DemoMod:ZorGun","DemoMod:StickyCrossBow","DemoMod:MachoBrace","DemoMod:PotionOfGunFriendShip+1","DemoMod:BalloonGun","DemoMod:TripleGun","DemoMod:Invincible","DemoMod:HuntsMan","DemoMod:MachoBrace","DemoMod:Polaris","DemoMod:TableSutra+1","DemoMod:FastSwitch+1","DemoMod:FastSwitch","DemoMod:HuntsMan+1"],"relics":["DemoMod:Dog","WingedGreaves","Pen Nib","Matryoshka","Blue Candle","MawBank","Nunchaku","Pandora\u0027s Box"],"acts_visited":["Gensokyo:Gensokyo","Gensokyo:Gensokyoer","Gensokyo:Gensokyoer"],"potions_floor_usage":[],"damage_taken":[{"damage":0.0,"enemies":"Gensokyo:Python","floor":1.0,"turns":3.0},{"damage":0.0,"enemies":"Gensokyo:Cirno","floor":4.0,"turns":4.0},{"damage":39.0,"enemies":"Gensokyo:Mamizou","floor":7.0,"turns":12.0},{"damage":0.0,"enemies":"Gensokyo:Gryphon","floor":10.0,"turns":3.0},{"damage":0.0,"enemies":"Gensokyo:2_Kodama","floor":13.0,"turns":3.0},{"damage":9.0,"enemies":"Gensokyo:Reimu","floor":16.0,"turns":6.0},{"damage":20.0,"enemies":"Gensokyo:AngelMirror","floor":18.0,"turns":4.0},{"damage":0.0,"enemies":"Gensokyo:2_Gloops","floor":20.0,"turns":4.0},{"damage":17.0,"enemies":"Gensokyo:Wraith","floor":21.0,"turns":3.0},{"damage":0.0,"enemies":"Gensokyo:Slime_Group","floor":22.0,"turns":3.0},{"damage":1.0,"enemies":"Gensokyo:Swordslinger","floor":25.0,"turns":3.0},{"damage":0.0,"enemies":"DemoMod:4_Bullet_Kins","floor":28.0,"turns":3.0},{"damage":0.0,"enemies":"DemoMod:Red_and_blue_shotgun_kin","floor":29.0,"turns":1.0},{"damage":10.0,"enemies":"DemoMod:Veteran_shot_gun_kin_and_blue_shotgun_kin","floor":30.0,"turns":2.0},{"damage":13.0,"enemies":"DemoMod:Veteran_shot_gun_kin_and_blue_shotgun_kin_with_gunsinger","floor":31.0,"turns":4.0},{"damage":6.0,"enemies":"DemoMod:Red_and_blue_shotgun_kin_with_gunsinger","floor":32.0,"turns":2.0},{"damage":37,"enemies":"DemoMod:ResourcefulRat","floor":34,"turns":4}],"seed_played":"528697160488890950","potions_obtained":[{"floor":4.0,"key":"FearPotion"},{"floor":7.0,"key":"AttackPotion"},{"floor":18.0,"key":"EssenceOfSteel"},{"floor":29.0,"key":"ColorlessPotion"},{"floor":31.0,"key":"DistilledChaos"},{"floor":32.0,"key":"Fire Potion"}],"is_trial":false,"path_per_floor":["M","?","?","?","?","R","E","R","T","M","R","$","M","?","R","B",null,"M","?","M","M","M","R","$","M","T","R","M","M","M","M","M","R","B"],"character_chosen":"HUNTRESS","items_purchased":["DemoMod:GnawedKey","DemoMod:Invincible","DemoMod:HuntsMan","DemoMod:MachoBrace"],"campfire_rested":1,"item_purchase_floors":[12,24,24,24],"current_hp_per_floor":[63,54,54,54,42,42,3,21,21,21,21,21,21,40,40,31,63,43,43,43,26,26,26,26,25,63,63,63,63,53,40,34,34,0,0],"gold":149,"neow_bonus":"ONE_RARE_RELIC","is_daily":false,"chose_seed":false,"campfire_upgraded":6,"win_rate":0.0,"timestamp":1612147135,"path_taken":["M","?","?","?","?","R","E","R","T","?","R","?","M","?","R","BOSS","M","?","?","M","M","R","$","M","T","R","M","M","M","M","M","R","BOSS"],"items_purchased_type":["Relic","Card","Card","Card"],"build_version":"2020-12-22","purchased_purges":0,"victory":false,"max_hp_per_floor":[63,63,63,63,63,63,63,63,63,63,63,63,63,63,63,63,63,63,63,63,63,63,63,63,63,63,63,63,63,63,63,63,63,63,63],"card_choices":[{"not_picked":["DemoMod:BattleInHaste","DemoMod:BoxingGlove","DemoMod:HardPowerCard"],"picked":"SKIP","floor":1.0},{"not_picked":["DemoMod:HungryBullets","DemoMod:ChanceBullets","DemoMod:Ejector"],"picked":"SKIP","floor":4.0},{"not_picked":["DemoMod:SAA","DemoMod:Unmoved","DemoMod:ShadowBullets"],"picked":"SKIP","floor":7.0},{"not_picked":["DemoMod:Ejector","DemoMod:BoxingGlove"],"picked":"DemoMod:AC15","floor":10.0},{"not_picked":["DemoMod:RadGun","DemoMod:HardPowerCard"],"picked":"DemoMod:ConditionalReflex","floor":13.0},{"not_picked":["DemoMod:FinishedGun","DemoMod:BulletBore"],"picked":"DemoMod:BalloonGun","floor":16.0},{"not_picked":["DemoMod:DirectionalPad","DemoMod:HungryBullets"],"picked":"DemoMod:MachoBrace","floor":18.0},{"not_picked":["DemoMod:RadGun+1","DemoMod:ShadowBullets"],"picked":"DemoMod:PotionOfGunFriendShip","floor":20.0},{"not_picked":["DemoMod:HighKaliber","DemoMod:BattleInHaste"],"picked":"DemoMod:BalloonGun","floor":21.0},{"not_picked":["DemoMod:AC15","DemoMod:DirectionalPad+1"],"picked":"DemoMod:TripleGun","floor":22.0},{"not_picked":["DemoMod:AC15","DemoMod:Unmoved+1"],"picked":"DemoMod:Polaris","floor":25.0},{"not_picked":["DemoMod:ProbeStrike","DemoMod:BoxingGlove+1"],"picked":"DemoMod:TableSutra","floor":28.0},{"not_picked":["DemoMod:DirectionalPad+1","DemoMod:SniperShot"],"picked":"DemoMod:FastSwitch+1","floor":29.0},{"not_picked":["DemoMod:ZorGun","DemoMod:JK47","DemoMod:CombinedRifle+1"],"picked":"SKIP","floor":30.0},{"not_picked":["DemoMod:HungryBullets","DemoMod:PracticeMakesPerfect"],"picked":"DemoMod:FastSwitch","floor":31.0},{"not_picked":["DemoMod:Rummage","DemoMod:ZorGun"],"picked":"DemoMod:HuntsMan+1","floor":32.0}],"player_experience":100959,"relics_obtained":[{"floor":4.0,"key":"Pen Nib"},{"floor":7.0,"key":"Blue Candle"},{"floor":9.0,"key":"MawBank"},{"floor":9.0,"key":"Nunchaku"}],"event_choices":[],"is_beta":false,"boss_relics":[{"not_picked":["SlaversCollar","Empty Cage"],"picked":"Pandora\u0027s Box"}],"items_purged_floors":[],"is_endless":false,"potions_floor_spawned":[4,7,18,29,31,32],"killed_by":"DemoMod:ResourcefulRat","ascension_level":0}}