{"host":"vyiqbz5w606ur92t","time":1612139553,"event":{"mods":["BaseMod","Downfall","Minty Spire (QoL Compilation)","StSLib"],"gold_per_floor":[99,99,99,99,99,127,127,127,127,180,209,137,37,37,63,177,213,213,236,236,236,74,116,140,140,140,140],"floor_reached":25,"language":"ENG","playtime":1754,"items_purged":["Doubt"],"score":271,"play_id":"15202dc2-3eb4-481d-8e1f-8d9c53f905ee","local_time":"20210201003233","is_ascension_mode":true,"campfire_choices":[{"data":"hexamod:Float","floor":1,"key":"SMITH"},{"floor":9,"key":"REST"},{"data":"hexamod:SearingWound","floor":13,"key":"SMITH"},{"floor":18,"key":"RECALL"}],"circlet_count":0,"master_deck":["hexamod:Sear","hexamod:Float+1","hexamod:FastForward+1","hexamod:PhantomFireball","hexamod:NightmareGuise","hexamod:SearingWound+1","hexamod:SwordOfDarkness","hexamod:GhostOfSpireFuture","hexamod:ThirdSeal","hexamod:AdvancingGuard+1","hexamod:FlamesFromBeyond+1","hexamod:PhantomCloak","hexamod:SoulSteal+1","hexamod:SpectralSpark+1","hexamod:CatchUp+1","hexamod:ChargedBarrage+1","hexamod:UnlimitedPower+1","hexamod:Toasty","hexamod:RadiantFlame","hexamod:HexaLevel+1","hexamod:Again+1","hexamod:RecurringNightmare+1","hexamod:NightmareStrike+1","hexamod:SixthSeal","Sadistic Nature","hexamod:FlameSwitch+1"],"relics":["hexamod:SpiritBrand","downfall:HeartsMalice","Toxic Egg 2","CeramicFish","downfall:HeartBlessingGreen","Happy Flower","Pandora\u0027s Box","downfall:RedIOU","Orichalcum","Bag of Preparation"],"acts_visited":["Exordium","TheCity"],"potions_floor_usage":[16,23,23,25],"damage_taken":[{"damage":0,"enemies":"Cultist","floor":2,"turns":1},{"damage":0,"enemies":"2 Louse","floor":3,"turns":1},{"damage":0,"enemies":"Small Slimes","floor":4,"turns":1},{"damage":35,"enemies":"Gremlin Nob","floor":6,"turns":5},{"damage":3,"enemies":"Lagavulin","floor":10,"turns":8},{"damage":3,"enemies":"Blue Slaver","floor":11,"turns":3},{"damage":0,"enemies":"downfall:FleeingMerchant","floor":12,"turns":4},{"damage":1,"enemies":"Large Slime","floor":15,"turns":2},{"damage":16,"enemies":"WA_ARCHETYPE_RETAIN","floor":16,"turns":5},{"damage":7,"enemies":"Chosen","floor":19,"turns":4},{"damage":0,"enemies":"downfall:FleeingMerchant","floor":22,"turns":4},{"damage":15,"enemies":"Book of Stabbing","floor":23,"turns":3},{"damage":36,"enemies":"Slavers","floor":25,"turns":3}],"seed_played":"4665200140504608469","potions_obtained":[{"floor":6,"key":"Energy Potion"},{"floor":10,"key":"sneckomod:MuddlingPotion"},{"floor":15,"key":"ColorlessPotion"},{"floor":16,"key":"Energy Potion"}],"is_trial":false,"path_per_floor":["R","M","M","M","?","E","T","?","R","E","M","$","R","?","M","B",null,"R","M","?","?","$","E","T","E"],"character_chosen":"THE_SPIRIT","items_purchased":["Sadistic Nature"],"campfire_rested":1,"item_purchase_floors":[22],"current_hp_per_floor":[70,70,70,70,70,35,35,35,56,53,50,50,50,38,37,21,70,70,63,50,50,50,35,35,0,0,0],"gold":140,"neow_bonus":"THREE_ENEMY_KILL","is_daily":false,"chose_seed":false,"campfire_upgraded":2,"win_rate":0.0,"timestamp":1612139553,"path_taken":["R","M","?","?","?","E","T","?","R","E","?","$","R","?","M","BOSS","R","M","?","?","$","E","T","E"],"items_purchased_type":["Card"],"build_version":"2020-12-22","purchased_purges":1,"victory":false,"max_hp_per_floor":[70,70,70,70,70,70,70,70,70,70,70,70,70,70,70,70,70,70,70,75,75,75,75,75,75,75,75],"card_choices":[{"not_picked":["hexamod:SwordOfDarkness","hexamod:AdvancingGuard"],"picked":"hexamod:FastForward","floor":2},{"not_picked":["hexamod:BurningTouch","hexamod:DynamicBlow"],"picked":"hexamod:PhantomFireball","floor":3},{"not_picked":["hexamod:Firestarter","hexamod:HeatCrush"],"picked":"hexamod:NightmareGuise","floor":4},{"not_picked":["hexamod:SecondSeal","hexamod:RadiantFlame"],"picked":"hexamod:SearingWound","floor":6},{"not_picked":["hexamod:HauntingEcho","hexamod:Hexaguard+1"],"picked":"hexamod:AdvancingGuard+1","floor":10},{"not_picked":["hexamod:ThermalTransfer","hexamod:GhostLash"],"picked":"hexamod:FlamesFromBeyond+1","floor":10},{"not_picked":["hexamod:SwordOfDarkness","hexamod:DynamicBlow"],"picked":"hexamod:PhantomCloak","floor":11},{"not_picked":["hexamod:HeatMetal","hexamod:FastForward+1"],"picked":"hexamod:SoulSteal+1","floor":11},{"not_picked":["hexamod:ParanormalForm","hexamod:FastForward+1"],"picked":"hexamod:SpectralSpark+1","floor":12},{"not_picked":["hexamod:PhantomFireball","hexamod:ApocalypticArmor"],"picked":"hexamod:CatchUp+1","floor":12},{"not_picked":["hexamod:FourthSeal","hexamod:FlamesFromBeyond+1"],"picked":"hexamod:ChargedBarrage+1","floor":15},{"not_picked":["hexamod:Toasty","hexamod:WildfireWeapon"],"picked":"hexamod:UnlimitedPower+1","floor":16},{"not_picked":["hexamod:GhostOfSpirePresent","hexamod:FifthSeal"],"picked":"hexamod:Toasty","floor":16},{"not_picked":["hexamod:SecondSeal","hexamod:SoulSteal+1"],"picked":"hexamod:NightmareStrike+1","floor":19},{"not_picked":["hexamod:ShieldOfDarkness+1","hexamod:ThirdSeal"],"picked":"hexamod:SixthSeal","floor":22},{"not_picked":["hexamod:Again+1","hexamod:ChargedBarrage+1"],"picked":"hexamod:FlameSwitch+1","floor":23}],"player_experience":1321800,"relics_obtained":[{"floor":6,"key":"War Paint"},{"floor":7,"key":"Toxic Egg 2"},{"floor":10,"key":"CeramicFish"},{"floor":23,"key":"Orichalcum"},{"floor":24,"key":"Bag of Preparation"}],"event_choices":[{"cards_removed":["hexamod:Strike"],"damage_healed":0,"gold_gain":0,"player_choice":"Card Removal","damage_taken":0,"max_hp_gain":0,"max_hp_loss":0,"event_name":"The Cleric","floor":5,"gold_loss":0},{"damage_healed":0,"gold_gain":0,"player_choice":"Success","damage_taken":12,"relics_obtained":["Happy Flower"],"max_hp_gain":0,"max_hp_loss":0,"event_name":"Scrap Ooze","floor":14,"gold_loss":0}],"is_beta":false,"boss_relics":[{"not_picked":["Runic Pyramid","Velvet Choker"],"picked":"Pandora\u0027s Box"}],"items_purged_floors":[12],"is_endless":false,"potions_floor_spawned":[6,10,15,16],"killed_by":"Slavers","ascension_level":2}}