{"host":"2qv44oxt58ptq59r","time":1612208068,"event":{"mods":["AchievementEnabler","BaseMod","Colored Powertips","Highlight Path","Minty Spire (QoL Compilation)","Permanent Neow","StSLib"],"gold_per_floor":[109,121,0,14,29,55,65,77,77,77,103,103,116,216,216,320,320,330,6,16,33,51,51,63,79,103,53,30,50,68,85,85,182,182,198,25,40,40,50,85,8,8,62,72,72,72],"floor_reached":45,"language":"ENG","playtime":13495,"items_purged":["Strike_P"],"score":540,"play_id":"376d76de-8071-4ce8-927d-9abaa1009b5a","local_time":"20210201193428","is_ascension_mode":true,"campfire_choices":[{"floor":10.0,"key":"RECALL"},{"data":"Eruption","floor":12.0,"key":"SMITH"},{"data":"Vigilance","floor":15.0,"key":"SMITH"},{"data":"Wallop","floor":23.0,"key":"SMITH"},{"data":"Establishment","floor":32.0,"key":"SMITH"},{"floor":42,"key":"REST"}],"circlet_count":0,"master_deck":["Strike_P","Strike_P","Strike_P","Defend_P","Defend_P","Defend_P","Defend_P","Eruption+1","Vigilance+1","Prostrate","ClearTheMind","BattleHymn","EmptyFist","Protect","FollowUp","Evaluate","Consecrate","Adaptation","Conclude","ReachHeaven","Establishment+1","Wallop+1","ThirdEye","BattleHymn+1","DeusExMachina","WheelKick","CutThroughFate","JustLucky","SandsOfTime","Protect+1","Halt","Trip","Prostrate+1","Madness","Madness","FlurryOfBlows+1","MentalFortress","Parasite","Prostrate+1"],"relics":["HolyWater","Lantern","FossilizedHelix","Incense Burner","Regal Pillow","White Beast Statue","Strawberry","GoldenEye"],"acts_visited":["Exordium","TheCity","TheBeyond"],"potions_floor_usage":[33,33,33,37,37,39,40,45,45],"damage_taken":[{"damage":0.0,"enemies":"2 Louse","floor":1.0,"turns":2.0},{"damage":0.0,"enemies":"Cultist","floor":2.0,"turns":3.0},{"damage":1.0,"enemies":"Jaw Worm","floor":4.0,"turns":3.0},{"damage":12.0,"enemies":"3 Louse","floor":5.0,"turns":4.0},{"damage":5.0,"enemies":"Lagavulin","floor":6.0,"turns":5.0},{"damage":0.0,"enemies":"Blue Slaver","floor":7.0,"turns":3.0},{"damage":0.0,"enemies":"Exordium Wildlife","floor":8.0,"turns":1.0},{"damage":0.0,"enemies":"3 Sentries","floor":11.0,"turns":7.0},{"damage":0.0,"enemies":"Looter","floor":13.0,"turns":3.0},{"damage":16.0,"enemies":"The Guardian","floor":16.0,"turns":10.0},{"damage":2.0,"enemies":"Spheric Guardian","floor":18.0,"turns":4.0},{"damage":10.0,"enemies":"2 Thieves","floor":20.0,"turns":4.0},{"damage":8.0,"enemies":"Centurion and Healer","floor":21.0,"turns":7.0},{"damage":0.0,"enemies":"Snecko","floor":22.0,"turns":4.0},{"damage":0.0,"enemies":"Snake Plant","floor":24.0,"turns":4.0},{"damage":8.0,"enemies":"Centurion and Healer","floor":25.0,"turns":6.0},{"damage":9.0,"enemies":"Shelled Parasite and Fungi","floor":29.0,"turns":4.0},{"damage":0.0,"enemies":"Cultist and Chosen","floor":30.0,"turns":5.0},{"damage":0.0,"enemies":"Snecko","floor":31.0,"turns":5.0},{"damage":53,"enemies":"Automaton","floor":33,"turns":9},{"damage":12,"enemies":"3 Shapes","floor":35,"turns":4},{"damage":0,"enemies":"3 Darklings","floor":37,"turns":6},{"damage":10,"enemies":"Jaw Worm Horde","floor":39,"turns":6},{"damage":29,"enemies":"Nemesis","floor":40,"turns":9},{"damage":15,"enemies":"Writhing Mass","floor":44,"turns":9},{"damage":46,"enemies":"Giant Head","floor":45,"turns":7}],"seed_played":"-9038555169196144690","potions_obtained":[{"floor":5.0,"key":"BottledMiracle"},{"floor":6.0,"key":"LiquidBronze"},{"floor":8.0,"key":"SteroidPotion"},{"floor":13.0,"key":"Regen Potion"},{"floor":20.0,"key":"BlessingOfTheForge"},{"floor":21.0,"key":"Swift Potion"},{"floor":22.0,"key":"BlessingOfTheForge"},{"floor":24.0,"key":"SpeedPotion"},{"floor":25.0,"key":"Weak Potion"},{"floor":29.0,"key":"EssenceOfSteel"},{"floor":30.0,"key":"AttackPotion"},{"floor":31.0,"key":"SpeedPotion"},{"floor":33,"key":"SpeedPotion"},{"floor":35,"key":"ColorlessPotion"},{"floor":37,"key":"Strength Potion"},{"floor":39,"key":"Weak Potion"},{"floor":40,"key":"BottledMiracle"},{"floor":44,"key":"BlessingOfTheForge"}],"is_trial":false,"path_per_floor":["M","M","$","M","M","E","M","M","T","R","E","R","M","?","R","B",null,"M","$","M","M","M","R","M","M","T","?","$","M","M","M","R","B",null,"M","$","M","?","M","E","$","R","T","M","E"],"character_chosen":"WATCHER","items_purchased":["BattleHymn","EmptyFist","White Beast Statue","Regen Potion","JustLucky","Trip","DistilledChaos"],"campfire_rested":1,"item_purchase_floors":[3,3,19,19,28,36,41],"current_hp_per_floor":[72,72,72,71,59,54,54,54,54,54,54,54,54,54,54,38,72,70,70,60,67,67,67,67,69,76,76,76,67,67,67,67,14,79,67,67,67,57,47,18,18,56,56,41,0,0],"gold":72,"neow_bonus":"RANDOM_COMMON_RELIC","is_daily":false,"chose_seed":false,"campfire_upgraded":4,"win_rate":0.0,"timestamp":1612208068,"path_taken":["M","M","$","M","M","E","M","M","T","R","E","R","M","?","R","BOSS","M","$","M","?","M","R","M","M","T","?","$","M","M","M","R","BOSS","M","$","M","?","M","E","$","R","T","M","E"],"items_purchased_type":["Card","Card","Relic","Potion","Card","Card","Potion"],"build_version":"2020-12-22","purchased_purges":1,"victory":false,"max_hp_per_floor":[72,72,72,72,72,72,72,72,72,72,72,72,72,72,72,72,72,72,72,72,72,72,72,72,72,79,79,79,79,79,79,79,79,79,79,79,79,79,79,79,79,79,79,79,79,79],"card_choices":[{"not_picked":["EmptyBody","ForeignInfluence"],"picked":"Prostrate","floor":1.0},{"not_picked":["EmptyFist","Evaluate"],"picked":"ClearTheMind","floor":2.0},{"not_picked":["JustLucky","Scrawl"],"picked":"Protect","floor":4.0},{"not_picked":["BowlingBash","Tantrum"],"picked":"FollowUp","floor":5.0},{"not_picked":["EmptyMind","BowlingBash"],"picked":"Evaluate","floor":6.0},{"not_picked":["ClearTheMind","PathToVictory"],"picked":"Consecrate","floor":7.0},{"not_picked":["Fasting2","Meditate"],"picked":"Adaptation","floor":8.0},{"not_picked":["WreathOfFlame","Consecrate"],"picked":"Conclude","floor":11.0},{"not_picked":["EmptyFist","Conclude"],"picked":"ReachHeaven","floor":13.0},{"not_picked":["SpiritShield","Vault"],"picked":"Establishment","floor":16.0},{"not_picked":["BowlingBash","Conclude"],"picked":"Wallop","floor":18.0},{"not_picked":["JustLucky","Conclude+1"],"picked":"ThirdEye","floor":20.0},{"not_picked":["Halt+1","EmptyFist"],"picked":"BattleHymn+1","floor":21.0},{"not_picked":["EmptyFist","CrushJoints"],"picked":"DeusExMachina","floor":22.0},{"not_picked":["Adaptation","Crescendo"],"picked":"WheelKick","floor":24.0},{"not_picked":["EmptyFist","Crescendo"],"picked":"CutThroughFate","floor":25.0},{"not_picked":["CutThroughFate","FlyingSleeves"],"picked":"SandsOfTime","floor":29.0},{"not_picked":["FlurryOfBlows","Study"],"picked":"Protect+1","floor":30.0},{"not_picked":["Study","Consecrate","EmptyFist"],"picked":"SKIP","floor":31.0},{"not_picked":["ThirdEye","PathToVictory+1"],"picked":"Halt","floor":35},{"not_picked":["Halt","ThirdEye"],"picked":"Prostrate+1","floor":37},{"not_picked":["Evaluate","Study+1"],"picked":"FlurryOfBlows+1","floor":39},{"not_picked":["WaveOfTheHand","Indignation+1"],"picked":"MentalFortress","floor":40},{"not_picked":["FlurryOfBlows+1","Weave"],"picked":"Prostrate+1","floor":44}],"player_experience":5540862,"relics_obtained":[{"floor":6.0,"key":"FossilizedHelix"},{"floor":9.0,"key":"Incense Burner"},{"floor":11.0,"key":"Regal Pillow"},{"floor":26.0,"key":"Strawberry"},{"floor":40,"key":"GoldenEye"}],"event_choices":[{"damage_healed":0.0,"max_hp_gain":0.0,"max_hp_loss":0.0,"gold_gain":100.0,"event_name":"Golden Shrine","player_choice":"Pray","floor":14.0,"gold_loss":0.0,"damage_taken":0.0},{"damage_healed":0.0,"max_hp_gain":0.0,"max_hp_loss":0.0,"gold_gain":0.0,"event_name":"The Joust","player_choice":"Bet on Murderer","floor":27.0,"gold_loss":50.0,"damage_taken":0.0},{"damage_healed":0,"gold_gain":0,"player_choice":"Embrace Madness","damage_taken":10,"max_hp_gain":0,"max_hp_loss":0,"event_name":"Winding Halls","floor":38,"gold_loss":0,"cards_obtained":["Madness","Madness"]}],"is_beta":false,"boss_relics":[{"not_picked":["Philosopher\u0027s Stone","Ectoplasm","Snecko Eye"]},{"not_picked":["Runic Pyramid","SlaversCollar"],"picked":"HolyWater"}],"items_purged_floors":[36],"is_endless":false,"potions_floor_spawned":[5,6,8,13,20,21,22,24,25,29,30,31,33,35,37,39,40,44],"killed_by":"Giant Head","ascension_level":1}}