{"host":"stku21i8hhz5zha4","time":1612211014,"event":{"mods":["2.2 Compatiblity","AchievementEnabler","Aspiration","BaseMod","Better Altar","Better Match","Better Note","Better Sensory Stone","Better Skull","Better Third Choice","Better Vampires","Colored Map","Colorless Booster Pack","Conspire","Dark Map","Displayed Cursed Tome","Downfall","Energized Spire","Friendly Minions","GifTheSpireLib","Halation","Hubris","Infinite Spire","Jedi Mod","Jorbs\u0027s Wanderer Trilogy","Minty Spire (QoL Compilation)","Permanent Neow","Quick Restart","Rare Cards Sparkle","Reliquary","Replay The Spire","Shop Mod","Spikes Relics","Spire Arcade","StS++","StSLib","Stuff the Spire","The Blue Laboratory","Trackpad","Transform Curses","Uncapped"],"gold_per_floor":[118,118,118,133,146,146,174,174,252,267,279,290,290,302,302,401,401,412,322,333,258,272,272,287,321,345,378,378,405,405,420,420,516,516,530,556,576,589,608,639,639,652,652,652,767,778,788,806,806,806,806,806,706,733,733],"floor_reached":56,"language":"RUS","playtime":432,"items_purged":["Strike_P","Defend_P+1"],"score":1925,"play_id":"58e515ce-5d64-44c3-a0ed-e814434237a1","local_time":"20210201232334","is_ascension_mode":true,"campfire_choices":[{"floor":6,"key":"RECALL"},{"data":"Defend_P","floor":8,"key":"SMITH"},{"data":"Vigilance","floor":13,"key":"SMITH"},{"floor":15,"key":"REST"},{"data":"Eruption","floor":23,"key":"SMITH"},{"floor":30,"key":"REST"},{"floor":32,"key":"DIG"},{"data":"Defend_P","floor":41,"key":"SMITH"},{"floor":49,"key":"REST"},{"floor":52,"key":"REST"}],"circlet_count":0,"master_deck":["Defend_P+1","Defend_P+1","Defend_P+1","Eruption+1","Vigilance+1"],"relics":["PureWater"],"acts_visited":["Exordium","TheCity","TheBeyond","TheEnding"],"potions_floor_usage":[],"damage_taken":[{"damage":0,"enemies":"conspire:RoseBush","floor":1,"turns":1},{"damage":0,"enemies":"Small Slimes","floor":4,"turns":1},{"damage":0,"enemies":"Jaw Worm","floor":5,"turns":1},{"damage":0,"enemies":"3 Sentries","floor":7,"turns":1},{"damage":0,"enemies":"Large Slime","floor":10,"turns":1},{"damage":0,"enemies":"2 Fungi Beasts","floor":11,"turns":1},{"damage":0,"enemies":"Lots of Slimes","floor":12,"turns":1},{"damage":0,"enemies":"Large Slime","floor":14,"turns":1},{"damage":0,"enemies":"Slime Boss","floor":16,"turns":1},{"damage":0,"enemies":"Shell Parasite","floor":18,"turns":1},{"damage":0,"enemies":"2 Thieves","floor":20,"turns":1},{"damage":0,"enemies":"Centurion and Healer","floor":22,"turns":1},{"damage":0,"enemies":"Snake Plant","floor":24,"turns":1},{"damage":0,"enemies":"Book of Stabbing","floor":25,"turns":1},{"damage":0,"enemies":"Gremlin Leader","floor":27,"turns":1},{"damage":0,"enemies":"Book of Stabbing","floor":29,"turns":1},{"damage":0,"enemies":"Chosen and Byrds","floor":31,"turns":1},{"damage":0,"enemies":"hubris:MusketHawk","floor":33,"turns":1},{"damage":0,"enemies":"3 Shapes","floor":35,"turns":1},{"damage":0,"enemies":"conspire:MimicChest","floor":36,"turns":1},{"damage":0,"enemies":"3 Darklings","floor":37,"turns":1},{"damage":0,"enemies":"Jaw Worm Horde","floor":38,"turns":1},{"damage":0,"enemies":"Spire Growth","floor":39,"turns":1},{"damage":0,"enemies":"Reptomancer","floor":40,"turns":1},{"damage":0,"enemies":"Transient","floor":42,"turns":1},{"damage":0,"enemies":"3 Darklings","floor":46,"turns":1},{"damage":0,"enemies":"Sphere and 2 Shapes","floor":47,"turns":1},{"damage":0,"enemies":"4 Shapes","floor":48,"turns":1},{"damage":0,"enemies":"conspire:OrnateMirror","floor":50,"turns":1},{"damage":0,"enemies":"Shield and Spear","floor":54,"turns":1},{"damage":62,"enemies":"The Heart","floor":55,"turns":3}],"seed_played":"-7771356800196649644","potions_obtained":[{"floor":11,"key":"Energy Potion"},{"floor":12,"key":"blueLaboratory:FruitPunch"},{"floor":28,"key":"blueLaboratory:LouseDecoction"},{"floor":28,"key":"Dexterity Potion"},{"floor":28,"key":"SkillPotion"}],"is_trial":false,"path_per_floor":["M","?","?","M","M","R","E","R","T","M","M","M","R","M","R","B",null,"M","?","M","$","M","R","M","E","T","E","?","E","R","M","R_BF","B",null,"M","?","M","M","M","E","R","M","T","?","?","M","M","M","R","B",null,"R","$","E","B",null],"character_chosen":"WATCHER","items_purchased":[],"campfire_rested":4,"item_purchase_floors":[],"current_hp_per_floor":[72,75,68,68,68,68,68,68,68,68,68,68,68,68,75,75,75,75,75,75,75,75,75,75,75,75,75,75,75,75,75,75,75,75,75,75,75,75,75,75,75,75,75,75,38,38,38,38,60,60,75,75,75,75,1013],"gold":733,"neow_bonus":"RANDOM_EVENT","is_daily":false,"chose_seed":false,"campfire_upgraded":4,"win_rate":0.0,"timestamp":1612211014,"path_taken":["M","?","?","M","M","R","E","R","T","M","?","M","R","M","R","BOSS","M","?","?","$","M","R","M","E","T","E","?","E","R","M","R_BF","BOSS","M","?","M","?","M","E","R","M","T","?","?","M","?","M","R","BOSS","R","$","E","BOSS"],"items_purchased_type":[],"build_version":"2020-12-22","purchased_purges":2,"victory":true,"max_hp_per_floor":[72,75,75,75,75,75,75,75,75,75,75,75,75,75,75,75,75,75,75,75,75,75,75,75,75,75,75,75,75,75,75,75,75,75,75,75,75,75,75,75,75,75,75,75,75,75,75,75,75,75,75,75,75,75,1075],"card_choices":[{"not_picked":["Nirvana","BowlingBash","Replay:Vibes"],"picked":"SKIP","floor":1},{"not_picked":["CrushJoints","DeceiveReality","CutThroughFate"],"picked":"SKIP","floor":4},{"not_picked":["Halt","SandsOfTime","Replay:Hum"],"picked":"SKIP","floor":5},{"not_picked":["SandsOfTime","Replay:ManipulateFuture","LikeWater"],"picked":"SKIP","floor":7},{"not_picked":["BowlingBash","CrushJoints","Protect"],"picked":"SKIP","floor":10},{"not_picked":["Halt","Conclude","Consecrate"],"picked":"SKIP","floor":11},{"not_picked":["StSpp:LatentStrike","Wireheading","LikeWater"],"picked":"SKIP","floor":12},{"not_picked":["FearNoEvil","BowlingBash","SashWhip"],"picked":"SKIP","floor":14},{"not_picked":["BattleHymn+1","Prostrate","Replay:ManipulateFuture"],"picked":"SKIP","floor":18},{"not_picked":["BowlingBash+1","WreathOfFlame","Meditate+1"],"picked":"SKIP","floor":20},{"not_picked":["Swivel","JustLucky","FearNoEvil"],"picked":"SKIP","floor":22},{"not_picked":["Weave","BattleHymn+1","Halt"],"picked":"SKIP","floor":24},{"not_picked":["ForeignInfluence","ThirdEye","Weave+1"],"picked":"SKIP","floor":25},{"not_picked":["FollowUp","CrushJoints","Wish"],"picked":"SKIP","floor":27},{"not_picked":["Replay:Cycle","Perseverance","Consecrate"],"picked":"SKIP","floor":29},{"not_picked":["Study","ClearTheMind","WheelKick"],"picked":"SKIP","floor":31},{"not_picked":["Halt","Replay:ManipulateFuture","JustLucky+1"],"picked":"SKIP","floor":35},{"not_picked":["SignatureMove+1","Wallop+1","StSpp:Purify"],"picked":"SKIP","floor":37},{"not_picked":["StSpp:TimeDodge","Replay:Cycle","BowlingBash"],"picked":"SKIP","floor":38},{"not_picked":["Evaluate","FlurryOfBlows+1","Crescendo+1"],"picked":"SKIP","floor":39},{"not_picked":["Sanctity","Meditate","DeceiveReality+1"],"picked":"SKIP","floor":40},{"not_picked":["EmptyBody","Replay:Vibes","SignatureMove+1"],"picked":"SKIP","floor":42},{"not_picked":["CrushJoints","ConjureBlade","Replay:AtTheReady+1"],"picked":"SKIP","floor":46},{"not_picked":["Wireheading","PathToVictory","InnerPeace+1"],"picked":"SKIP","floor":47},{"not_picked":["StSpp:Renounce+1","Crescendo","ThirdEye+1"],"picked":"SKIP","floor":48},{"not_picked":["Replay:ManipulateFuture+1","FollowUp+1","FlurryOfBlows"],"picked":"SKIP","floor":54}],"player_experience":269397,"relics_obtained":[],"event_choices":[{"cards_removed":["Strike_P"],"damage_healed":0,"gold_gain":0,"player_choice":"Card Removal","damage_taken":7,"max_hp_gain":0,"max_hp_loss":0,"event_name":"Golden Wing","floor":3,"gold_loss":0},{"cards_removed":["Strike_P"],"damage_healed":0,"gold_gain":0,"player_choice":"Upgrade and Remove","damage_taken":0,"max_hp_gain":0,"max_hp_loss":0,"event_name":"Designer","floor":19,"gold_loss":90,"cards_upgraded":["Defend_P"]},{"damage_healed":0,"gold_gain":0,"player_choice":"Got Potions","damage_taken":0,"max_hp_gain":0,"max_hp_loss":0,"event_name":"Lab","floor":28,"gold_loss":0},{"damage_healed":0,"gold_gain":0,"player_choice":"Ignored","damage_taken":0,"max_hp_gain":0,"max_hp_loss":0,"event_name":"Mysterious Sphere","floor":44,"gold_loss":0},{"damage_healed":0,"gold_gain":115,"player_choice":"GO UP UP ","damage_taken":42,"relics_obtained":[],"max_hp_gain":0,"max_hp_loss":0,"event_name":"betterSkull:BetterSkull","floor":45,"gold_loss":0,"cards_upgraded":["Defend_P"]}],"is_beta":false,"boss_relics":[{"not_picked":["hubris:GrandSneckoEye","Painkiller Herb","aspiration:IroncladSkillbook"]},{"not_picked":["ChewingGum","energizedSpire:CrystalSphere","reliquary:WritOfMandamus"]}],"items_purged_floors":[21,53],"is_endless":false,"potions_floor_spawned":[4,7,11,12,18,22,27,29,33,36,37,40,47,48,54],"ascension_level":2}}