{"host":"gf8hyl7jhl0is674","time":1612151613,"event":{"mods":["2.2 Compatiblity","Act Like it!","Aspiration","BaseMod","CapriCore","Chen","Colored Map","Gensokyo","Koishi","Marisa????????","Minty Spire (QoL Compilation)","Onozuka Komachi Mod","Permanent Neow","Reimu??????","StSLib","The Administrix","The Blue Laboratory","The Immortal","The Jungle","The Servant 0.9.4","Waifu the Spire","Yakumo Yukari mod"],"gold_per_floor":[11,11,26,26,39,77,100,100,100,115,146,166,166,185,185,308,308,332,348,119,119,142,180,194,194,221,262,281,301,320,320,320,446,446,461,484,206,224,0,35,55,55,79,103,103,117,130,150,150,150,150,150,44,79,79,79],"floor_reached":55,"language":"ENG","playtime":5069,"items_purged":["Strike_Lin:ReiMu","Strike_Lin:ReiMu","Strike_Lin:ReiMu"],"score":834,"play_id":"100c10b5-fa09-4468-8dbe-ca19a1af07ca","local_time":"20210131205333","is_ascension_mode":false,"campfire_choices":[{"floor":13,"key":"RECALL"},{"floor":15,"key":"REST"},{"data":"Mountainwind:ReiMu","floor":25,"key":"SMITH"},{"floor":32,"key":"REST"},{"floor":49,"key":"REST"},{"floor":52,"key":"REST"}],"circlet_count":0,"master_deck":["Strike_Lin:ReiMu","Defend_Lin:ReiMu","Defend_Lin:ReiMu","Defend_Lin:ReiMu","Defend_Lin:ReiMu","NB:ReiMu","Stagnation:ReiMu","Apotheosis+1","AirStrike:ReiMu","Conquer:ReiMu","ManaGlint:ReiMu","DoubleButterfly:ReiMu","Mountainwind:ReiMu+1","SpreadBorder2:ReiMu","PrayRite:ReiMu","SpreadBorder2:ReiMu","AirManeuver:ReiMu","SpreadBorder2:ReiMu","AirStrike:ReiMu+1","SpreadBorder2:ReiMu+1","FantasyMoon:ReiMu","SpreadBorder2:ReiMu+1","RainPray2:ReiMu","BlastKick2:ReiMu","SpringWay:ReiMu","NineCharacters:ReiMu+1","SubAcupoint:ReiMu","Madness","Madness","UniversalSpiritual:ReiMu","Bandage Up","RainPray2:ReiMu+1","Revelation:ReiMu","UniversalSpiritual:ReiMu","Enchanting:ReiMu","SpreadBorder2:ReiMu+1"],"relics":["FlyPower:ReiMu","Golden Idol","Lantern","Mastiff:ReiMu","Sozu","Membership Card","aspiration:SeaSaltIceCream","Gensokyo:PerfectCherryBlossom","Bag of Preparation","Ginger","Fusion Hammer","TheAbacus","Blood Vial","Centennial Puzzle","Red Mask","aspiration:FetidBarrel","Toy Ornithopter","Gremlin Horn"],"acts_visited":["Exordium","Exordium","TheBeyond","TheEnding"],"potions_floor_usage":[7,11,16,22],"damage_taken":[{"damage":3,"enemies":"2 Louse","floor":1,"turns":3},{"damage":0,"enemies":"Cultist","floor":3,"turns":5},{"damage":0,"enemies":"Small Slimes","floor":5,"turns":1},{"damage":11,"enemies":"Lagavulin","floor":6,"turns":7},{"damage":0,"enemies":"Gremlin Gang","floor":7,"turns":3},{"damage":0,"enemies":"3 Louse","floor":10,"turns":1},{"damage":19,"enemies":"3 Sentries","floor":11,"turns":9},{"damage":0,"enemies":"2 Fungi Beasts","floor":12,"turns":3},{"damage":0,"enemies":"Exordium Wildlife","floor":14,"turns":4},{"damage":14,"enemies":"The Guardian","floor":16,"turns":13},{"damage":4,"enemies":"theJungle:MUSHROOMGANG","floor":18,"turns":4},{"damage":4,"enemies":"Shell Parasite","floor":19,"turns":7},{"damage":0,"enemies":"theJungle:Lyon","floor":22,"turns":6},{"damage":2,"enemies":"theJungle:Cassacara","floor":23,"turns":9},{"damage":0,"enemies":"Snake Plant","floor":24,"turns":4},{"damage":27,"enemies":"theJungle:2_Phrogs","floor":27,"turns":6},{"damage":3,"enemies":"theJungle:Snecko_Cultist_And_Trap","floor":28,"turns":7},{"damage":0,"enemies":"theJungle:JungleHuntersEncounter","floor":29,"turns":7},{"damage":0,"enemies":"theJungle:2_Snecko_Cultists","floor":30,"turns":4},{"damage":0,"enemies":"theJungle:FunGuy","floor":33,"turns":13},{"damage":14,"enemies":"3 Darklings","floor":35,"turns":7},{"damage":0,"enemies":"Orb Walker","floor":36,"turns":4},{"damage":6,"enemies":"Jaw Worm Horde","floor":38,"turns":5},{"damage":0,"enemies":"Giant Head","floor":40,"turns":8},{"damage":0,"enemies":"3 Darklings","floor":41,"turns":5},{"damage":0,"enemies":"Transient","floor":44,"turns":5},{"damage":0,"enemies":"Spire Growth","floor":46,"turns":5},{"damage":6,"enemies":"Jaw Worm Horde","floor":47,"turns":4},{"damage":7,"enemies":"Sphere and 2 Shapes","floor":48,"turns":5},{"damage":26,"enemies":"Donu and Deca","floor":50,"turns":12},{"damage":65,"enemies":"Shield and Spear","floor":54,"turns":5},{"damage":23,"enemies":"The Heart","floor":55,"turns":2}],"seed_played":"-4795228174281360611","potions_obtained":[{"floor":1,"key":"DistilledChaos"},{"floor":7,"key":"Explosive Potion"},{"floor":11,"key":"blueLaboratory:TrueEctoplasm"},{"floor":16,"key":"SteroidPotion"}],"is_trial":false,"path_per_floor":["M","?","M","?","M","E","M","?","T","M","E","M","R","M","R","B",null,"M","M","$","?","M","E","M","R","T","E","M","M","M","?","R","B",null,"M","M","$","M","?","E","M","?","T","M","?","M","M","M","R","B",null,"R","$","E","B"],"character_chosen":"REIMU","items_purchased":["Membership Card","AirManeuver:ReiMu","TheAbacus","Blood Vial","Centennial Puzzle","UniversalSpiritual:ReiMu","Enchanting:ReiMu"],"campfire_rested":4,"item_purchase_floors":[20,20,37,37,37,53,53],"current_hp_per_floor":[62,46,46,53,53,42,42,42,42,42,23,23,23,23,42,28,65,61,57,57,57,57,55,55,55,55,28,25,25,25,25,44,44,65,51,51,51,47,47,49,51,43,43,45,40,48,50,49,65,39,65,65,65,6,0,0],"gold":79,"neow_bonus":"RANDOM_COLORLESS_2","is_daily":false,"chose_seed":false,"campfire_upgraded":1,"win_rate":0.0,"timestamp":1612151613,"path_taken":["M","?","M","?","?","E","M","?","T","M","E","M","R","M","R","BOSS","M","M","$","?","M","E","M","R","T","E","M","M","?","?","R","BOSS","M","?","$","M","?","E","M","?","T","M","?","?","M","M","R","BOSS","R","$","E","BOSS"],"items_purchased_type":["Relic","Card","Relic","Relic","Relic","Card","Card"],"build_version":"2020-12-22","purchased_purges":3,"victory":false,"max_hp_per_floor":[65,65,65,65,65,65,65,65,65,65,65,65,65,65,65,65,65,65,65,65,65,65,65,65,65,65,65,65,65,65,65,65,65,65,65,65,65,65,65,65,65,65,65,65,65,65,65,65,65,65,65,65,65,65,65,65],"card_choices":[{"not_picked":["Secret Weapon","The Bomb"],"picked":"Apotheosis","floor":0},{"not_picked":["TightArray:ReiMu","AlertArray:ReiMu"],"picked":"AirStrike:ReiMu","floor":1},{"not_picked":["PassingAway:ReiMu","EmergencyTakeOff:ReiMu"],"picked":"Conquer:ReiMu","floor":3},{"not_picked":["OctopathBindingBorder2:ReiMu","Mountainwind:ReiMu"],"picked":"ManaGlint:ReiMu","floor":5},{"not_picked":["CollectionFlower2:ReiMu","AlertArray:ReiMu","CareerPray:ReiMu"],"picked":"SKIP","floor":6},{"not_picked":["FantasyBorder:ReiMu","SubcavityInstant:ReiMu"],"picked":"DoubleButterfly:ReiMu","floor":7},{"not_picked":["TightArray:ReiMu","CareerPray:ReiMu"],"picked":"Mountainwind:ReiMu","floor":10},{"not_picked":["CareerPray:ReiMu","FoulBorder2:ReiMu"],"picked":"SpreadBorder2:ReiMu","floor":11},{"not_picked":["Mountainwind:ReiMu","Gathering:ReiMu","MountainWay:ReiMu"],"picked":"SKIP","floor":12},{"not_picked":["Meditation:ReiMu","YinYangSange:ReiMu","WonderfulDomain:ReiMu"],"picked":"SKIP","floor":14},{"not_picked":["CeremonyResonance:ReiMu","Determination:ReiMu"],"picked":"PrayRite:ReiMu","floor":16},{"not_picked":["CareerPray:ReiMu","SubAcupoint:ReiMu"],"picked":"SpreadBorder2:ReiMu","floor":18},{"not_picked":["FoulBorder2:ReiMu+1","Meditation:ReiMu","EmergencyTakeOff:ReiMu"],"picked":"SKIP","floor":19},{"not_picked":["OrbThrow:ReiMu","Revelation:ReiMu+1"],"picked":"SpreadBorder2:ReiMu","floor":22},{"not_picked":["Authority:ReiMu","Crusade:ReiMu"],"picked":"AirStrike:ReiMu+1","floor":23},{"not_picked":["EmergencyTakeOff:ReiMu+1","SafetyPray:ReiMu"],"picked":"SpreadBorder2:ReiMu+1","floor":24},{"not_picked":["TightArray:ReiMu","OctopathSalyBorderN:ReiMu"],"picked":"FantasyMoon:ReiMu","floor":27},{"not_picked":["CareerPray:ReiMu","MountainWay:ReiMu"],"picked":"SpreadBorder2:ReiMu+1","floor":28},{"not_picked":["Intuition:ReiMu","Mountainwind:ReiMu+1"],"picked":"RainPray2:ReiMu","floor":29},{"not_picked":["Amulet:ReiMu","PhosphorusFlame:ReiMu","Intuition:ReiMu"],"picked":"SKIP","floor":30},{"not_picked":["Dreaming:ReiMu","KamiRite:ReiMu"],"picked":"BlastKick2:ReiMu","floor":33},{"not_picked":["AirStrike:ReiMu+1","Crusade:ReiMu","CollectionFlower2:ReiMu+1"],"picked":"SKIP","floor":35},{"not_picked":["YinYangSign:ReiMu","OrbThrow:ReiMu+1","SubcavityInstant:ReiMu"],"picked":"SKIP","floor":36},{"not_picked":["OrbThrow:ReiMu+1","WonderfulDomain:ReiMu+1"],"picked":"SpringWay:ReiMu","floor":38},{"not_picked":["FineLineFantasy:ReiMu","SpringWay:ReiMu+1"],"picked":"NineCharacters:ReiMu+1","floor":40},{"not_picked":["AirManeuver:ReiMu+1","Intuition:ReiMu"],"picked":"SubAcupoint:ReiMu","floor":41},{"not_picked":["Mountainwind:ReiMu","KamiSacrifice:ReiMu+1"],"picked":"UniversalSpiritual:ReiMu","floor":44},{"not_picked":["Impatience","Mind Blast"],"picked":"Bandage Up","floor":45},{"not_picked":["AlertArray:ReiMu+1","PassingAway:ReiMu+1","KamiSacrifice:ReiMu"],"picked":"SKIP","floor":46},{"not_picked":["CareerPray:ReiMu","WonderfulDomain:ReiMu"],"picked":"RainPray2:ReiMu+1","floor":47},{"not_picked":["BarrageOfMoneybags:ReiMu","AirManeuver:ReiMu"],"picked":"Revelation:ReiMu","floor":48},{"not_picked":["TightArray:ReiMu+1","EmergencyTakeOff:ReiMu+1"],"picked":"SpreadBorder2:ReiMu+1","floor":54}],"player_experience":370190,"relics_obtained":[{"floor":6,"key":"Lantern"},{"floor":11,"key":"Mastiff:ReiMu"},{"floor":23,"key":"aspiration:SeaSaltIceCream"},{"floor":26,"key":"Bag of Preparation"},{"floor":27,"key":"Ginger"},{"floor":40,"key":"aspiration:FetidBarrel"},{"floor":43,"key":"Toy Ornithopter"},{"floor":54,"key":"Gremlin Horn"}],"event_choices":[{"damage_healed":0,"gold_gain":0,"player_choice":"Take Damage","damage_taken":16,"relics_obtained":["Golden Idol"],"max_hp_gain":0,"max_hp_loss":0,"event_name":"Golden Idol","floor":2,"gold_loss":0},{"damage_healed":0,"gold_gain":0,"player_choice":"Ignored","damage_taken":0,"max_hp_gain":0,"max_hp_loss":0,"event_name":"Liars Game","floor":8,"gold_loss":0},{"damage_healed":0,"gold_gain":0,"player_choice":"Forge","damage_taken":0,"max_hp_gain":0,"max_hp_loss":0,"event_name":"Accursed Blacksmith","floor":21,"gold_loss":0,"cards_upgraded":["Apotheosis"]},{"damage_healed":0,"gold_gain":0,"player_choice":"Ignored","damage_taken":0,"max_hp_gain":0,"max_hp_loss":0,"event_name":"NoteForYourself","floor":31,"gold_loss":0},{"damage_healed":0,"gold_gain":0,"player_choice":"Paid","damage_taken":0,"relics_obtained":["Red Mask"],"max_hp_gain":0,"max_hp_loss":0,"event_name":"Tomb of Lord Red Mask","floor":39,"gold_loss":224},{"damage_healed":0,"gold_gain":0,"player_choice":"Embrace Madness","damage_taken":8,"max_hp_gain":0,"max_hp_loss":0,"event_name":"Winding Halls","floor":42,"gold_loss":0,"cards_obtained":["Madness","Madness"]},{"damage_healed":0,"gold_gain":0,"player_choice":"Memory 2","damage_taken":5,"max_hp_gain":0,"max_hp_loss":0,"event_name":"SensoryStone","floor":45,"gold_loss":0}],"is_beta":false,"boss_relics":[{"not_picked":["Empty Cage","ShineYinYang:ReiMu"],"picked":"Sozu"},{"not_picked":["Astrolabe","Pandora\u0027s Box"],"picked":"Fusion Hammer"}],"items_purged_floors":[20,37,53],"is_endless":false,"potions_floor_spawned":[1,7,11,16,18,19,23,29,30,36,40,44,47,48],"killed_by":"The Heart","ascension_level":0}}