{"host":"i7v9plv3kh1bvjs0","time":1612173235,"event":{"mods":["AchievementEnabler","BaseMod","Better Third Choice","BetterRewards","Colored Map","Curses Come First","Downfall","Energized Spire","Minty Spire (QoL Compilation)","Replay The Spire","Spikes Relics","Spire Arcade","StSLib","Transform Curses"],"gold_per_floor":[153,164,314,314,328,348,348,348,348,365,384,397,397,410,430,533,533,533,533,552,562,562,576,576,374,386,386,403,503,503,520,530,628,628,628,646,659,659,659,659],"floor_reached":38,"language":"ENG","playtime":2969,"items_purged":[],"score":424,"play_id":"d09220d9-5333-4977-b72a-633da4e25e2e","local_time":"20210201015355","is_ascension_mode":false,"campfire_choices":[{"data":"Slimebound:Split","floor":8,"key":"SMITH"},{"data":"Slimebound:Replication","floor":13,"key":"SMITH"},{"data":"Slimebound:Prepare","floor":27,"key":"SMITH"},{"data":"Slimebound:Prepare","floor":30,"key":"SMITH"},{"data":"Slimebound:OozeBath","floor":35,"key":"SMITH"}],"circlet_count":0,"master_deck":["Slimebound:Strike_Slimebound","Slimebound:Strike_Slimebound","Slimebound:Strike_Slimebound","Slimebound:Tackle","Slimebound:Defend_Slimebound","Slimebound:Defend_Slimebound","Slimebound:Defend_Slimebound","Slimebound:Split+1","Slimebound:Repurpose","Slimebound:ProtectTheBoss","Slimebound:SamplingLick","Slimebound:SplitBruiser+1","Slimebound:SplitMire","Slimebound:Replication+1","Slimebound:ForwardTackle","Slimebound:Prepare+1","Slimebound:Chomp","Slimebound:LeechLife","RitualDagger","Slimebound:Prepare+1","Slimebound:LeechEnergy+1","Slimebound:SlimeSpikes+1","Slimebound:Chomp","Slimebound:LeechingTouch","Slimebound:PressTheAttack","Slimebound:DisruptingSlam","Slimebound:HauntingLick","Slimebound:Schlurp+1","Slimebound:FormOfPuddle+1","Slimebound:FinishingTackle","Slimebound:OozeBath+1","downfall:Malfunctioning","Sickly","CommonCold","Slimebound:ComboTackle+1","Slimebound:GoopSpray"],"relics":["Slimebound:AbsorbEndCombat","TungstenRod","SlaversCollar","Kunai","Slimebound:SelfDamagePreventRelic","Replay:Ancient Bell","Bag of Preparation","Mercury Hourglass","Durian"],"acts_visited":["Exordium","TheCity","TheBeyond"],"potions_floor_usage":[5,5,16,25,33,33,36,38],"damage_taken":[{"damage":0,"enemies":"2 Louse","floor":2,"turns":2},{"damage":4,"enemies":"Cultist","floor":5,"turns":3},{"damage":2,"enemies":"Small Slimes","floor":6,"turns":3},{"damage":1,"enemies":"3 Louse","floor":10,"turns":3},{"damage":10,"enemies":"Blue Slaver","floor":11,"turns":3},{"damage":13,"enemies":"Exordium Thugs","floor":12,"turns":5},{"damage":12,"enemies":"2 Fungi Beasts","floor":14,"turns":4},{"damage":6,"enemies":"Blue Slaver","floor":15,"turns":4},{"damage":40,"enemies":"DF_ARCHETYPE_STREAMLINE","floor":16,"turns":11},{"damage":18,"enemies":"Shell Parasite","floor":20,"turns":5},{"damage":2,"enemies":"Chosen","floor":21,"turns":4},{"damage":30,"enemies":"Snake Plant","floor":23,"turns":5},{"damage":0,"enemies":"downfall:FleeingMerchant","floor":25,"turns":4},{"damage":4,"enemies":"Centurion and Healer","floor":26,"turns":4},{"damage":6,"enemies":"3 Cultists","floor":28,"turns":5},{"damage":5,"enemies":"Snake Plant","floor":31,"turns":3},{"damage":12,"enemies":"Snecko","floor":32,"turns":6},{"damage":70,"enemies":"WA_ARCHETYPE_CALM","floor":33,"turns":10},{"damage":18,"enemies":"3 Darklings","floor":36,"turns":6},{"damage":42,"enemies":"3 Shapes","floor":37,"turns":3},{"damage":62,"enemies":"2 Orb Walkers","floor":38,"turns":4}],"seed_played":"-7354913004043343048","potions_obtained":[{"floor":5,"key":"EntropicBrew"},{"floor":11,"key":"LiquidMemories"},{"floor":15,"key":"AttackPotion"},{"floor":23,"key":"Slimebound:SlimyTonguePotion"},{"floor":26,"key":"Flashbang"},{"floor":33,"key":"Weak Potion"},{"floor":37,"key":"Elixir"}],"is_trial":false,"path_per_floor":["R_BF","M","?","?","M","M","T","R","?","M","M","M","R","M","M","B",null,"R_BF","?","M","M","?","M","T","$","M","R","M","?","R","M","M","B",null,"R","M","M","?"],"character_chosen":"SLIMEBOUND","items_purchased":["Slimebound:SelfDamagePreventRelic","Slimebound:DisruptingSlam"],"campfire_rested":0,"item_purchase_floors":[25,25],"current_hp_per_floor":[71,71,71,71,72,72,72,72,72,75,67,58,58,48,44,12,76,71,71,59,73,73,47,47,53,55,55,57,57,57,68,72,11,81,81,69,36,0,0,0],"gold":659,"neow_bonus":"TEN_PERCENT_HP_BONUS","is_daily":false,"chose_seed":false,"campfire_upgraded":5,"win_rate":0.0,"timestamp":1612173235,"path_taken":["R_BF","M","?","?","?","M","T","R","?","?","M","M","R","M","M","BOSS","R_BF","?","M","M","?","?","T","$","M","R","M","?","R","M","M","BOSS","R","M","M","?"],"items_purchased_type":["Relic","Card"],"build_version":"2020-12-22","purchased_purges":0,"victory":false,"max_hp_per_floor":[71,71,71,71,76,76,76,76,76,76,76,76,76,76,76,76,76,76,76,76,76,76,76,76,76,76,76,76,76,76,76,76,76,81,81,81,81,81,81,81],"card_choices":[{"not_picked":["Slimebound:ItLooksTasty","Slimebound:LivingWall"],"picked":"Slimebound:Repurpose","floor":2},{"not_picked":["Slimebound:ComboTackle","Slimebound:DisruptingSlam"],"picked":"Slimebound:SamplingLick","floor":5},{"not_picked":["Slimebound:ProtectTheBoss","Slimebound:SlimeSpikes"],"picked":"Slimebound:SplitBruiser","floor":6},{"not_picked":["Slimebound:ItLooksTasty","Slimebound:SplitLeeching"],"picked":"Slimebound:SplitMire","floor":10},{"not_picked":["Slimebound:ItLooksTasty","Slimebound:LeechingTouch"],"picked":"Slimebound:Replication","floor":11},{"not_picked":["Slimebound:SplitLeeching","Slimebound:SplitAcid"],"picked":"Slimebound:ForwardTackle","floor":12},{"not_picked":["Slimebound:SplitAcid","Slimebound:ViciousTackle"],"picked":"Slimebound:Prepare","floor":14},{"not_picked":["Slimebound:ComboTackle","Slimebound:SplitAcid"],"picked":"Slimebound:Chomp","floor":15},{"not_picked":["Slimebound:MinionMaster","Slimebound:RallyTheTroops"],"picked":"Slimebound:LeechLife","floor":16},{"not_picked":["Slimebound:FormOfPuddle","Slimebound:GoopTackle"],"picked":"Slimebound:LeechEnergy+1","floor":20},{"not_picked":["Slimebound:Schlurp","Slimebound:ComboTackle+1"],"picked":"Slimebound:SlimeSpikes+1","floor":21},{"not_picked":["Slimebound:Dissolve","Slimebound:ViciousTackle"],"picked":"Slimebound:LeechingTouch","floor":23},{"not_picked":["Slimebound:BestDefense","Slimebound:Gluttony"],"picked":"Slimebound:PressTheAttack","floor":25},{"not_picked":["Slimebound:BestDefense","Slimebound:RejuvenatingLick"],"picked":"Slimebound:HauntingLick","floor":26},{"not_picked":["Slimebound:Gluttony","Slimebound:BestDefense"],"picked":"Slimebound:Schlurp+1","floor":28},{"not_picked":["Slimebound:SplitLeeching","Slimebound:RollThrough"],"picked":"Slimebound:FormOfPuddle+1","floor":31},{"not_picked":["Slimebound:Chomp+1","Slimebound:GrowthPunch+1"],"picked":"Slimebound:FinishingTackle","floor":32},{"not_picked":["Slimebound:WasteNot","Slimebound:SlimeSlap"],"picked":"Slimebound:OozeBath","floor":33},{"not_picked":["downfall:Aged","Replay:Hysterical Blindness"],"picked":"downfall:Malfunctioning","floor":34},{"not_picked":["Looming Evil","Normality"],"picked":"Sickly","floor":34},{"not_picked":["Parasite","Writhe"],"picked":"CommonCold","floor":34},{"not_picked":["Slimebound:RollThrough","Slimebound:SplitLeeching+1"],"picked":"Slimebound:ComboTackle+1","floor":36},{"not_picked":["Slimebound:ItLooksTasty","Slimebound:SelfFormingGoo"],"picked":"Slimebound:GoopSpray","floor":37}],"player_experience":111522,"relics_obtained":[{"floor":7,"key":"TungstenRod"},{"floor":24,"key":"Kunai"}],"event_choices":[{"damage_healed":0,"gold_gain":0,"player_choice":"Forge","damage_taken":0,"max_hp_gain":0,"max_hp_loss":0,"event_name":"Accursed Blacksmith","floor":9,"gold_loss":0,"cards_upgraded":["Slimebound:SplitBruiser"]},{"damage_healed":0,"gold_gain":0,"player_choice":"Read","damage_taken":0,"max_hp_gain":0,"max_hp_loss":0,"event_name":"The Library","floor":19,"gold_loss":0,"cards_obtained":["Slimebound:Prepare"]},{"damage_healed":0,"gold_gain":0,"player_choice":"Fight","damage_taken":0,"max_hp_gain":0,"max_hp_loss":0,"event_name":"Mysterious Sphere","floor":38,"gold_loss":0}],"is_beta":false,"boss_relics":[{"not_picked":["Pandora\u0027s Box","Runic Pyramid"],"picked":"SlaversCollar"},{"not_picked":["Slimebound:TarBlob","Astrolabe"],"picked":"Replay:Ancient Bell"},{"not_picked":["Pen Nib","Replay:Rubber Ducky"],"picked":"Bag of Preparation"},{"not_picked":["Replay:Bottled Snecko","Frozen Egg 2"],"picked":"Mercury Hourglass"},{"not_picked":["Peace Pipe","Prayer Wheel"],"picked":"Durian"}],"items_purged_floors":[],"is_endless":false,"potions_floor_spawned":[5,11,15,23,26,32,33,37],"killed_by":"2 Orb Walkers","ascension_level":0}}