{"host":"9bcwdp8h7kwcxx90","time":1612140984,"event":{"mods":["2.2 Compatiblity","BaseMod","Colored Map","Colored Powertips","Downfall","Infinite Spire","Minty Spire (QoL Compilation)","Permanent Neow","Quick Restart","Random Character Button","Relic Sorter","Relic Stats","Reliquary","Robot Space Explorer","Shop Mod","StSLib","The Marked","Unknown Chances"],"gold_per_floor":[99,113,124,34,134,134,134,134],"floor_reached":6,"language":"ENG","playtime":1052,"items_purged":["bronze:Defend"],"score":36,"play_id":"4c52abfa-32d0-410c-be13-ba212733dc84","local_time":"20210131185624","is_ascension_mode":true,"campfire_choices":[{"data":"bronze:Goto","floor":1,"key":"SMITH"}],"circlet_count":0,"master_deck":["bronze:Strike","bronze:Strike","bronze:Strike","bronze:Defend","bronze:Defend","bronze:Replicate","bronze:Goto+1","bronze:Optimize","bronze:CutThrough","bronze:Allocate","bronze:ChildClass","bronze:Boost","bronze:BuggyMess"],"relics":["bronze:BronzeCore","White Beast Statue"],"acts_visited":[],"potions_floor_usage":[4,6,6,6],"damage_taken":[{"damage":0,"enemies":"2 Louse","floor":2,"turns":3},{"damage":0,"enemies":"Cultist","floor":3,"turns":3},{"damage":2,"enemies":"downfall:FleeingMerchant","floor":4,"turns":4},{"damage":18,"enemies":"downfall:LadyInBlue","floor":5,"turns":9},{"damage":37,"enemies":"Nightmare","floor":6,"turns":7}],"seed_played":"-3730140979296942384","potions_obtained":[{"floor":3,"key":"bronze:FreeFunctionsPotion"},{"floor":5,"key":"Fruit Juice"},{"floor":5,"key":"SpeedPotion"},{"floor":5,"key":"EssenceOfSteel"}],"is_trial":false,"path_per_floor":["R","M","M","$","?","NM"],"character_chosen":"THE_AUTOMATON","items_purchased":[],"campfire_rested":0,"item_purchase_floors":[],"current_hp_per_floor":[49,49,49,47,29,0,0,0],"gold":134,"neow_bonus":"TRANSFORM_TWO_CARDS","is_daily":false,"chose_seed":false,"campfire_upgraded":1,"win_rate":0.0,"timestamp":1612140984,"path_taken":["R","M","M","$","?","NM"],"items_purchased_type":[],"build_version":"2020-12-22","purchased_purges":1,"victory":false,"max_hp_per_floor":[70,70,70,70,70,75,75,75],"relic_stats":{"counters":[5,26],"obtain_stats":[{"bronze:BronzeCore":0,"White Beast Statue":5},{"bronze:BronzeCore":0,"White Beast Statue":4},{"bronze:BronzeCore":0,"White Beast Statue":19}]},"card_choices":[{"not_picked":["bronze:Boost","bronze:Return"],"picked":"bronze:Allocate","floor":2},{"not_picked":["bronze:CutThrough","bronze:Overload"],"picked":"bronze:ChildClass","floor":3},{"not_picked":["bronze:DelayedSlice","bronze:CutThrough"],"picked":"bronze:Boost","floor":4},{"not_picked":["bronze:Turbo","bronze:ChosenStrike"],"picked":"bronze:BuggyMess","floor":5}],"player_experience":281419,"relics_obtained":[{"floor":5,"key":"White Beast Statue"}],"event_choices":[],"is_beta":false,"boss_relics":[],"items_purged_floors":[4],"is_endless":false,"potions_floor_spawned":[3],"killed_by":"Nightmare","ascension_level":1}}