{"host":"i0avyit1s6jb1siw","time":1612181446,"event":{"mods":["BaseMod","DeckTracker","Dota2Spire","Highlight Path","Minty Spire (QoL Compilation)","Quick Restart","StSLib","SuperFastMode"],"gold_per_floor":[112,112,112,37,55,95,95,134,134,152,190,190,206,239,239,330,330,349,63,63,5,5,5,45,68,68,68,68,68,89,120,120,151,151,151,151],"floor_reached":35,"language":"ENG","playtime":711,"items_purged":[],"score":728,"play_id":"e56bb171-1191-44e2-8920-2c95a000a524","local_time":"20210201131046","is_ascension_mode":true,"campfire_choices":[{"data":"Predator","floor":7,"key":"SMITH"},{"data":"Bouncing Flask","floor":12,"key":"SMITH"},{"floor":15,"key":"REST"},{"data":"Wraith Form v2","floor":23,"key":"SMITH"},{"floor":29,"key":"REST"},{"floor":34,"key":"REST"}],"circlet_count":0,"master_deck":["AscendersBane","Strike_G","Strike_G","Defend_G","Defend_G","Defend_G","Defend_G","Defend_G","Survivor","Neutralize","Quick Slash","Masterful Stab","Predator+1","Bouncing Flask+1","Blade Dance","Tactician","Malaise","Wraith Form v2+1","CurseOfTheBell","Footwork","Corpse Explosion","Malaise","Backflip","Finisher+1","PiercingWail+1","Reflex","Calculated Gamble","Blade Dance","Blur"],"relics":["Ring of the Snake","NeowsBlessing","Golden Idol","Peace Pipe","Dota2Spire:ArcaneBoots","Dota2Spire:EyeOfSkadi","Paper Crane","Dota2Spire:LotusOrb","Calling Bell","Dream Catcher","Dota2Spire:MonkeyKingBar","Shovel","Kunai","MealTicket","Question Card","Gremlin Horn","Dota2Spire:AghanimScepter","Letter Opener"],"acts_visited":["Exordium","TheCity"],"potions_floor_usage":[11,13,24,33,33,35],"damage_taken":[{"damage":0,"enemies":"Small Slimes","floor":1,"turns":1},{"damage":0,"enemies":"Jaw Worm","floor":5,"turns":1},{"damage":0,"enemies":"Gremlin Nob","floor":6,"turns":1},{"damage":32,"enemies":"3 Sentries","floor":8,"turns":10},{"damage":0,"enemies":"2 Louse","floor":10,"turns":2},{"damage":14,"enemies":"Lagavulin","floor":11,"turns":7},{"damage":5,"enemies":"Exordium Thugs","floor":13,"turns":4},{"damage":10,"enemies":"3 Sentries","floor":14,"turns":5},{"damage":34,"enemies":"Slime Boss","floor":16,"turns":11},{"damage":0,"enemies":"Chosen","floor":18,"turns":3},{"damage":6,"enemies":"Slavers","floor":24,"turns":4},{"damage":8,"enemies":"Shell Parasite","floor":25,"turns":4},{"damage":7,"enemies":"Snecko","floor":30,"turns":5},{"damage":12,"enemies":"Book of Stabbing","floor":31,"turns":7},{"damage":28,"enemies":"Slavers","floor":33,"turns":4},{"damage":47,"enemies":"Automaton","floor":35,"turns":12}],"seed_played":"1632747532961135686","potions_obtained":[{"floor":5,"key":"Regen Potion"},{"floor":10,"key":"ColorlessPotion"},{"floor":13,"key":"DuplicationPotion"},{"floor":16,"key":"Strength Potion"},{"floor":24,"key":"FearPotion"},{"floor":33,"key":"Regen Potion"}],"is_trial":false,"path_per_floor":["M","?","?","?","M","E","R","E","T","M","E","R","M","E","R","B",null,"M","$","?","$","?","R","E","M","?","T","T","R","M","E","?","E","R","B"],"character_chosen":"THE_SILENT","items_purchased":["Kunai","Backflip"],"campfire_rested":3,"item_purchase_floors":[19,21],"current_hp_per_floor":[59,59,59,59,59,59,59,27,32,32,33,33,28,18,37,3,50,50,50,50,50,50,50,44,36,36,36,36,55,48,36,36,8,27,0,0],"gold":151,"neow_bonus":"THREE_ENEMY_KILL","is_daily":false,"chose_seed":false,"campfire_upgraded":3,"win_rate":0.0,"timestamp":1612181446,"path_taken":["M","?","?","?","M","E","R","E","T","M","E","R","M","E","R","BOSS","M","$","?","?","?","R","E","M","?","T","T","R","M","E","?","E","R","BOSS"],"items_purchased_type":["Relic","Card"],"build_version":"2020-12-22","purchased_purges":0,"victory":false,"max_hp_per_floor":[66,66,60,60,60,60,60,60,65,65,65,65,65,65,65,65,65,65,65,65,65,65,65,65,65,65,65,65,65,65,65,65,65,65,65,65],"card_choices":[{"not_picked":["Bane","Deflect"],"picked":"Quick Slash","floor":1},{"not_picked":["Dagger Spray","Outmaneuver"],"picked":"Masterful Stab","floor":5},{"not_picked":["Dash","Flying Knee"],"picked":"Predator","floor":6},{"not_picked":["Backflip","Heel Hook"],"picked":"Bouncing Flask","floor":8},{"not_picked":["Expertise","Masterful Stab"],"picked":"Blade Dance","floor":10},{"not_picked":["Bouncing Flask","Dodge and Roll"],"picked":"Tactician","floor":11},{"not_picked":["Slice","Heel Hook","Cloak And Dagger"],"picked":"SKIP","floor":13},{"not_picked":["Acrobatics","Bane"],"picked":"Malaise","floor":14},{"not_picked":["Adrenaline","Malaise"],"picked":"Wraith Form v2","floor":16},{"not_picked":["Concentrate","Deadly Poison"],"picked":"Footwork","floor":18},{"not_picked":["PiercingWail","Phantasmal Killer"],"picked":"Finisher+1","floor":24},{"not_picked":["Acrobatics","Cloak And Dagger"],"picked":"PiercingWail+1","floor":25},{"not_picked":["Quick Slash","Flying Knee","Flechettes"],"picked":"Calculated Gamble","floor":29},{"not_picked":["Caltrops","Backflip","Dodge and Roll","Finisher"],"picked":"SKIP","floor":30},{"not_picked":["Grand Finale","Deadly Poison","Dash"],"picked":"Blade Dance","floor":31},{"not_picked":["Deflect+1","Eviscerate","Deadly Poison"],"picked":"Blur","floor":33}],"player_experience":2393623,"relics_obtained":[{"floor":6,"key":"Peace Pipe"},{"floor":8,"key":"Dota2Spire:ArcaneBoots"},{"floor":9,"key":"Dota2Spire:EyeOfSkadi"},{"floor":11,"key":"Paper Crane"},{"floor":14,"key":"Dota2Spire:LotusOrb"},{"floor":17,"key":"Dream Catcher"},{"floor":17,"key":"Dota2Spire:MonkeyKingBar"},{"floor":17,"key":"Shovel"},{"floor":24,"key":"MealTicket"},{"floor":27,"key":"Question Card"},{"floor":28,"key":"Gremlin Horn"},{"floor":31,"key":"Dota2Spire:AghanimScepter"},{"floor":33,"key":"Letter Opener"}],"event_choices":[{"damage_healed":0,"gold_gain":0,"player_choice":"Ignored","damage_taken":0,"max_hp_gain":0,"max_hp_loss":0,"event_name":"Liars Game","floor":2,"gold_loss":0},{"damage_healed":0,"gold_gain":0,"player_choice":"Lose Max HP","damage_taken":0,"relics_obtained":["Golden Idol"],"max_hp_gain":0,"max_hp_loss":6,"event_name":"Golden Idol","floor":3,"gold_loss":0},{"cards_removed":["Strike_G"],"damage_healed":0,"gold_gain":0,"player_choice":"Card Removal","damage_taken":0,"max_hp_gain":0,"max_hp_loss":0,"event_name":"The Cleric","floor":4,"gold_loss":75},{"damage_healed":0,"gold_gain":0,"cards_transformed":["Strike_G","Strike_G"],"player_choice":"Became Test Subject","damage_taken":0,"max_hp_gain":0,"max_hp_loss":0,"event_name":"Drug Dealer","floor":20,"gold_loss":0,"cards_obtained":["Corpse Explosion","Malaise"]},{"damage_healed":0,"gold_gain":0,"player_choice":"Ignored","damage_taken":0,"max_hp_gain":0,"max_hp_loss":0,"event_name":"Ghosts","floor":22,"gold_loss":0},{"damage_healed":0,"gold_gain":0,"player_choice":"Read","damage_taken":0,"max_hp_gain":0,"max_hp_loss":0,"event_name":"The Library","floor":26,"gold_loss":0,"cards_obtained":["Reflex"]},{"damage_healed":0,"gold_gain":0,"player_choice":"Ignored","damage_taken":0,"max_hp_gain":0,"max_hp_loss":0,"event_name":"Vampires","floor":32,"gold_loss":0}],"is_beta":false,"boss_relics":[{"not_picked":["SlaversCollar","Busted Crown"],"picked":"Calling Bell"}],"items_purged_floors":[],"is_endless":false,"potions_floor_spawned":[5,10,13,16,24,30,33],"killed_by":"Automaton","ascension_level":20}}