{"host":"2gnwij4otnt5buyw","time":1612147893,"event":{"mods":["BaseMod","BetterRewards","Colored Map","Conspire","DeckTracker","Downfall","Energized Spire","Friendly Minions","Googly Eyes","Hubris","Infinite Spire","Kiyohime????","Marisa????????","Minty Spire (QoL Compilation)","Remilia??????","Replay The Spire","StSLib","Td1madao Mod","The Administrix","The Animator","The Cursed","The Disciple","The Hierophant","The Necromancer","The Runesmith","The Servant 0.9.4"],"gold_per_floor":[118,134,151,167,167,196,196,225,225,251,18,18,29,48,48,48,48],"floor_reached":16,"language":"ENG","playtime":947,"items_purged":["Strike_R"],"score":146,"play_id":"9143ce47-2605-4a1a-a1b9-e4c7edcb6826","local_time":"20210131215133","is_ascension_mode":true,"campfire_choices":[{"data":"Immolate","floor":7,"key":"SMITH"},{"floor":15,"key":"REST"}],"circlet_count":0,"master_deck":["Strike_R","Strike_R","Strike_R","Strike_R","Defend_R","Defend_R","Bash","conspire:Purge","Iron Wave","Shrug It Off","Iron Wave","Immolate+1","Cleave","Uppercut","Feel No Pain","Exhume","Inflame","conspire:ExplosiveBarrier"],"relics":["Burning Blood","Replay:Baseball","Pear","Potion Belt","hubris:TinFlute","Letter Opener","WarpedTongs"],"acts_visited":["Exordium"],"potions_floor_usage":[10,16,16],"damage_taken":[{"damage":22,"enemies":"Cultist","floor":1,"turns":6},{"damage":2,"enemies":"Small Slimes","floor":2,"turns":4},{"damage":0,"enemies":"2 Louse","floor":3,"turns":3},{"damage":15,"enemies":"Large Slime","floor":4,"turns":6},{"damage":13,"enemies":"Gremlin Nob","floor":6,"turns":4},{"damage":15,"enemies":"Replay:BlueRogue","floor":8,"turns":4},{"damage":37,"enemies":"Lagavulin","floor":10,"turns":8},{"damage":3,"enemies":"Exordium Wildlife","floor":13,"turns":2},{"damage":7,"enemies":"Blue Slaver","floor":14,"turns":3},{"damage":48,"enemies":"The Guardian","floor":16,"turns":9}],"seed_played":"-3939859330155262813","potions_obtained":[{"floor":1,"key":"Dexterity Potion"},{"floor":4,"key":"ElixirPotion"},{"floor":10,"key":"AttackPotion"}],"is_trial":false,"path_per_floor":["M","M","M","M","?","E","R","E","T","E","$","?","M","M","R","B"],"character_chosen":"IRONCLAD","items_purchased":["Exhume"],"campfire_rested":1,"item_purchase_floors":[11],"current_hp_per_floor":[64,68,74,65,53,56,56,47,47,16,16,16,19,18,45,0,0],"gold":48,"neow_bonus":"ONE_RANDOM_RARE_CARD","is_daily":false,"chose_seed":false,"campfire_upgraded":1,"win_rate":0.0,"timestamp":1612147893,"path_taken":["M","M","M","M","?","E","R","E","T","E","$","?","M","?","R","BOSS"],"items_purchased_type":["Card"],"build_version":"2020-12-22","purchased_purges":1,"victory":false,"max_hp_per_floor":[80,80,80,80,80,90,90,90,90,90,90,90,90,90,90,90,90],"card_choices":[{"not_picked":["Second Wind","Anger"],"picked":"Iron Wave","floor":1},{"not_picked":["ReplayTheSpireMod:Stacked","Power Through"],"picked":"Shrug It Off","floor":2},{"not_picked":["Twin Strike","ReplayTheSpireMod:Strike From Hell"],"picked":"Iron Wave","floor":3},{"not_picked":["ReplayReversal","Sever Soul"],"picked":"Immolate","floor":4},{"not_picked":["True Grit","Dropkick"],"picked":"Cleave","floor":6},{"not_picked":["Perfected Strike","Body Slam"],"picked":"Uppercut","floor":8},{"not_picked":["Iron Wave","Thunderclap"],"picked":"Feel No Pain","floor":10},{"not_picked":["Havoc","Cleave"],"picked":"Inflame","floor":13},{"not_picked":["ReplayTheSpireMod:LeadingStrike","Offering"],"picked":"conspire:ExplosiveBarrier","floor":14}],"player_experience":217078,"relics_obtained":[{"floor":6,"key":"Pear"},{"floor":8,"key":"Potion Belt"},{"floor":9,"key":"hubris:TinFlute"},{"floor":10,"key":"Letter Opener"}],"event_choices":[{"damage_healed":0,"gold_gain":0,"player_choice":"Success","damage_taken":12,"relics_obtained":["Replay:Baseball"],"max_hp_gain":0,"max_hp_loss":0,"event_name":"Scrap Ooze","floor":5,"gold_loss":0},{"damage_healed":0,"gold_gain":0,"player_choice":"Rummage","damage_taken":0,"relics_obtained":["WarpedTongs"],"max_hp_gain":0,"max_hp_loss":0,"event_name":"Accursed Blacksmith","floor":12,"gold_loss":0,"cards_obtained":["Pain"]}],"is_beta":false,"boss_relics":[],"items_purged_floors":[11],"is_endless":false,"potions_floor_spawned":[1,4,10],"killed_by":"The Guardian","ascension_level":4}}