{"host":"7jl348xfsxr8glry","time":1612174070,"event":{"mods":["AchievementEnabler","BaseMod","Colored Map","Minty Spire (QoL Compilation)","Random Character Button","Unceasing Turn Reminder"],"gold_per_floor":[114,114,79,79,25,65,65,28,28,28,71,71,115,115,115,222,222,243,269,304,333,40,77,2,2,27,48,72,72,72,113,113,227,227,249,308,12,12,21,21,21,56,56,56,86,86,115,138,138,138,138,138,16,45,45,45],"floor_reached":55,"language":"ENG","playtime":3250,"items_purged":["Strike_G+1","Strike_G+1"],"score":911,"play_id":"bcb5bbea-65a7-4e88-acc3-c60c849f0d77","local_time":"20210201210750","is_ascension_mode":true,"campfire_choices":[{"data":"Neutralize","floor":7,"key":"SMITH"},{"data":"Deadly Poison","floor":10,"key":"SMITH"},{"data":"Flying Knee","floor":12,"key":"SMITH"},{"floor":15,"key":"REST"},{"floor":25,"key":"REST"},{"floor":29,"key":"REST"},{"floor":30,"key":"REST"},{"floor":32,"key":"REST"},{"floor":40,"key":"REST"},{"data":"After Image","floor":41,"key":"SMITH"},{"floor":44,"key":"REST"},{"floor":46,"key":"RECALL"},{"floor":49,"key":"REST"},{"data":"Noxious Fumes","floor":52,"key":"SMITH"}],"circlet_count":0,"master_deck":["Defend_G","Defend_G+1","Defend_G","Defend_G+1","Defend_G","Survivor","Neutralize+1","Flying Knee+1","Poisoned Stab+1","Prepared","Deadly Poison+1","Blade Dance","After Image+1","Corpse Explosion","Footwork","Footwork+1","Flying Knee+1","Slice+1","Sucker Punch+1","Noxious Fumes+1","Blade Dance","Skewer+1","Catalyst+1","Die Die Die+1","Bane+1","Deadly Poison+1","Accuracy","Mind Blast+1","Footwork","Flying Knee+1","Infinite Blades+1","Catalyst+1","Catalyst+1","Accuracy","Deadly Poison"],"relics":["Ring of the Serpent","NeowsBlessing","Molten Egg 2","CeramicFish","Whetstone","WingedGreaves","TungstenRod","Empty Cage","Red Mask","Paper Crane","Peace Pipe","Smiling Mask","Prayer Wheel","Boot","Art of War","Mummified Hand","Sundial"],"acts_visited":["Exordium","TheCity","TheBeyond","TheEnding"],"potions_floor_usage":[20,20,31,31,33,42,50,50,50,55],"damage_taken":[{"damage":0,"enemies":"Small Slimes","floor":1,"turns":1},{"damage":0,"enemies":"Gremlin Nob","floor":6,"turns":1},{"damage":0,"enemies":"Lagavulin","floor":11,"turns":1},{"damage":16,"enemies":"Gremlin Nob","floor":13,"turns":3},{"damage":22,"enemies":"The Guardian","floor":16,"turns":8},{"damage":0,"enemies":"3 Byrds","floor":18,"turns":2},{"damage":12,"enemies":"Spheric Guardian","floor":19,"turns":4},{"damage":9,"enemies":"Masked Bandits","floor":20,"turns":3},{"damage":24,"enemies":"Snake Plant","floor":21,"turns":4},{"damage":16,"enemies":"Slavers","floor":23,"turns":4},{"damage":8,"enemies":"Sentry and Sphere","floor":27,"turns":5},{"damage":0,"enemies":"Snecko","floor":28,"turns":5},{"damage":12,"enemies":"Book of Stabbing","floor":31,"turns":6},{"damage":36,"enemies":"Collector","floor":33,"turns":9},{"damage":19,"enemies":"3 Darklings","floor":35,"turns":4},{"damage":0,"enemies":"Mind Bloom Boss Battle","floor":36,"turns":7},{"damage":24,"enemies":"Giant Head","floor":42,"turns":8},{"damage":0,"enemies":"3 Shapes","floor":45,"turns":3},{"damage":15,"enemies":"Transient","floor":47,"turns":5},{"damage":17,"enemies":"Sphere and 2 Shapes","floor":48,"turns":6},{"damage":49,"enemies":"Awakened One","floor":50,"turns":13},{"damage":69,"enemies":"Shield and Spear","floor":54,"turns":4},{"damage":17,"enemies":"The Heart","floor":55,"turns":3}],"seed_played":"-7247030378622081861","potions_obtained":[{"floor":11,"key":"Explosive Potion"},{"floor":13,"key":"Ancient Potion"},{"floor":19,"key":"ColorlessPotion"},{"floor":27,"key":"Energy Potion"},{"floor":28,"key":"SpeedPotion"},{"floor":31,"key":"SpeedPotion"},{"floor":36,"key":"ColorlessPotion"},{"floor":42,"key":"Fire Potion"},{"floor":48,"key":"Fire Potion"}],"is_trial":false,"path_per_floor":["M","?","?","?","$","E","R","$","T","R","E","R","E","?","R","B",null,"M","M","?","M","$","E","$","R","T","M","M","R","R","E","R","B",null,"M","?","$","?","?","R","R","E","T","R","M","R","M","M","R","B",null,"R","$","E","B"],"character_chosen":"THE_SILENT","items_purchased":["Poisoned Stab+1","Deadly Poison","Paper Crane","Sucker Punch+1","Crippling Poison","Boot","Accuracy","Accuracy","Deadly Poison","BlessingOfTheForge"],"campfire_rested":8,"item_purchase_floors":[5,8,22,22,37,37,37,53,53,53],"current_hp_per_floor":[70,58,70,63,63,63,63,63,63,63,63,63,47,34,55,33,70,70,58,49,25,25,9,9,30,30,22,22,43,64,52,70,34,70,51,51,51,51,51,70,70,46,46,67,67,67,52,35,56,7,70,70,70,1,0,0],"gold":45,"neow_bonus":"THREE_ENEMY_KILL","is_daily":false,"chose_seed":false,"campfire_upgraded":5,"win_rate":0.0,"timestamp":1612174070,"path_taken":["M","?","?","?","$","E","R","$","T","R","E","R","E","?","R","BOSS","M","M","?","M","$","E","$","R","T","M","M","R","R","E","R","BOSS","M","?","$","?","?","R","R","E","T","R","M","R","M","M","R","BOSS","R","$","E","BOSS"],"items_purchased_type":["Card","Card","Relic","Card","Card","Relic","Card","Card","Card","Potion"],"build_version":"2020-12-22","purchased_purges":2,"victory":false,"max_hp_per_floor":[70,70,70,70,70,70,70,70,70,70,70,70,70,70,70,70,70,70,70,70,70,70,70,70,70,70,70,70,70,70,70,70,70,70,70,70,70,70,70,70,70,70,70,70,70,70,70,70,70,70,70,70,70,70,70,70],"card_choices":[{"not_picked":["Deflect","Prepared"],"picked":"Flying Knee","floor":1},{"not_picked":["Slice+1","Finisher+1"],"picked":"Prepared","floor":6},{"not_picked":["Deflect","Reflex"],"picked":"Blade Dance","floor":11},{"not_picked":["Slice+1","Bouncing Flask"],"picked":"After Image","floor":13},{"not_picked":["Venomology","Grand Finale+1"],"picked":"Corpse Explosion","floor":16},{"not_picked":["Flechettes+1","Choke+1"],"picked":"Footwork","floor":18},{"not_picked":["Well Laid Plans","Underhanded Strike+1"],"picked":"Footwork+1","floor":19},{"not_picked":["Endless Agony+1","Dagger Spray+1"],"picked":"Flying Knee+1","floor":20},{"not_picked":["Leg Sweep","Setup"],"picked":"Slice+1","floor":21},{"not_picked":["Envenom","Flechettes+1"],"picked":"Noxious Fumes","floor":23},{"not_picked":["Dagger Throw+1","PiercingWail+1"],"picked":"Blade Dance","floor":27},{"not_picked":["Finisher+1","Blade Dance"],"picked":"Skewer+1","floor":28},{"not_picked":["Finisher+1","Slice+1"],"picked":"Catalyst+1","floor":31},{"not_picked":["Envenom","Tools of the Trade"],"picked":"Die Die Die+1","floor":33},{"not_picked":["Footwork","Caltrops+1"],"picked":"Bane+1","floor":35},{"not_picked":["Dagger Spray+1","Dash+1"],"picked":"Deadly Poison+1","floor":36},{"not_picked":["PanicButton","Mayhem"],"picked":"Mind Blast+1","floor":39},{"not_picked":["Prepared+1","Choke+1","Storm of Steel"],"picked":"SKIP","floor":42},{"not_picked":["Predator+1","Heel Hook+1"],"picked":"Footwork","floor":45},{"not_picked":["Caltrops+1","Crippling Poison"],"picked":"Flying Knee+1","floor":45},{"not_picked":["Underhanded Strike+1","Finisher+1"],"picked":"Infinite Blades+1","floor":47},{"not_picked":["Riddle With Holes+1","Flying Knee+1"],"picked":"Catalyst+1","floor":47},{"not_picked":["Dodge and Roll+1","Blade Dance+1"],"picked":"Catalyst+1","floor":48},{"not_picked":["Finisher+1","Underhanded Strike+1","Blade Dance"],"picked":"SKIP","floor":48},{"not_picked":["Well Laid Plans+1","Caltrops","Backflip"],"picked":"SKIP","floor":54}],"player_experience":203149,"relics_obtained":[{"floor":6,"key":"CeramicFish"},{"floor":9,"key":"Whetstone"},{"floor":11,"key":"WingedGreaves"},{"floor":13,"key":"TungstenRod"},{"floor":20,"key":"Red Mask"},{"floor":23,"key":"Peace Pipe"},{"floor":31,"key":"Smiling Mask"},{"floor":36,"key":"Prayer Wheel"},{"floor":42,"key":"Art of War"},{"floor":43,"key":"Mummified Hand"},{"floor":54,"key":"Sundial"}],"event_choices":[{"damage_healed":0,"gold_gain":0,"player_choice":"Success","damage_taken":12,"relics_obtained":["Molten Egg 2"],"max_hp_gain":0,"max_hp_loss":0,"event_name":"Scrap Ooze","floor":2,"gold_loss":0},{"damage_healed":17,"gold_gain":0,"player_choice":"Healed","damage_taken":0,"max_hp_gain":0,"max_hp_loss":0,"event_name":"The Cleric","floor":3,"gold_loss":35},{"cards_removed":["Strike_G"],"damage_healed":0,"gold_gain":0,"player_choice":"Card Removal","damage_taken":7,"max_hp_gain":0,"max_hp_loss":0,"event_name":"Golden Wing","floor":4,"gold_loss":0},{"damage_healed":0,"gold_gain":0,"player_choice":"Entered Light","damage_taken":14,"max_hp_gain":0,"max_hp_loss":0,"event_name":"Shining Light","floor":14,"gold_loss":0,"cards_upgraded":["Defend_G","Defend_G"]},{"damage_healed":0,"gold_gain":0,"player_choice":"Fought Bandits","damage_taken":0,"max_hp_gain":0,"max_hp_loss":0,"event_name":"Masked Bandits","floor":20,"gold_loss":0},{"damage_healed":0,"gold_gain":0,"player_choice":"Fight","damage_taken":0,"max_hp_gain":0,"max_hp_loss":0,"event_name":"MindBloom","floor":36,"gold_loss":0},{"cards_removed":["Crippling Poison"],"damage_healed":0,"gold_gain":0,"player_choice":"Removed Skill","damage_taken":0,"max_hp_gain":0,"max_hp_loss":0,"event_name":"Falling","floor":38,"gold_loss":0},{"damage_healed":0,"gold_gain":0,"player_choice":"Memory 1","damage_taken":0,"max_hp_gain":0,"max_hp_loss":0,"event_name":"SensoryStone","floor":39,"gold_loss":0}],"is_beta":false,"boss_relics":[{"not_picked":["Runic Pyramid","Coffee Dripper"],"picked":"Empty Cage"},{"not_picked":["SacredBark","Astrolabe"],"picked":"Ring of the Serpent"}],"items_purged_floors":[24,37],"is_endless":false,"potions_floor_spawned":[11,13,19,27,28,31,36,42,48],"killed_by":"The Heart","ascension_level":3}}