{"host":"mw3dmj42qtkbha4b","time":1612185116,"event":{"mods":["BaseMod","Colored Map","Colored Powertips","DeckTracker","Minty Spire (QoL Compilation)","StSLib","SuperFastMode"],"gold_per_floor":[369,294,219,219,53,53,73,87,87,113,113,148,148,159,159,159,159],"floor_reached":16,"language":"KOR","playtime":369,"items_purged":["Strike_P"],"score":216,"play_id":"cd85f01a-fa0e-4cc5-804e-bf4874891d7b","local_time":"20210201221156","is_ascension_mode":true,"campfire_choices":[{"data":"Eruption","floor":6.0,"key":"SMITH"},{"floor":13.0,"key":"REST"},{"data":"LessonLearned","floor":15.0,"key":"SMITH"}],"circlet_count":0,"master_deck":["AscendersBane","Strike_P","Strike_P","Strike_P+1","Defend_P","Defend_P","Defend_P","Eruption+1","Vigilance","LessonLearned+1"],"relics":["PureWater","Pen Nib","HandDrill","StrikeDummy","Prayer Wheel","Bag of Marbles"],"acts_visited":["Exordium"],"potions_floor_usage":[],"damage_taken":[{"damage":2.0,"enemies":"Jaw Worm","floor":1.0,"turns":4.0},{"damage":0.0,"enemies":"2 Louse","floor":7.0,"turns":3.0},{"damage":0.0,"enemies":"Cultist","floor":8.0,"turns":3.0},{"damage":22.0,"enemies":"Lagavulin","floor":10.0,"turns":5.0},{"damage":3.0,"enemies":"Gremlin Nob","floor":12.0,"turns":3.0},{"damage":0.0,"enemies":"Blue Slaver","floor":14.0,"turns":1.0},{"damage":31,"enemies":"Hexaghost","floor":16,"turns":7}],"seed_played":"4984010331467127365","potions_obtained":[{"floor":1.0,"key":"Dexterity Potion"},{"floor":12.0,"key":"SteroidPotion"}],"is_trial":false,"path_per_floor":["M","?","$","?","$","R","M","M","T","E","?","E","R","M","R","B"],"character_chosen":"WATCHER","items_purchased":["HandDrill"],"campfire_rested":1,"item_purchase_floors":[5],"current_hp_per_floor":[41,41,41,36,36,36,36,36,36,14,14,11,31,31,31,0,0],"gold":159,"neow_bonus":"TWO_FIFTY_GOLD","is_daily":false,"chose_seed":false,"campfire_upgraded":2,"win_rate":0.0,"timestamp":1612185116,"path_taken":["M","?","$","?","$","R","M","M","T","E","?","E","R","M","R","BOSS"],"items_purchased_type":["Relic"],"build_version":"2020-12-22","purchased_purges":1,"victory":false,"max_hp_per_floor":[68,68,68,68,68,68,68,68,68,68,68,68,68,68,68,68,68],"card_choices":[{"not_picked":["Weave","EmptyMind","Wallop"],"picked":"SKIP","floor":1.0},{"not_picked":["Conclude","CarveReality","JustLucky"],"picked":"SKIP","floor":7.0},{"not_picked":["ThirdEye","WaveOfTheHand","Weave"],"picked":"SKIP","floor":8.0},{"not_picked":["Halt","EmptyFist","Prostrate"],"picked":"SKIP","floor":10.0},{"not_picked":["Sanctity","Nirvana","Tantrum"],"picked":"SKIP","floor":12.0},{"not_picked":["ClearTheMind","MasterReality","Wireheading"],"picked":"SKIP","floor":14.0},{"not_picked":["Fasting2","EmptyFist","ClearTheMind"],"picked":"SKIP","floor":14.0}],"player_experience":1775665,"relics_obtained":[{"floor":9.0,"key":"StrikeDummy"},{"floor":10.0,"key":"Prayer Wheel"},{"floor":12.0,"key":"Bag of Marbles"}],"event_choices":[{"cards_removed":["Defend_P"],"damage_healed":0.0,"max_hp_gain":0.0,"max_hp_loss":0.0,"gold_gain":0.0,"event_name":"The Cleric","player_choice":"Card Removal","floor":2.0,"gold_loss":75.0,"damage_taken":0.0},{"damage_healed":0.0,"max_hp_gain":0.0,"max_hp_loss":0.0,"gold_gain":0.0,"event_name":"Scrap Ooze","player_choice":"Success","floor":4.0,"gold_loss":0.0,"damage_taken":5.0,"relics_obtained":["Pen Nib"]},{"damage_healed":0.0,"max_hp_gain":0.0,"max_hp_loss":0.0,"gold_gain":0.0,"event_name":"Match and Keep!","player_choice":"1 cards matched","floor":11.0,"gold_loss":0.0,"damage_taken":0.0,"cards_obtained":["LessonLearned"]}],"is_beta":false,"boss_relics":[],"items_purged_floors":[3],"is_endless":false,"potions_floor_spawned":[1,12],"killed_by":"Hexaghost","ascension_level":20}}