{"host":"o3b7ow6d1xe49css","time":1612139372,"event":{"mods":["Act Like it!","Aspiration","BaseMod","Bestiary","Better Altar","Better Match","Better Note","Better Sensory Stone","Better Skull","Better Third Choice","Colored Powertips","Conspire","Energized Spire","Force Act Four","GifTheSpireLib","Halation","Hermit","Hubris","Infinite Spire","Lobotomy","Minty Spire (QoL Compilation)","Quick Restart","Rare Cards Sparkle","Relic Filter Mod","Reliquary","Replay The Spire","Spicy Shops","Spikes Relics","Spire Arcade","StSLib","Stuff the Spire","The Blue Laboratory","Wandering Minibosses"],"gold_per_floor":[110,121,137,149,159,191,217,249,249,259,259,115,115,141,141,238,238,249,261,273,293,568,568,568,585,611,611,56,72,72,72],"floor_reached":30,"language":"ENG","playtime":1223,"items_purged":["Pain","Regret","Scorched"],"score":314,"play_id":"70cdd799-f1ba-452c-9f5f-404f6107c623","local_time":"20210131152932","daily_mods":["Heirloom","Flight"],"is_ascension_mode":false,"campfire_choices":[{"data":"hermit:CursedWeapon","floor":11,"key":"SMITH"},{"data":"hermit:Dive","floor":13,"key":"SMITH"},{"data":"hermit:Roughhouse","floor":15,"key":"SMITH"},{"data":"hermit:HeroicBravado","floor":23,"key":"SMITH"},{"floor":27,"key":"RECALL"}],"circlet_count":0,"master_deck":["hermit:Strike_Hermit","hermit:Strike_Hermit","hermit:Strike_Hermit","hermit:Strike_Hermit","hermit:Defend_Hermit","hermit:Defend_Hermit","hermit:Defend_Hermit","hermit:Defend_Hermit","hermit:Snapshot","hermit:Covet","OldLady","hermit:Glare","hermit:Dive+1","UniverseFragment","hermit:SprayPray","hermit:Horror","hermit:CursedWeapon+1","hermit:TakeAim+1","hermit:Roughhouse+1","hermit:RoundhouseKick","hermit:Headshot+1","hermit:HeroicBravado+1","hermit:Snipe","hermit:Snipe+1"],"relics":["hermit:Momento","Ring of Chaos","Mango","CogitoBucket","infinitespire:Joker Card","StuffTheSpire:Barrel","Snack Pack","infinitespire:EmpoweringShard","BehaviorAdjustment","ReplayTheSpireMod:CursedCoin","ClockworkSouvenir","aspiration:HummingbirdHeart","Replay:Grab Bag","hubris:GrandSneckoEye","Sozu","halation:Prosthetics","ResearcherNote","wanderingMiniBosses:CarrionFlame","reliquary:ExpiredCoupon","conspire:BottledYoYo","Vajra"],"acts_visited":["Exordium","TheCity"],"potions_floor_usage":[6,7,16],"damage_taken":[{"damage":0,"enemies":"2 Louse","floor":1,"turns":2},{"damage":0,"enemies":"Cultist","floor":2,"turns":2},{"damage":6,"enemies":"Jaw Worm","floor":3,"turns":2},{"damage":0,"enemies":"Red Slaver","floor":4,"turns":2},{"damage":0,"enemies":"Lots of Slimes","floor":5,"turns":1},{"damage":12,"enemies":"Gremlin Nob","floor":6,"turns":3},{"damage":15,"enemies":"Lagavulin","floor":7,"turns":5},{"damage":14,"enemies":"Gremlin Nob","floor":8,"turns":4},{"damage":0,"enemies":"2 Fungi Beasts","floor":10,"turns":1},{"damage":13,"enemies":"3 Sentries","floor":14,"turns":4},{"damage":8,"enemies":"Fading Forest","floor":16,"turns":11},{"damage":1,"enemies":"Spheric Guardian","floor":18,"turns":2},{"damage":2,"enemies":"Chosen","floor":19,"turns":3},{"damage":5,"enemies":"Snecko","floor":20,"turns":8},{"damage":8,"enemies":"Chosen and Byrds","floor":21,"turns":5},{"damage":2,"enemies":"Snake Plant","floor":25,"turns":1},{"damage":1,"enemies":"Centurion and Healer","floor":29,"turns":3},{"damage":49,"enemies":"Nightmare","floor":30,"turns":4}],"seed_played":"5103030681978608810","potions_obtained":[{"floor":1,"key":"Weak Potion"},{"floor":4,"key":"LiquidMemories"},{"floor":7,"key":"blueLaboratory:ExaltedPotion"},{"floor":8,"key":"blueLaboratory:BottleOfVodka"}],"is_trial":true,"path_per_floor":["M","M","M","M","M","E","E","E","T","M","R","$","R","E","R","B",null,"M","M","M","M","?","R","AVR","M","T","R","$","M","NM"],"character_chosen":"HERMIT","items_purchased":["hermit:TakeAim+1","ReplayTheSpireMod:CursedCoin","ClockworkSouvenir","hermit:Snipe+1","conspire:BottledYoYo","Vajra"],"campfire_rested":0,"item_purchase_floors":[12,12,12,28,28,28],"current_hp_per_floor":[89,89,83,83,83,71,56,42,42,42,42,42,42,29,29,41,54,54,52,49,45,45,45,45,43,43,43,43,42,0,0],"gold":72,"neow_bonus":"","is_daily":false,"chose_seed":false,"campfire_upgraded":4,"win_rate":0.0,"timestamp":1612139372,"path_taken":["M","M","M","M","M","E","E","E","T","M","R","$","R","E","R","BOSS","M","M","M","?","?","R","AVR","M","T","R","$","?","NM"],"items_purchased_type":["Card","Relic","Relic","Card","Relic","Relic"],"build_version":"2020-12-22","purchased_purges":3,"victory":false,"max_hp_per_floor":[89,89,89,89,89,89,89,89,89,89,89,89,89,89,89,89,54,54,54,54,54,54,54,54,54,54,54,54,54,54,54],"card_choices":[{"not_picked":["SpiderBud","BeautyBeast"],"picked":"Scorched","floor":1},{"not_picked":["hermit:WideOpen","hermit:Midnight","hermit:SprayPray"],"picked":"SKIP","floor":1},{"not_picked":["LaLuna","PunishingBird","CherryBlossoms"],"picked":"Singing Bowl","floor":2},{"not_picked":["FairyFestival","BeautyBeast"],"picked":"OldLady","floor":2},{"not_picked":["hermit:Maintenance","hermit:Vantage"],"picked":"hermit:Glare","floor":2},{"not_picked":["MHz","Murderer","CherryBlossoms"],"picked":"Singing Bowl","floor":3},{"not_picked":["hermit:Maintenance","hermit:Manifest"],"picked":"hermit:Dive","floor":3},{"not_picked":["Funeral","FairyFestival"],"picked":"UniverseFragment","floor":4},{"not_picked":["hermit:OverwhelmingPower","hermit:Maintenance"],"picked":"hermit:SprayPray","floor":4},{"not_picked":["FairyFestival","MeatLantern","WhiteNight"],"picked":"Singing Bowl","floor":5},{"not_picked":["hermit:SprayPray","hermit:Shortfuse"],"picked":"hermit:Horror","floor":5},{"not_picked":["CrumblingArmor","Wellcheers","FairyFestival"],"picked":"Singing Bowl","floor":6},{"not_picked":["hermit:Virtue","hermit:LowProfile","hermit:FullyLoaded"],"picked":"SKIP","floor":6},{"not_picked":["ShyLook","DespairKnight","MHz"],"picked":"Singing Bowl","floor":7},{"not_picked":["hermit:SprayPray","hermit:CalledShot","hermit:Scavenge"],"picked":"SKIP","floor":7},{"not_picked":["Rudolta","LittlePrince","MeatLantern"],"picked":"Singing Bowl","floor":8},{"not_picked":["hermit:CalledShot","hermit:Desperado"],"picked":"hermit:CursedWeapon","floor":8},{"not_picked":["SpiderBud","Murderer","MeatLantern"],"picked":"Singing Bowl","floor":10},{"not_picked":["hermit:TakeAim","hermit:LoneWolf","hermit:Malice"],"picked":"SKIP","floor":10},{"not_picked":["WallGazer","Freischutz","QueenBee"],"picked":"Singing Bowl","floor":14},{"not_picked":["hermit:HighCaliber","hermit:ItchyTrigger"],"picked":"hermit:Roughhouse","floor":14},{"not_picked":["CherryBlossoms","BeautyBeast","HappyTeddy"],"picked":"Singing Bowl","floor":16},{"not_picked":["hermit:Purgatory","hermit:HeroicBravado"],"picked":"hermit:RoundhouseKick","floor":16},{"not_picked":["MHz","Murderer","CherryBlossoms"],"picked":"Singing Bowl","floor":18},{"not_picked":["hermit:Vantage+1","hermit:Misfire","hermit:ShadowCloak"],"picked":"SKIP","floor":18},{"not_picked":["LongBird","SpiderBud","Funeral"],"picked":"Singing Bowl","floor":19},{"not_picked":["hermit:Grudge","hermit:EternalForm","hermit:SprayPray"],"picked":"SKIP","floor":19},{"not_picked":["Wellcheers","MHz","ShyLook"],"picked":"Singing Bowl","floor":20},{"not_picked":["hermit:NoHoldsBarred+1","hermit:Feint"],"picked":"hermit:Headshot+1","floor":20},{"not_picked":["MeatLantern","SpiderBud","ShyLook"],"picked":"Singing Bowl","floor":21},{"not_picked":["hermit:Headshot","hermit:Misfire"],"picked":"hermit:HeroicBravado","floor":21},{"not_picked":["MeatLantern","BeautyBeast","Freischutz"],"picked":"Singing Bowl","floor":25},{"not_picked":["hermit:Misfire","hermit:Quickdraw"],"picked":"hermit:Snipe","floor":25},{"not_picked":["Porccubus","MeltingLove","FieryBird"],"picked":"Singing Bowl","floor":29},{"not_picked":["hermit:BodyArmor","hermit:LuckOfTheDraw+1","hermit:CalledShot"],"picked":"SKIP","floor":29}],"player_experience":1238099,"relics_obtained":[{"floor":6,"key":"infinitespire:Joker Card"},{"floor":7,"key":"StuffTheSpire:Barrel"},{"floor":8,"key":"Snack Pack"},{"floor":9,"key":"infinitespire:EmpoweringShard"},{"floor":14,"key":"aspiration:HummingbirdHeart"},{"floor":21,"key":"wanderingMiniBosses:CarrionFlame"}],"event_choices":[{"damage_healed":0,"gold_gain":275,"player_choice":"Desecrate","damage_taken":0,"max_hp_gain":0,"max_hp_loss":0,"event_name":"Golden Shrine","floor":22,"gold_loss":0,"cards_obtained":["Regret"]}],"is_beta":false,"boss_relics":[{"not_picked":["reliquary:Craggleroot","aspiration:SilentSkillbook"],"picked":"Replay:Grab Bag"},{"not_picked":["halation:CatFaceCupcake","halation:IncompleteEncyclopedia"],"picked":"hubris:GrandSneckoEye"},{"not_picked":["Philosopher\u0027s Stone","infinitespire:Cupcake"],"picked":"Sozu"},{"not_picked":["halation:MonkeysPaw","Empty Cage"],"picked":"halation:Prosthetics"}],"items_purged_floors":[12,24,28],"is_endless":false,"potions_floor_spawned":[1,4,7,8,19,20],"killed_by":"Nightmare","ascension_level":0}}