{"host":"21ilc3txkeir89i9","time":1612146685,"event":{"mods":["BaseMod","BetterRewards","Block Reminder","Card Forge","Hermit","Minty Spire (QoL Compilation)","Spicy Shops","StSLib","The Jungle"],"gold_per_floor":[116,116,22,22,22,22,51,51,51,16,32,61,74,74,74,173,173,188,204,204,15,15,45,45,56,56,90,90,14,42,65,74,188,188,213,271,289,289,320,327,327],"floor_reached":40,"language":"ENG","playtime":2137,"items_purged":[],"score":653,"play_id":"4191c00b-1952-4e82-938e-fe4408c680b4","local_time":"20210131183125","is_ascension_mode":true,"campfire_choices":[{"floor":6,"key":"RECALL"},{"floor":15,"key":"REST"},{"floor":24,"key":"REST"},{"floor":32,"key":"REST"}],"circlet_count":0,"master_deck":["hermit:Strike_Hermit+1","hermit:Strike_Hermit+1","hermit:Strike_Hermit+1","hermit:Defend_Hermit+1","hermit:Defend_Hermit+1","hermit:Defend_Hermit+1","hermit:Defend_Hermit+1","hermit:Snapshot+1","hermit:Covet+1","hermit:Ricochet+1","hermit:Dive+1","hermit:Midnight+1","hermit:Headshot+1","hermit:Deadeye+1","hermit:Snipe+1","hermit:GhostlyPresence+1","hermit:HeroicBravado+1","hermit:Manifest+1","hermit:OverwhelmingPower+1","hermit:Ricochet+1","hermit:Headshot+1","RitualDagger+1","Secret Technique+1","hermit:PistolWhip+1","hermit:Spite+1","hermit:Malice+1","Decay","hermit:BigShot+1","hermit:Grudge+1","hermit:Magnum+1","hermit:Scavenge+1","hermit:Feint+1","Flash of Steel+1","Bandage Up+1","hermit:TakeAim+1"],"relics":["hermit:Momento","Hammer of Thor","Seething Fire","Anvil of the Gods","Unceasing Top","Bronze Scales","Blood Vial","Thread and Needle","StoneCalendar","Lantern","Mercury Hourglass","Whetstone","Turnip","Mango","Dream Catcher","CeramicFish","Oddly Smooth Stone","SacredBark","Girya"],"acts_visited":["Exordium","TheCity","TheBeyond"],"potions_floor_usage":[12],"damage_taken":[{"damage":0,"enemies":"Cultist","floor":1,"turns":3},{"damage":18,"enemies":"Lagavulin","floor":7,"turns":5},{"damage":8,"enemies":"Jaw Worm","floor":8,"turns":1},{"damage":0,"enemies":"2 Louse","floor":11,"turns":2},{"damage":5,"enemies":"3 Sentries","floor":12,"turns":4},{"damage":0,"enemies":"2 Fungi Beasts","floor":13,"turns":2},{"damage":20,"enemies":"Hexaghost","floor":16,"turns":7},{"damage":8,"enemies":"Spheric Guardian","floor":18,"turns":3},{"damage":2,"enemies":"Chosen","floor":19,"turns":3},{"damage":7,"enemies":"Book of Stabbing","floor":23,"turns":4},{"damage":3,"enemies":"Centurion and Healer","floor":25,"turns":4},{"damage":22,"enemies":"Slavers","floor":27,"turns":3},{"damage":4,"enemies":"Book of Stabbing","floor":30,"turns":4},{"damage":20,"enemies":"Collector","floor":33,"turns":9},{"damage":7,"enemies":"Orb Walker","floor":35,"turns":3},{"damage":28,"enemies":"2 Orb Walkers","floor":36,"turns":4},{"damage":28,"enemies":"3 Darklings","floor":39,"turns":3},{"damage":35,"enemies":"Reptomancer","floor":40,"turns":2}],"seed_played":"3722302022028840039","potions_obtained":[{"floor":7,"key":"GamblersBrew"},{"floor":8,"key":"SpeedPotion"},{"floor":13,"key":"FearPotion"},{"floor":19,"key":"Dexterity Potion"},{"floor":30,"key":"Swift Potion"},{"floor":39,"key":"Strength Potion"}],"is_trial":false,"path_per_floor":["M","?","$","?","$","R","E","M","T","?","M","E","M","?","R","B",null,"M","M","?","$","?","E","R","M","T","E","?","$","E","T","R","B",null,"M","?","?","?","M","E"],"character_chosen":"HERMIT","items_purchased":["hermit:Ricochet","hermit:Dive","Unceasing Top","Bronze Scales","Blood Vial","hermit:Midnight","Thread and Needle","Secret Technique","hermit:BigShot"],"campfire_rested":3,"item_purchase_floors":[0,0,0,0,0,0,3,21,29],"current_hp_per_floor":[75,75,75,72,72,72,56,50,50,68,70,67,69,69,75,55,75,67,67,61,61,61,56,75,72,86,66,66,66,64,64,89,69,89,82,56,51,51,31,0,0],"gold":327,"neow_bonus":"","is_daily":false,"chose_seed":false,"campfire_upgraded":0,"win_rate":0.0,"timestamp":1612146685,"path_taken":["M","?","$","?","?","R","E","M","T","?","M","E","M","?","R","BOSS","M","M","?","$","?","E","R","M","T","E","?","$","E","?","R","BOSS","M","?","?","?","M","E"],"items_purchased_type":["Card","Card","Relic","Relic","Relic","Card","Relic","Card","Card"],"build_version":"2020-12-22","purchased_purges":0,"victory":false,"max_hp_per_floor":[75,75,75,75,75,75,75,75,75,75,75,75,75,75,75,75,75,75,75,75,75,75,75,75,75,89,89,89,89,89,89,89,89,89,89,89,89,89,89,89,89],"card_choices":[{"not_picked":["hermit:Horror","hermit:HoleUp"],"picked":"hermit:Headshot","floor":1},{"not_picked":["hermit:Roughhouse","hermit:LowProfile"],"picked":"hermit:Deadeye","floor":7},{"not_picked":["hermit:Roulette","hermit:Feint"],"picked":"hermit:Snipe","floor":8},{"not_picked":["hermit:Misfire","hermit:Feint"],"picked":"hermit:GhostlyPresence","floor":11},{"not_picked":["hermit:LowProfile","hermit:LoneWolf"],"picked":"hermit:HeroicBravado","floor":12},{"not_picked":["hermit:Headshot","hermit:Feint"],"picked":"hermit:Manifest","floor":13},{"not_picked":["hermit:HeroicBravado","hermit:EternalForm"],"picked":"hermit:OverwhelmingPower","floor":16},{"not_picked":["hermit:WideOpen","hermit:DeadMansHand"],"picked":"hermit:Ricochet","floor":18},{"not_picked":["hermit:Determination+1","hermit:Shortfuse"],"picked":"hermit:Headshot","floor":19},{"not_picked":["hermit:BodyArmor","hermit:LoneWolf"],"picked":"hermit:PistolWhip","floor":23},{"not_picked":["hermit:Roughhouse","hermit:Quickdraw"],"picked":"hermit:Spite+1","floor":25},{"not_picked":["hermit:Roulette+1","hermit:Dissolve"],"picked":"hermit:Malice","floor":27},{"not_picked":["hermit:WideOpen","hermit:BigShot"],"picked":"hermit:Grudge","floor":30},{"not_picked":["hermit:LowProfile+1","hermit:Vantage"],"picked":"hermit:Determination","floor":32},{"not_picked":["hermit:BlackWind","hermit:FatalDesire"],"picked":"hermit:Magnum","floor":33},{"not_picked":["hermit:LowProfile+1","hermit:TrackingShot"],"picked":"hermit:Scavenge+1","floor":35},{"not_picked":["hermit:Vantage+1","hermit:Ricochet"],"picked":"hermit:Feint+1","floor":36},{"not_picked":["Enlightenment","Discovery"],"picked":"Flash of Steel","floor":37},{"not_picked":["Chrysalis","Dark Shackles"],"picked":"Bandage Up","floor":37},{"not_picked":["hermit:LowProfile+1","hermit:Showdown+1"],"picked":"hermit:TakeAim","floor":39}],"player_experience":268434,"relics_obtained":[{"floor":7,"key":"Lantern"},{"floor":9,"key":"Mercury Hourglass"},{"floor":12,"key":"Whetstone"},{"floor":23,"key":"Turnip"},{"floor":26,"key":"Mango"},{"floor":27,"key":"Dream Catcher"},{"floor":30,"key":"CeramicFish"},{"floor":31,"key":"Oddly Smooth Stone"},{"floor":36,"key":"Girya"}],"event_choices":[{"damage_healed":0,"gold_gain":0,"player_choice":"Ignored","damage_taken":0,"max_hp_gain":0,"max_hp_loss":0,"event_name":"Shining Light","floor":2,"gold_loss":0},{"damage_healed":0,"gold_gain":0,"player_choice":"Success","damage_taken":3,"relics_obtained":["StoneCalendar"],"max_hp_gain":0,"max_hp_loss":0,"event_name":"Scrap Ooze","floor":4,"gold_loss":0},{"damage_healed":18,"gold_gain":0,"player_choice":"Healed","damage_taken":0,"max_hp_gain":0,"max_hp_loss":0,"event_name":"The Cleric","floor":10,"gold_loss":35},{"damage_healed":0,"gold_gain":0,"player_choice":"Ignored","damage_taken":0,"max_hp_gain":0,"max_hp_loss":0,"event_name":"Upgrade Shrine","floor":14,"gold_loss":0},{"damage_healed":0,"gold_gain":0,"player_choice":"Joined the Cult","damage_taken":6,"max_hp_gain":0,"max_hp_loss":0,"event_name":"Nest","floor":20,"gold_loss":0,"cards_obtained":["RitualDagger"]},{"damage_healed":0,"gold_gain":0,"player_choice":"Ignored","damage_taken":0,"max_hp_gain":0,"max_hp_loss":0,"event_name":"Ghosts","floor":22,"gold_loss":0},{"damage_healed":0,"gold_gain":0,"player_choice":"Smashed Altar","damage_taken":0,"max_hp_gain":0,"max_hp_loss":0,"event_name":"Forgotten Altar","floor":28,"gold_loss":0,"cards_obtained":["Decay"]},{"damage_healed":0,"gold_gain":0,"player_choice":"Fight","damage_taken":0,"max_hp_gain":0,"max_hp_loss":0,"event_name":"Mysterious Sphere","floor":36,"gold_loss":0},{"damage_healed":0,"gold_gain":0,"player_choice":"Memory 2","damage_taken":5,"max_hp_gain":0,"max_hp_loss":0,"event_name":"SensoryStone","floor":37,"gold_loss":0},{"cards_removed":["hermit:Determination"],"damage_healed":0,"gold_gain":0,"player_choice":"Removed Power","damage_taken":0,"max_hp_gain":0,"max_hp_loss":0,"event_name":"Falling","floor":38,"gold_loss":0}],"is_beta":false,"boss_relics":[{"not_picked":["Coffee Dripper","Velvet Choker","Ectoplasm"]},{"not_picked":["hermit:BartenderGlass","Astrolabe"],"picked":"SacredBark"}],"items_purged_floors":[],"is_endless":false,"potions_floor_spawned":[7,8,13,19,30,33,39],"killed_by":"Reptomancer","ascension_level":1}}