{"host":"1vzdexsn8vtq5lt7","time":1612167381,"event":{"mods":["Act Like it!","BaseMod","Colored Map","Colored Powertips","Conspire","Downfall","Easy Mod","Energized Spire","Minty Spire (QoL Compilation)","Quick Restart","Relic Stats","Replay The Spire","StSLib","SuperFastMode","TestMod","【功能Mod】Neow奖励","【功能Mod】混沌之环修复补丁","【功能Mod】精心准备","【遗物卡牌】REMEMod","没有小屋子和绿帽子啦"],"gold_per_floor":[116,136,61,61,61,61,61],"floor_reached":6,"language":"ZHS","playtime":176,"items_purged":["Strike_G"],"score":54,"play_id":"825214f4-952e-471b-aa42-063cb0440001","local_time":"20210201161621","is_ascension_mode":true,"campfire_choices":[],"circlet_count":0,"master_deck":["EasyMod:card_1","AscendersBane","Strike_G","Strike_G","Strike_G","Strike_G","Defend_G","Defend_G","Defend_G","Defend_G","Survivor","Neutralize","Tools of the Trade+1","Prepared+1","Choke+1"],"relics":["REME_ComplimentaryCards","testmod-BloodSacrificeSpiritualization","EasyMod:Easy_3","Ring of Chaos","Golden Idol"],"acts_visited":["Exordium"],"potions_floor_usage":[],"damage_taken":[{"damage":10,"enemies":"Jaw Worm","floor":1,"turns":8},{"damage":12,"enemies":"2 Louse","floor":2,"turns":3},{"damage":36,"enemies":"Gremlin Nob","floor":6,"turns":3}],"seed_played":"-908231743183149427","potions_obtained":[],"is_trial":false,"path_per_floor":["M","M","$","?","?","E"],"character_chosen":"THE_SILENT","items_purchased":[],"campfire_rested":0,"item_purchase_floors":[],"current_hp_per_floor":[53,43,43,43,26,0,0],"gold":61,"neow_bonus":"BOSS_RELIC","is_daily":false,"chose_seed":false,"campfire_upgraded":0,"win_rate":0.0,"timestamp":1612167381,"path_taken":["M","M","$","?","?","E"],"items_purchased_type":[],"build_version":"2020-12-22","purchased_purges":1,"victory":false,"max_hp_per_floor":[70,70,70,70,70,70,70],"relic_stats":{"counters":[3,14],"Golden Idol":0,"obtain_stats":[{"EasyMod:Easy_3":0,"testmod-TestBox":0,"Golden Idol":5,"Ring of Chaos":0,"testmod-BloodSacrificeSpiritualization":0,"Ring of the Snake":0,"REME_ComplimentaryCards":0},{"EasyMod:Easy_3":0,"testmod-TestBox":0,"Golden Idol":2,"Ring of Chaos":0,"testmod-BloodSacrificeSpiritualization":0,"Ring of the Snake":0,"REME_ComplimentaryCards":0},{"EasyMod:Easy_3":0,"testmod-TestBox":0,"Golden Idol":11,"Ring of Chaos":0,"testmod-BloodSacrificeSpiritualization":0,"Ring of the Snake":0,"REME_ComplimentaryCards":0}]},"card_choices":[{"not_picked":["Outmaneuver","Acrobatics"],"picked":"Prepared","floor":1},{"not_picked":["Catalyst","Deadly Poison"],"picked":"Choke","floor":2}],"player_experience":252092,"relics_obtained":[],"event_choices":[{"damage_healed":0,"gold_gain":0,"player_choice":"Take Damage","damage_taken":17,"relics_obtained":["Golden Idol"],"max_hp_gain":0,"max_hp_loss":0,"event_name":"Golden Idol","floor":5,"gold_loss":0}],"is_beta":false,"boss_relics":[],"items_purged_floors":[3],"is_endless":false,"potions_floor_spawned":[],"killed_by":"Gremlin Nob","ascension_level":12}}