{"host":"xr8r2flpb2i2fv48","time":1612211204,"event":{"mods":["2.2 Compatiblity","Act Like it!","Arknights","BaseMod","Better Note","Better Third Choice","Downfall","Gensokyo","Hallownest","Hermit","Lobotomy","LobotomyExtend","Marisa????????","Minty Spire (QoL Compilation)","Reimu??????","Replay The Spire","StSLib","The Bug Knight","The Cursed","The Gatherer","The Marked","The Runesmith","The Spell Scribe","TheSwordswoman","TheVacant","egg"],"gold_per_floor":[118,218,233,244,264,290,290,301,301,321,400,400,400,419,419,419,419],"floor_reached":16,"language":"ENG","playtime":1959,"items_purged":[],"score":104,"play_id":"205ba63c-e6e9-4ab3-bea4-c4c0e34dd51a","local_time":"20210201212644","is_ascension_mode":false,"campfire_choices":[{"data":"ats:Neurotoxin","floor":7,"key":"SMITH"},{"data":"ats:Poison Spread","floor":12,"key":"SMITH"},{"data":"ats:Armor Crushing Shot","floor":15,"key":"SMITH"}],"circlet_count":0,"master_deck":["ats:Strike C","ats:Strike G","ats:Strike S","ats:Strike V","ats:Armor Crushing Shot+1","ats:Defend","ats:Defend","ats:Defend","ats:Defend","ats:Emotion Absorption","ats:Rat Pack","ats:Leaping Hammer","ats:Neurotoxin+1","ats:Poison Spread+1","ats:Directed Diagnosis","ats:Leaping Hammer","ats:Composite Medical Shells","ats:Poison Spread"],"relics":["ats:Sanity","LetterFromLob","ats:Originium","Replay:Bottled Flurry","Strawberry","Boot"],"acts_visited":["Exordium"],"potions_floor_usage":[6,6,10,16],"damage_taken":[{"damage":6,"enemies":"Jaw Worm","floor":1,"turns":5},{"damage":6,"enemies":"Cultist","floor":3,"turns":3},{"damage":3,"enemies":"2 Louse","floor":4,"turns":5},{"damage":3,"enemies":"Exordium Wildlife","floor":5,"turns":7},{"damage":8,"enemies":"Gremlin Nob","floor":6,"turns":4},{"damage":11,"enemies":"Red Slaver","floor":8,"turns":5},{"damage":12,"enemies":"Looter","floor":10,"turns":4},{"damage":9,"enemies":"Blue Slaver","floor":14,"turns":6},{"damage":43,"enemies":"The Guardian","floor":16,"turns":8}],"seed_played":"1474544179021994258","potions_obtained":[{"floor":3,"key":"Fire Potion"},{"floor":4,"key":"Energy Potion"},{"floor":5,"key":"sneckomod:MuddlingPotion"},{"floor":8,"key":"Fruit Juice"}],"is_trial":false,"path_per_floor":["M","?","M","M","M","E","R","M","T","M","?","R","M","M","R","B"],"character_chosen":"DOCTOR_CLASS","items_purchased":[],"campfire_rested":0,"item_purchase_floors":[],"current_hp_per_floor":[66,66,60,57,54,46,46,40,47,40,40,40,40,36,36,0,0],"gold":419,"neow_bonus":"ONE_RANDOM_RARE_CARD","is_daily":false,"chose_seed":false,"campfire_upgraded":3,"win_rate":0.0,"timestamp":1612211204,"path_taken":["M","?","M","?","M","E","R","?","T","M","?","R","M","?","R","BOSS"],"items_purchased_type":[],"build_version":"2020-12-22","purchased_purges":0,"victory":false,"max_hp_per_floor":[72,72,72,72,72,72,72,72,79,84,84,84,84,84,84,84,84],"card_choices":[{"not_picked":["ats:Flexible Camouflage","ats:Charging Defense"],"picked":"ats:Leaping Hammer","floor":1},{"not_picked":["ats:Collapsing Strike","ats:Guardian Obelisk"],"picked":"ats:Neurotoxin","floor":3},{"not_picked":["ats:Explosion Area Strengthen","ats:Absolute Focus"],"picked":"ats:Poison Spread","floor":4},{"not_picked":["ats:Assault Order","ats:Ignite"],"picked":"ats:Directed Diagnosis","floor":5},{"not_picked":["ats:Serious Mode","ats:Fractured Body"],"picked":"ats:Leaping Hammer","floor":6},{"not_picked":["ats:Hammer On","ats:Absolute Focus","ats:Apocalypse"],"picked":"SKIP","floor":8},{"not_picked":["ats:Absolute Focus","ats:Cat Scratch"],"picked":"ats:Composite Medical Shells","floor":10},{"not_picked":["ats:Guard Mode","ats:Encircling Forest"],"picked":"ats:Poison Spread","floor":11},{"not_picked":["ats:Shell Defense","ats:Ignite","ats:Closed Bolt Burst Fire"],"picked":"SKIP","floor":14}],"player_experience":1798970,"relics_obtained":[{"floor":1,"key":"LetterFromLob"},{"floor":6,"key":"ats:Originium"},{"floor":6,"key":"Replay:Bottled Flurry"},{"floor":9,"key":"Strawberry"},{"floor":11,"key":"Boot"}],"event_choices":[{"damage_healed":0,"gold_gain":100,"player_choice":"Pray","damage_taken":0,"max_hp_gain":0,"max_hp_loss":0,"event_name":"Golden Shrine","floor":2,"gold_loss":0}],"is_beta":false,"boss_relics":[],"items_purged_floors":[],"is_endless":false,"potions_floor_spawned":[3,4,5,8],"killed_by":"The Guardian","ascension_level":0}}