{"host":"8kd0mw0b4mjhs7vl","time":1612190426,"event":{"mods":["BaseMod","Colored Map","Conspire","Downfall","Friendly Minions","Minty Spire (QoL Compilation)","Replay The Spire","StSLib","SuperFastMode"],"gold_per_floor":[99,110,110,129,140,240,265,123,135,166,180,180,180,180,180,197,210,307,307,307,135,135,170,190,201,201,201,201,201,156,156,169,182,194,297,297,297,297,297,308,363,376,403,438,452,479,479,511,528,542,556,556],"floor_reached":53,"language":"ENG","playtime":2156,"items_purged":["bronze:Defend","bronze:Strike"],"score":776,"play_id":"5daab00e-38a5-44dd-821c-367646dd5b0b","local_time":"20210201144025","is_ascension_mode":false,"campfire_choices":[{"data":"Dramatic Entrance","floor":1,"key":"SMITH"},{"floor":12,"key":"REST"},{"floor":15,"key":"REST"},{"floor":27,"key":"REST"},{"floor":31,"key":"REST"},{"data":"bronze:AlphaBuild","floor":47,"key":"SMITH"}],"circlet_count":0,"master_deck":["bronze:Replicate","bronze:Goto","Dramatic Entrance+1","bronze:BuggyMess+1","bronze:OilSpill","bronze:BronzeOrb","bronze:DigitalCarnage","bronze:Repulsor","bronze:Optimize","bronze:ItsAFeature+1","bronze:Shield","bronze:MaxOutput","bronze:BugBarrage","bronze:BurnOut","bronze:CutThrough","bronze:ItsAFeature+1","bronze:Shield","bronze:Shield+1","bronze:AlphaBuild+1","expansioncontent:Hexaburn","ReplayTheSpireMod:Splinters","bronze:BugBarrage+1"],"relics":["bronze:BronzeCore","Kunai","bronze:MakeshiftBattery","Sling","Ginger","HornCleat","MutagenicStrength","ClockworkSouvenir","Replay:Grab Bag","Coffee Dripper","Replay:Bronze Core","Empty Cage","Pen Nib","Centennial Puzzle","CeramicFish","Garlic","Strawberry","Potion Belt"],"acts_visited":["Exordium","TheCity","TheBeyond"],"potions_floor_usage":[5,18,23,33,34,40],"damage_taken":[{"damage":6,"enemies":"Jaw Worm","floor":2,"turns":3},{"damage":0,"enemies":"Cultist","floor":4,"turns":3},{"damage":0,"enemies":"Small Slimes","floor":5,"turns":1},{"damage":34,"enemies":"downfall:Heads","floor":6,"turns":6},{"damage":5,"enemies":"downfall:FleeingMerchant","floor":8,"turns":4},{"damage":0,"enemies":"2 Fungi Beasts","floor":9,"turns":2},{"damage":9,"enemies":"Replay:BlueRogue","floor":10,"turns":4},{"damage":0,"enemies":"Lots of Slimes","floor":11,"turns":1},{"damage":0,"enemies":"Large Slime","floor":16,"turns":2},{"damage":7,"enemies":"conspire:2 RoseBushes","floor":17,"turns":3},{"damage":22,"enemies":"WA_ARCHETYPE_RETAIN","floor":18,"turns":5},{"damage":3,"enemies":"downfall:FleeingMerchant","floor":21,"turns":4},{"damage":21,"enemies":"conspire:MimicChest","floor":23,"turns":7},{"damage":20,"enemies":"Spheric Guardian","floor":24,"turns":4},{"damage":4,"enemies":"Chosen","floor":25,"turns":4},{"damage":1,"enemies":"downfall:FleeingMerchant","floor":30,"turns":4},{"damage":0,"enemies":"conspire:HollyBat","floor":32,"turns":5},{"damage":0,"enemies":"Snake Plant","floor":33,"turns":2},{"damage":0,"enemies":"Cultist and Chosen","floor":34,"turns":4},{"damage":5,"enemies":"SI_MIRROR_ARCHETYPE","floor":35,"turns":6},{"damage":14,"enemies":"3 Darklings","floor":40,"turns":4},{"damage":0,"enemies":"Orb Walker","floor":42,"turns":3},{"damage":5,"enemies":"Nemesis","floor":44,"turns":3},{"damage":0,"enemies":"Jaw Worm Horde","floor":45,"turns":3},{"damage":4,"enemies":"Giant Head","floor":46,"turns":3},{"damage":4,"enemies":"Nemesis","floor":48,"turns":5},{"damage":7,"enemies":"Spire Growth","floor":49,"turns":3},{"damage":0,"enemies":"3 Darklings","floor":50,"turns":3},{"damage":0,"enemies":"Sphere and 2 Shapes","floor":51,"turns":3},{"damage":18,"enemies":"DF_ARCHETYPE_ORBS","floor":52,"turns":5}],"seed_played":"-2983691508932297731","potions_obtained":[{"floor":3,"key":"FairyPotion"},{"floor":3,"key":"SpeedPotion"},{"floor":3,"key":"Languid Potion"},{"floor":4,"key":"GamblersBrew"},{"floor":6,"key":"Block Potion"},{"floor":9,"key":"Block Potion"},{"floor":32,"key":"SkillPotion"},{"floor":33,"key":"Weak Potion"},{"floor":35,"key":"Strength Potion"},{"floor":41,"key":"conspire:TimeTravelPotion"}],"is_trial":false,"path_per_floor":["R","M","?","M","M","?","T","$","M","E","M","R","PTL","PTL","R","M","M","B",null,"R_BF","$","?","?","M","M","T","R","?","?","$","R","M","M","M","B",null,"R_BF","?","?","M","?","M","T","E","M","E","R","E","M","M","M","B",null],"character_chosen":"THE_AUTOMATON","items_purchased":["bronze:ItsAFeature+1","Sling","ClockworkSouvenir","Milkshake","bronze:Shield"],"campfire_rested":4,"item_purchase_floors":[8,21,30,30,30],"current_hp_per_floor":[70,64,64,64,64,30,30,25,25,16,16,37,37,37,58,58,51,29,70,70,67,54,33,13,9,9,31,31,31,30,52,52,52,52,47,75,75,75,75,61,61,61,61,56,56,59,59,55,48,48,48,30],"gold":556,"neow_bonus":"RANDOM_COLORLESS","is_daily":false,"chose_seed":false,"campfire_upgraded":2,"win_rate":0.0,"timestamp":1612190425,"path_taken":["R","M","?","?","?","?","T","$","M","E","M","R","PTL","PTL","R","M","M","BOSS","R_BF","$","?","?","?","M","T","R","?","?","?","R","M","M","M","BOSS","R_BF","?","?","M","?","M","T","E","M","E","R","E","M","M","M","BOSS"],"items_purchased_type":["Card","Relic","Relic","Potion","Card"],"build_version":"2020-12-22","purchased_purges":2,"victory":true,"max_hp_per_floor":[70,70,70,70,70,70,70,70,70,70,70,70,70,70,70,70,70,70,70,70,70,75,75,75,75,75,75,75,75,75,75,75,75,75,75,75,75,75,75,75,75,75,75,75,75,82,82,82,82,82,82,82],"card_choices":[{"not_picked":["Purity","Replay:Sssssssssshield"],"picked":"Dramatic Entrance","floor":0},{"not_picked":["bronze:ChosenStrike","bronze:Deprecate"],"picked":"bronze:BuggyMess","floor":2},{"not_picked":["bronze:Boost","bronze:Deprecate"],"picked":"bronze:OilSpill","floor":4},{"not_picked":["bronze:WildBeam","bronze:Return"],"picked":"bronze:BronzeOrb","floor":5},{"not_picked":["bronze:DarkDash","bronze:Invalidate"],"picked":"bronze:Repulsor","floor":6},{"not_picked":["bronze:Format","bronze:Fortify"],"picked":"bronze:Optimize","floor":8},{"not_picked":["bronze:BitShift","bronze:GetLatest"],"picked":"bronze:Shield","floor":9},{"not_picked":["bronze:BuggyMess","bronze:WhirlingStrike"],"picked":"bronze:MaxOutput","floor":10},{"not_picked":["bronze:ClassDefault","bronze:Fortify"],"picked":"bronze:BugBarrage","floor":11},{"not_picked":["bronze:Backtrace","bronze:ItsAFeature","bronze:OilSpill"],"picked":"SKIP","floor":16},{"not_picked":["bronze:BitShift","bronze:BronzeOrb","bronze:Invalidate"],"picked":"SKIP","floor":17},{"not_picked":["bronze:ThunderWave","bronze:RecursiveStrike"],"picked":"bronze:BurnOut","floor":18},{"not_picked":["bronze:DarkDash","bronze:DelayedGuard","bronze:WildBeam"],"picked":"SKIP","floor":21},{"not_picked":["bronze:DigitalCarnage+1","bronze:BuggyMess"],"picked":"bronze:ItsAFeature+1","floor":23},{"not_picked":["bronze:Iterate","bronze:FineTuning","bronze:Shield"],"picked":"SKIP","floor":24},{"not_picked":["bronze:Turbo","bronze:CutThrough+1","bronze:Invalidate"],"picked":"SKIP","floor":25},{"not_picked":["bronze:Iterate","bronze:Branch","bronze:Overheat+1"],"picked":"SKIP","floor":30},{"not_picked":["bronze:BuggyMess","bronze:HardenedForm","bronze:FollowUp"],"picked":"SKIP","floor":32},{"not_picked":["bronze:DelayedGuard+1","bronze:Branch+1"],"picked":"bronze:Shield+1","floor":33},{"not_picked":["bronze:CutThrough","bronze:DelayedGuard","bronze:Iterate+1"],"picked":"SKIP","floor":34},{"not_picked":["bronze:BurnOut","bronze:Assembly"],"picked":"bronze:AlphaBuild","floor":35},{"not_picked":["expansioncontent:Chronoboost","Replay:SS_forest_2"],"picked":"expansioncontent:Hexaburn","floor":37},{"not_picked":["bronze:Philosophize","bronze:Turbo","bronze:WildBeam+1"],"picked":"SKIP","floor":40},{"not_picked":["bronze:BitShift","bronze:Shield+1"],"picked":"bronze:BugBarrage+1","floor":41},{"not_picked":["bronze:FineTuning","bronze:Overheat","bronze:WhirlingStrike+1"],"picked":"SKIP","floor":42},{"not_picked":["bronze:BugBarrage","bronze:DarkDash","bronze:WhirlingStrike"],"picked":"SKIP","floor":44},{"not_picked":["bronze:FineTuning+1","bronze:Shield+1","bronze:BuggyMess+1"],"picked":"SKIP","floor":45},{"not_picked":["bronze:Boost","bronze:Safeguard","bronze:Shield+1"],"picked":"SKIP","floor":46},{"not_picked":["bronze:DelayedGuard","bronze:FollowUp+1","bronze:Safeguard"],"picked":"SKIP","floor":48},{"not_picked":["bronze:ChildClass+1","bronze:Shield","bronze:ThunderWave"],"picked":"SKIP","floor":49},{"not_picked":["bronze:Deprecate","bronze:BitShift","bronze:NullPointer+1"],"picked":"SKIP","floor":50},{"not_picked":["bronze:CloningBeam+1","bronze:OilSpill","bronze:Shield"],"picked":"SKIP","floor":51}],"player_experience":305578,"relics_obtained":[{"floor":10,"key":"Kunai"},{"floor":23,"key":"Ginger"},{"floor":26,"key":"HornCleat"},{"floor":39,"key":"Pen Nib"},{"floor":41,"key":"Centennial Puzzle"},{"floor":43,"key":"CeramicFish"},{"floor":44,"key":"Garlic"},{"floor":46,"key":"Strawberry"},{"floor":48,"key":"Potion Belt"}],"event_choices":[{"damage_healed":0,"gold_gain":0,"player_choice":"Got Potions","damage_taken":0,"max_hp_gain":0,"max_hp_loss":0,"event_name":"Lab","floor":3,"gold_loss":0},{"damage_healed":0,"gold_gain":0,"player_choice":"Inject Mutagens","damage_taken":0,"relics_obtained":["MutagenicStrength"],"max_hp_gain":0,"max_hp_loss":0,"event_name":"Drug Dealer","floor":29,"gold_loss":0},{"damage_healed":0,"gold_gain":0,"player_choice":"Leave","damage_taken":0,"max_hp_gain":0,"max_hp_loss":0,"event_name":"conspire:Investor","floor":38,"gold_loss":0}],"is_beta":false,"boss_relics":[{"not_picked":["Philosopher\u0027s Stone","Runic Pyramid"],"picked":"bronze:MakeshiftBattery"},{"not_picked":["Velvet Choker","bronze:PlatinumCore"],"picked":"Replay:Grab Bag"},{"not_picked":["Abe\u0027s Treasure","ReplayTheSpireMod:Onyx Gauntlets"],"picked":"Coffee Dripper"},{"not_picked":["Fusion Hammer","conspire:RoyalGoblet"],"picked":"Replay:Bronze Core"},{"not_picked":["Snecko Eye","conspire:SpecialSausage"],"picked":"Empty Cage"}],"items_purged_floors":[8,30],"is_endless":false,"potions_floor_spawned":[4,6,9,16,32,33,35,45,46],"ascension_level":0}}