{"host":"3498uni0c31c9bdm","time":1612201032,"event":{"mods":["BaseMod","Better Third Choice","Minty Spire (QoL Compilation)","Replay The Spire","StSLib"],"gold_per_floor":[110,121,121,135,210,210,56,85,166,186,199,199,218,234,234,331,331,350,350,360,392,404,439,439,439,439,439,470,470,500,525,525,642,642,677,677,707,730,280,329,355,355,355,355,378,378,419,419,467,526,526,542,542,542,6,47,63,63],"floor_reached":57,"language":"ENG","playtime":2788,"items_purged":["Regret"],"score":1252,"play_id":"78f86f60-0fc1-495f-afe7-c35e9d5a84ad","local_time":"20210202043712","is_ascension_mode":true,"campfire_choices":[{"floor":6,"key":"RECALL"},{"floor":12,"key":"REST"},{"floor":15,"key":"REST"},{"floor":24,"key":"REST"},{"floor":27,"key":"REST"},{"floor":44,"key":"REST"},{"data":"DevaForm","floor":46,"key":"SMITH"},{"floor":48,"key":"REST"},{"data":"TalkToTheHand","floor":54,"key":"SMITH"}],"circlet_count":0,"master_deck":["AscendersBane","Strike_P+1","Strike_P+1","Strike_P+1","Strike_P+1","Defend_P+1","Defend_P+1","Defend_P+1","Defend_P+1","Eruption","Vigilance","DeusExMachina","Protect","EmptyFist","Tantrum","Pot Of Greed","Pot Of Greed","MentalFortress","DeceiveReality","SignatureMove","BattleHymn","FlurryOfBlows","SpiritShield","TalkToTheHand+1","Decay","CrushJoints+1","Pot Of Greed+1","Fasting2","SashWhip","FearNoEvil","ClearTheMind","TalkToTheHand","BowlingBash","EmptyBody+1","DevaForm+1","BowlingBash+1","EmptyBody","Sanctity","Pot Of Greed","WaveOfTheHand","Fasting2","Delirium","Replay:ManipulateFuture","SashWhip","FollowUp+1","ReplayTheSpireMod:Brewmster","TalkToTheHand","Establishment"],"relics":["PureWater","GremlinMask","ReplayTheSpireMod:CursedCoin","Potion Belt","Grinning Jar","Quantum Egg","Cursed Key","Red Mask","Replay:Bandana","Du-Vu Doll","VioletLotus","Spirit Poop","Lee\u0027s Waffle","Oddly Smooth Stone","Bag of Marbles","MealTicket","Bottled Lightning","Counterbalance","Torii","Blue Doll"],"acts_visited":["Exordium","TheCity","TheBeyond","TheEnding"],"potions_floor_usage":[18,21,21,23,33,38,47,49,50,50,56,56,56,57,57,57],"damage_taken":[{"damage":3,"enemies":"2 Louse","floor":1,"turns":3},{"damage":0,"enemies":"Cultist","floor":2,"turns":3},{"damage":0,"enemies":"Small Slimes","floor":4,"turns":4},{"damage":31,"enemies":"3 Sentries","floor":8,"turns":8},{"damage":1,"enemies":"3 Louse","floor":10,"turns":3},{"damage":5,"enemies":"Large Slime","floor":11,"turns":5},{"damage":10,"enemies":"Exordium Thugs","floor":13,"turns":4},{"damage":2,"enemies":"Looter","floor":14,"turns":4},{"damage":11,"enemies":"The Guardian","floor":16,"turns":9},{"damage":0,"enemies":"Spheric Guardian","floor":18,"turns":4},{"damage":8,"enemies":"2 Thieves","floor":20,"turns":4},{"damage":0,"enemies":"Masked Bandits","floor":21,"turns":3},{"damage":35,"enemies":"Snake Plant","floor":22,"turns":5},{"damage":18,"enemies":"Slavers","floor":23,"turns":6},{"damage":0,"enemies":"Snecko","floor":28,"turns":1},{"damage":0,"enemies":"Chosen and Byrds","floor":30,"turns":4},{"damage":0,"enemies":"Centurion and Healer","floor":31,"turns":3},{"damage":5,"enemies":"Champ","floor":33,"turns":6},{"damage":39,"enemies":"3 Darklings","floor":35,"turns":5},{"damage":0,"enemies":"Orb Walker","floor":37,"turns":2},{"damage":2,"enemies":"Maw","floor":38,"turns":5},{"damage":33,"enemies":"Reptomancer","floor":40,"turns":7},{"damage":18,"enemies":"Sphere and 2 Shapes","floor":41,"turns":9},{"damage":23,"enemies":"Nemesis","floor":47,"turns":7},{"damage":0,"enemies":"Jaw Worm Horde","floor":49,"turns":3},{"damage":8,"enemies":"2 Orb Walkers","floor":50,"turns":5},{"damage":49,"enemies":"Donu and Deca","floor":52,"turns":11},{"damage":61,"enemies":"Shield and Spear","floor":56,"turns":8},{"damage":36,"enemies":"The Heart","floor":57,"turns":5}],"seed_played":"-8184676583741235318","potions_obtained":[{"floor":11,"key":"Adrenaline Potion"},{"floor":13,"key":"SteroidPotion"},{"floor":14,"key":"Fire Potion"},{"floor":16,"key":"Reflective Coating"},{"floor":18,"key":"Strength Potion"},{"floor":23,"key":"Fire Potion"},{"floor":28,"key":"Strength Potion"},{"floor":33,"key":"Swift Potion"},{"floor":37,"key":"SkillPotion"},{"floor":40,"key":"Adrenaline Potion"},{"floor":49,"key":"Fruit Juice"}],"is_trial":false,"path_per_floor":["M","M","?","M","$","R","$","E","T","M","M","R","M","M","R","B",null,"M","?","M","?","M","E","R","?","T","R","M","?","M","M","R","B",null,"M","?","M","M","$","E","M","PTL","PTL","R","T","R","E","R","M","?","R","B",null,"R","$","E","B"],"character_chosen":"WATCHER","items_purchased":["ReplayTheSpireMod:CursedCoin","Potion Belt","Lee\u0027s Waffle","Oddly Smooth Stone","Bag of Marbles","ReplayTheSpireMod:Brewmster","Torii","TalkToTheHand"],"campfire_rested":6,"item_purchase_floors":[5,7,39,39,39,55,55,55],"current_hp_per_floor":[62,62,62,62,62,62,62,31,31,30,25,46,36,34,55,44,65,65,65,57,57,22,4,25,25,25,46,46,46,46,46,67,62,70,31,31,31,29,79,46,28,28,28,51,51,51,28,51,51,48,73,24,69,69,84,23,0,0],"gold":63,"neow_bonus":"ONE_RANDOM_RARE_CARD","is_daily":false,"chose_seed":false,"campfire_upgraded":2,"win_rate":0.0,"timestamp":1612201032,"path_taken":["M","M","?","?","?","R","$","E","T","M","M","R","?","M","R","BOSS","M","?","?","?","M","E","R","?","T","R","M","?","M","?","R","BOSS","M","?","M","?","?","E","M","PTL","PTL","R","T","R","E","R","M","?","R","BOSS","R","$","E","BOSS"],"items_purchased_type":["Relic","Relic","Relic","Relic","Relic","Card","Relic","Card"],"build_version":"2020-12-22","purchased_purges":1,"victory":false,"max_hp_per_floor":[72,72,72,72,72,72,72,72,72,72,72,72,72,72,72,72,72,72,72,72,72,72,72,72,72,72,72,72,72,72,72,72,72,72,72,72,72,72,79,79,79,79,79,79,79,79,79,79,79,84,84,84,84,84,84,84,84,84],"card_choices":[{"not_picked":["FlyingSleeves","ClearTheMind"],"picked":"Protect","floor":1},{"not_picked":["Replay:AtTheReady","JustLucky"],"picked":"EmptyFist","floor":2},{"not_picked":["WheelKick","Halt"],"picked":"Tantrum","floor":4},{"not_picked":["Replay:DivineShield","Consecrate"],"picked":"MentalFortress","floor":8},{"not_picked":["Crescendo","Replay:Battleflow"],"picked":"DeceiveReality","floor":10},{"not_picked":["Swivel","Sanctity"],"picked":"SignatureMove","floor":11},{"not_picked":["Indignation","Replay:Cycle"],"picked":"BattleHymn","floor":13},{"not_picked":["CutThroughFate","Consecrate"],"picked":"FlurryOfBlows","floor":14},{"not_picked":["Omniscience","LessonLearned"],"picked":"SpiritShield","floor":16},{"not_picked":["EmptyFist","ThirdEye"],"picked":"TalkToTheHand","floor":18},{"not_picked":["FearNoEvil+1","FlyingSleeves"],"picked":"CrushJoints+1","floor":20},{"not_picked":["Replay:BluntJabs","Nirvana"],"picked":"Fasting2","floor":21},{"not_picked":["Evaluate","CarveReality+1"],"picked":"SashWhip","floor":22},{"not_picked":["Evaluate","WreathOfFlame"],"picked":"FearNoEvil","floor":23},{"not_picked":["SpiritShield","CarveReality"],"picked":"ClearTheMind","floor":28},{"not_picked":["JustLucky+1","CrushJoints"],"picked":"BowlingBash","floor":30},{"not_picked":["Meditate","Replay:AtTheReady"],"picked":"EmptyBody","floor":31},{"not_picked":["MasterReality","DeusExMachina"],"picked":"DevaForm","floor":33},{"not_picked":["Halt","FollowUp"],"picked":"BowlingBash+1","floor":35},{"not_picked":["Replay:AtTheReady","Meditate"],"picked":"EmptyBody","floor":37},{"not_picked":["Nirvana","Brilliance"],"picked":"Sanctity","floor":38},{"not_picked":["Halt+1","Consecrate"],"picked":"WaveOfTheHand","floor":40},{"not_picked":["EmptyFist+1","InnerPeace"],"picked":"Fasting2","floor":41},{"not_picked":["FearNoEvil","Consecrate"],"picked":"Replay:ManipulateFuture","floor":47},{"not_picked":["Tantrum+1","Replay:BluntJabs"],"picked":"SashWhip","floor":49},{"not_picked":["Crescendo","FearNoEvil+1"],"picked":"FollowUp+1","floor":50},{"not_picked":["BowlingBash","Replay:Hum"],"picked":"Establishment","floor":56}],"player_experience":796712,"relics_obtained":[{"floor":8,"key":"Grinning Jar"},{"floor":9,"key":"Quantum Egg"},{"floor":21,"key":"Red Mask"},{"floor":23,"key":"Replay:Bandana"},{"floor":26,"key":"Du-Vu Doll"},{"floor":40,"key":"MealTicket"},{"floor":47,"key":"Bottled Lightning"},{"floor":50,"key":"Counterbalance"},{"floor":56,"key":"Blue Doll"}],"event_choices":[{"damage_healed":0,"gold_gain":0,"player_choice":"Trade","damage_taken":0,"relics_obtained":["GremlinMask"],"max_hp_gain":0,"max_hp_loss":0,"event_name":"FaceTrader","floor":3,"gold_loss":0},{"damage_healed":0,"gold_gain":0,"player_choice":"Cursed","damage_taken":0,"max_hp_gain":0,"max_hp_loss":0,"event_name":"Wheel of Change","floor":19,"gold_loss":0,"cards_obtained":["Decay"]},{"damage_healed":0,"gold_gain":0,"player_choice":"Fought Bandits","damage_taken":0,"max_hp_gain":0,"max_hp_loss":0,"event_name":"Masked Bandits","floor":21,"gold_loss":0},{"damage_healed":0,"gold_gain":0,"player_choice":"Simplicity","damage_taken":0,"max_hp_gain":0,"max_hp_loss":8,"event_name":"betterThird:BetterWriting","floor":25,"gold_loss":0},{"damage_healed":0,"gold_gain":0,"player_choice":"Copied","damage_taken":0,"max_hp_gain":0,"max_hp_loss":0,"event_name":"Duplicator","floor":29,"gold_loss":0,"cards_obtained":["TalkToTheHand"]},{"cards_removed":["Shame"],"damage_healed":0,"gold_gain":0,"player_choice":"Offered Curse","damage_taken":0,"relics_obtained":["Spirit Poop"],"max_hp_gain":0,"max_hp_loss":0,"event_name":"Bonfire Elementals","floor":36,"gold_loss":0},{"damage_healed":0,"gold_gain":0,"player_choice":"Fight","damage_taken":0,"max_hp_gain":0,"max_hp_loss":0,"event_name":"Mysterious Sphere","floor":50,"gold_loss":0}],"is_beta":false,"boss_relics":[{"not_picked":["Kintsugi","Painkiller Herb"],"picked":"Cursed Key"},{"not_picked":["Sozu","Snecko Eye"],"picked":"VioletLotus"}],"items_purged_floors":[5],"is_endless":false,"potions_floor_spawned":[11,13,14,16,18,20,23,28,33,37,40,49,56],"killed_by":"The Heart","ascension_level":12}}