{"host":"wfkvcf4y4vkrpwe0","time":1612191902,"event":{"mods":["BaseMod","Conspire","Downfall","Hermit","Minty Spire (QoL Compilation)","StSLib","The Construct","The Cursed","The Disciple","The Hierophant","The Necromancer"],"gold_per_floor":[113,113,113,39,69,94,106,128,140,152,175,187,274,313,325,440,452,479,491,503,515,543,555,47,47,47,58,58,78,78,95,95,95,95],"floor_reached":33,"language":"ENG","playtime":1386,"items_purged":["construct:DefenseMode"],"score":301,"play_id":"6d335bc2-40b3-48e9-962b-0b8c5908e28e","local_time":"20210201150502","is_ascension_mode":false,"campfire_choices":[{"data":"construct:LaserCore","floor":7.0,"key":"SMITH"},{"data":"construct:GuardCore","floor":12.0,"key":"SMITH"},{"data":"construct:PointDefense","floor":15.0,"key":"SMITH"},{"floor":23.0,"key":"REST"},{"floor":25.0,"key":"REST"},{"floor":28.0,"key":"REST"},{"floor":32,"key":"REST"}],"circlet_count":0,"master_deck":["construct:Strike_Gold","construct:Strike_Gold","construct:Strike_Gold","construct:Strike_Gold","construct:Strike_Gold","construct:Defend_Gold","construct:Defend_Gold","construct:Defend_Gold","construct:Defend_Gold","construct:Defend_Gold","construct:AttackMode","construct:PointDefense+1","construct:LaserCore+1","construct:GuardCore+1","construct:PointDefense+1"],"relics":["construct:Cogwheel","NeowsBlessing","Pen Nib","Blue Candle","MawBank","Strawberry","Blood Vial","conspire:SlowCooker","conspire:InfiniteJournal","Frozen Eye","Ginger"],"acts_visited":["Exordium","TheCity"],"potions_floor_usage":[33,33],"damage_taken":[{"damage":0.0,"enemies":"Small Slimes","floor":1.0,"turns":2.0},{"damage":0.0,"enemies":"conspire:MimicChest","floor":5.0,"turns":1.0},{"damage":0.0,"enemies":"Gremlin Nob","floor":6.0,"turns":1.0},{"damage":9.0,"enemies":"Jaw Worm","floor":8.0,"turns":3.0},{"damage":0.0,"enemies":"2 Louse","floor":11.0,"turns":3.0},{"damage":0.0,"enemies":"Lagavulin","floor":14.0,"turns":13.0},{"damage":40.0,"enemies":"The Guardian","floor":16.0,"turns":10.0},{"damage":21.0,"enemies":"Chosen","floor":18.0,"turns":7.0},{"damage":52.0,"enemies":"3 Byrds","floor":22.0,"turns":7.0},{"damage":19.0,"enemies":"Snecko","floor":27.0,"turns":6.0},{"damage":33.0,"enemies":"Cultist and Chosen","floor":29.0,"turns":6.0},{"damage":63,"enemies":"Chosen and Byrds","floor":31,"turns":11},{"damage":47,"enemies":"Collector","floor":33,"turns":3}],"seed_played":"4694553205827231607","potions_obtained":[{"floor":6.0,"key":"Fruit Juice"},{"floor":8.0,"key":"Explosive Potion"},{"floor":14.0,"key":"Slimebound:ThreeZeroPotion"},{"floor":29.0,"key":"SteroidPotion"},{"floor":31,"key":"DistilledChaos"}],"is_trial":false,"path_per_floor":["M","?","?","$","?","E","R","M","T","$","M","R","?","E","R","B",null,"M","?","$","?","M","R","$","R","T","M","R","M","T","M","R","B"],"character_chosen":"THE_CONSTRUCT_MOD","items_purchased":["construct:PointDefense","conspire:InfiniteJournal","Frozen Eye"],"campfire_rested":4,"item_purchase_floors":[4,24,24],"current_hp_per_floor":[85,85,85,85,85,85,85,76,83,83,83,83,72,72,72,39,97,76,76,76,76,26,55,55,84,84,67,96,64,64,3,32,0,0],"gold":95,"neow_bonus":"THREE_ENEMY_KILL","is_daily":false,"chose_seed":false,"campfire_upgraded":3,"win_rate":0.0,"timestamp":1612191902,"path_taken":["M","?","?","$","?","E","R","M","T","?","?","R","?","E","R","BOSS","M","?","$","?","M","R","$","R","T","?","R","M","?","M","R","BOSS"],"items_purchased_type":["Card","Relic","Relic"],"build_version":"2020-12-22","purchased_purges":1,"victory":false,"max_hp_per_floor":[85,85,85,85,85,85,85,85,92,92,92,92,92,92,92,97,97,97,97,97,97,97,97,97,97,97,97,97,97,97,97,97,97,97],"card_choices":[{"not_picked":["construct:ModeShift","construct:UnbalancingBlast","construct:SuppressiveFire"],"picked":"SKIP","floor":1.0},{"not_picked":["construct:Stasis","construct:SweepLaser"],"picked":"construct:LaserCore","floor":5.0},{"not_picked":["construct:LaserCore","construct:CriticalHit"],"picked":"construct:GuardCore","floor":6.0},{"not_picked":["construct:SyphonStrike","construct:ClusterMines","construct:Forcefield"],"picked":"SKIP","floor":8.0},{"not_picked":["construct:MetalShell","construct:VentSteam","construct:FierceBash"],"picked":"SKIP","floor":11.0},{"not_picked":["construct:Impenetrable","construct:ForceCore","construct:Construct_Overclock"],"picked":"SKIP","floor":14.0},{"not_picked":["construct:Missile","construct:SyphonStrike","construct:VentSteam+1"],"picked":"SKIP","floor":18.0},{"not_picked":["construct:VentSteam","construct:SaveState","construct:Accumulate+1"],"picked":"SKIP","floor":22.0},{"not_picked":["construct:Anticipate","construct:SweepLaser","construct:Tumble+1"],"picked":"SKIP","floor":27.0},{"not_picked":["construct:PowerUp+1","construct:Backup+1","construct:FlameCore"],"picked":"SKIP","floor":29.0},{"not_picked":["construct:ModeShift+1","construct:CriticalHit","construct:Boost+1"],"picked":"SKIP","floor":31}],"player_experience":575868,"relics_obtained":[{"floor":5.0,"key":"Blue Candle"},{"floor":6.0,"key":"MawBank"},{"floor":9.0,"key":"Strawberry"},{"floor":14.0,"key":"Blood Vial"},{"floor":30.0,"key":"Ginger"}],"event_choices":[{"damage_healed":0.0,"max_hp_gain":0.0,"max_hp_loss":0.0,"gold_gain":0.0,"event_name":"Big Fish","player_choice":"Box","floor":2.0,"gold_loss":0.0,"damage_taken":0.0,"relics_obtained":["Pen Nib"],"cards_obtained":["Regret"]},{"cards_removed":["Regret"],"damage_healed":0.0,"max_hp_gain":0.0,"max_hp_loss":0.0,"gold_gain":0.0,"event_name":"Living Wall","player_choice":"Forget","floor":3.0,"gold_loss":0.0,"damage_taken":0.0},{"damage_healed":0.0,"max_hp_gain":0.0,"max_hp_loss":0.0,"gold_gain":75.0,"event_name":"World of Goop","player_choice":"Gather Gold","floor":13.0,"gold_loss":0.0,"damage_taken":11.0},{"damage_healed":0.0,"max_hp_gain":0.0,"max_hp_loss":0.0,"gold_gain":0.0,"event_name":"conspire:Investor","player_choice":"Leave","floor":19.0,"gold_loss":0.0,"damage_taken":0.0},{"damage_healed":0.0,"max_hp_gain":0.0,"max_hp_loss":0.0,"gold_gain":0.0,"event_name":"Duplicator","player_choice":"Copied","floor":21.0,"gold_loss":0.0,"damage_taken":0.0,"cards_obtained":["construct:PointDefense"]}],"is_beta":false,"boss_relics":[{"not_picked":["conspire:RunicOctahedron","Runic Dome"],"picked":"conspire:SlowCooker"}],"items_purged_floors":[24],"is_endless":false,"potions_floor_spawned":[6,8,14,29,31],"killed_by":"Collector","ascension_level":0}}