{"host":"5jyeqch4fosnsiz2","time":1612204036,"event":{"mods":["BaseMod","Bestiary","Colored Map","Colored Powertips","Filter the Spire","Minty Spire (QoL Compilation)","Relic Stats","StSLib","Waifu the Spire","ojb\u0027s Better Paths Mod","ojb\u0027s Info Mod"],"gold_per_floor":[114,133,133,133,11,44,61,61,61,72,72,93,93,104,104,104,104],"floor_reached":16,"language":"ENG","playtime":644,"items_purged":[],"score":100,"play_id":"e97cca9c-9938-44ef-90bc-c69cad806493","local_time":"20210201132716","is_ascension_mode":false,"campfire_choices":[{"data":"White Noise","floor":8,"key":"SMITH"},{"floor":13,"key":"REST"},{"data":"Double Energy","floor":15,"key":"SMITH"}],"circlet_count":0,"master_deck":["Strike_B","Strike_B","Strike_B","Defend_B","Defend_B","Defend_B","Zap","Dualcast","Loop","Chaos","White Noise+1","Cold Snap","Steam","Double Energy+1","Compile Driver"],"relics":["Empty Cage","Incense Burner","Peace Pipe","Thread and Needle","Odd Mushroom"],"acts_visited":["Exordium"],"potions_floor_usage":[6,7,10,14,16],"damage_taken":[{"damage":3,"enemies":"Cultist","floor":1,"turns":5},{"damage":0,"enemies":"Small Slimes","floor":2,"turns":3},{"damage":34,"enemies":"Gremlin Nob","floor":6,"turns":6},{"damage":10,"enemies":"Jaw Worm","floor":7,"turns":4},{"damage":13,"enemies":"Gremlin Gang","floor":10,"turns":4},{"damage":9,"enemies":"The Mushroom Lair","floor":12,"turns":8},{"damage":4,"enemies":"3 Louse","floor":14,"turns":4},{"damage":32,"enemies":"The Guardian","floor":16,"turns":9}],"seed_played":"-8039756304245698901","potions_obtained":[{"floor":1,"key":"Strength Potion"},{"floor":6,"key":"PowerPotion"},{"floor":10,"key":"SpeedPotion"},{"floor":14,"key":"FearPotion"}],"is_trial":false,"path_per_floor":["M","M","?","?","$","E","M","R","T","M","$","?","R","M","R","B"],"character_chosen":"DEFECT","items_purchased":["Chaos","FocusPotion"],"campfire_rested":1,"item_purchase_floors":[5,5],"current_hp_per_floor":[72,72,69,74,74,40,30,30,30,17,17,8,32,28,28,0,0],"gold":104,"neow_bonus":"BOSS_RELIC","is_daily":false,"chose_seed":false,"campfire_upgraded":2,"win_rate":0.0,"timestamp":1612204036,"path_taken":["M","?","?","?","?","E","M","R","T","?","$","?","R","M","R","BOSS"],"items_purchased_type":["Card","Potion"],"build_version":"2020-12-22","purchased_purges":0,"victory":false,"max_hp_per_floor":[75,75,75,80,80,80,80,80,80,80,80,80,80,80,80,80,80],"relic_stats":{"Peace Pipe":1,"counters":[8,43],"obtain_stats":[{"Peace Pipe":6,"Thread and Needle":9,"Incense Burner":3,"Odd Mushroom":12,"Cracked Core":0,"Empty Cage":0},{"Peace Pipe":3,"Thread and Needle":4,"Incense Burner":2,"Odd Mushroom":6,"Cracked Core":0,"Empty Cage":0},{"Peace Pipe":14,"Thread and Needle":18,"Incense Burner":8,"Odd Mushroom":30,"Cracked Core":0,"Empty Cage":0}]},"card_choices":[{"not_picked":["Static Discharge","Leap"],"picked":"Loop","floor":1},{"not_picked":["Fusion","Stack","Static Discharge"],"picked":"SKIP","floor":2},{"not_picked":["Tempest","Steam Power"],"picked":"White Noise","floor":6},{"not_picked":["Stack","Conserve Battery"],"picked":"Cold Snap","floor":7},{"not_picked":["Leap","Scrape"],"picked":"Steam","floor":10},{"not_picked":["Barrage","Reboot"],"picked":"Double Energy","floor":12},{"not_picked":["Redo","Chill"],"picked":"Compile Driver","floor":14}],"player_experience":369707,"relics_obtained":[{"floor":6,"key":"Peace Pipe"},{"floor":9,"key":"Thread and Needle"},{"floor":12,"key":"Odd Mushroom"}],"event_choices":[{"damage_healed":0,"gold_gain":0,"player_choice":"Success","damage_taken":3,"relics_obtained":["Incense Burner"],"max_hp_gain":0,"max_hp_loss":0,"event_name":"Scrap Ooze","floor":3,"gold_loss":0},{"damage_healed":0,"gold_gain":0,"player_choice":"Donut","damage_taken":0,"max_hp_gain":5,"max_hp_loss":0,"event_name":"Big Fish","floor":4,"gold_loss":0},{"damage_healed":0,"gold_gain":0,"player_choice":"Fought Mushrooms","damage_taken":0,"max_hp_gain":0,"max_hp_loss":0,"event_name":"Mushrooms","floor":12,"gold_loss":0}],"is_beta":false,"boss_relics":[],"items_purged_floors":[],"is_endless":false,"potions_floor_spawned":[1,6,10,14],"killed_by":"The Guardian","ascension_level":0}}