{"host":"jt62yzdgnrkmwwqv","time":1612156029,"event":{"mods":["AchievementEnabler","Arknights","BaseMod","CapriCore","Colored Map","Colored Powertips","GungeonMod","Lobotomy","LobotomyExtend","Minty Spire (QoL Compilation)","Replay The Spire","StSLib","SuperFastMode","The Dragon Tamer"],"gold_per_floor":[119,119,130,143,143,175,175,208,232,249,275,285,285,285,285,298,298,298,298],"floor_reached":18,"language":"KOR","playtime":713,"items_purged":[],"score":139,"play_id":"1de5ccfd-2a99-4918-987a-837bc475507f","local_time":"20210201140709","is_ascension_mode":true,"campfire_choices":[{"data":"ats:Blood Oath","floor":7,"key":"SMITH"},{"floor":17,"key":"REST"}],"circlet_count":0,"master_deck":["ats:Strike G","ats:Strike S","ats:Armor Crushing Shot","ats:Defend","ats:Defend","ats:Defend","ats:Defend","ats:Emotion Absorption","ats:Shell Defense","ats:Blood Oath+1","ats:Leaping Hammer","ats:Collapsing Strike","ats:Cat Scratch","ats:Part Time Job","ats:Assault Order","ats:Healing Drone"],"relics":["ats:Sanity","MealTicket","LetterFromLob","ats:Berate","ats:Originium","Smiling Mask","Blue Doll","Pet Ghost","Chameleon Ring"],"acts_visited":["Exordium"],"potions_floor_usage":[11,18,18],"damage_taken":[{"damage":2,"enemies":"Cultist","floor":1,"turns":5},{"damage":5,"enemies":"Small Slimes","floor":3,"turns":6},{"damage":1,"enemies":"2 Louse","floor":4,"turns":3},{"damage":36,"enemies":"3 Sentries","floor":6,"turns":12},{"damage":27,"enemies":"Gremlin Nob","floor":8,"turns":4},{"damage":12,"enemies":"Gremlin Gang","floor":10,"turns":4},{"damage":41,"enemies":"3 Sentries","floor":11,"turns":13},{"damage":6,"enemies":"Looter","floor":12,"turns":3},{"damage":9,"enemies":"Large Slime","floor":16,"turns":7},{"damage":115,"enemies":"Hexaghost","floor":18,"turns":15}],"seed_played":"-5205800554190071341","potions_obtained":[{"floor":3,"key":"SteroidPotion"},{"floor":4,"key":"Weak Potion"},{"floor":6,"key":"Flashbang"},{"floor":8,"key":"ats:Emergency Sanity Potion"},{"floor":11,"key":"SteroidPotion"}],"is_trial":false,"path_per_floor":["M","?","M","M","?","E","R","E","T","M","E","M","?","PTL","PTL","M","R","B"],"character_chosen":"DOCTOR_CLASS","items_purchased":[],"campfire_rested":1,"item_purchase_floors":[],"current_hp_per_floor":[70,63,61,65,65,47,47,25,25,26,23,24,24,24,24,36,57,0,0],"gold":298,"neow_bonus":"RANDOM_COMMON_RELIC","is_daily":false,"chose_seed":false,"campfire_upgraded":1,"win_rate":0.0,"timestamp":1612156029,"path_taken":["M","?","M","M","?","E","R","E","T","?","E","M","?","PTL","PTL","?","R","BOSS"],"items_purchased_type":[],"build_version":"2020-12-22","purchased_purges":0,"victory":false,"max_hp_per_floor":[72,72,72,72,72,72,72,72,72,72,72,72,72,72,72,72,72,72,72],"card_choices":[{"not_picked":["ats:Absolute Focus","ats:Chain Hook"],"picked":"ats:Shell Defense","floor":1},{"not_picked":["ats:Ignite","ats:Beaten Up"],"picked":"ats:Blood Oath","floor":3},{"not_picked":["ats:Beaten Up","ats:Directed Diagnosis"],"picked":"ats:Leaping Hammer","floor":4},{"not_picked":["ats:Steam Pump","ats:Serious Mode"],"picked":"ats:Collapsing Strike","floor":6},{"not_picked":["ats:Explosion Area Strengthen","ats:Powerful Strike"],"picked":"ats:Cat Scratch","floor":8},{"not_picked":["ats:Shadow Raid","ats:Very Hot Blade"],"picked":"ats:Part Time Job","floor":10},{"not_picked":["ats:Guardian Obelisk","ats:Leaping Hammer"],"picked":"ats:Assault Order","floor":11},{"not_picked":["ats:Spore Proliferation","ats:Directed Diagnosis","ats:Curse Doll"],"picked":"SKIP","floor":12},{"not_picked":["ats:Shell Defense","ats:Encircling Forest"],"picked":"ats:Healing Drone","floor":16}],"player_experience":185129,"relics_obtained":[{"floor":1,"key":"LetterFromLob"},{"floor":6,"key":"ats:Originium"},{"floor":6,"key":"Smiling Mask"},{"floor":8,"key":"ats:Originium"},{"floor":8,"key":"Blue Doll"},{"floor":9,"key":"Pet Ghost"},{"floor":11,"key":"ats:Originium"},{"floor":11,"key":"Chameleon Ring"}],"event_choices":[{"cards_removed":["ats:Strike V"],"damage_healed":0,"gold_gain":0,"player_choice":"Card Removal","damage_taken":7,"max_hp_gain":0,"max_hp_loss":0,"event_name":"Golden Wing","floor":2,"gold_loss":0},{"damage_healed":0,"gold_gain":0,"player_choice":"Gave Potion","damage_taken":0,"relics_obtained":["ats:Berate"],"max_hp_gain":0,"max_hp_loss":0,"event_name":"WeMeetAgain","floor":5,"gold_loss":0},{"cards_removed":["ats:Strike C"],"damage_healed":0,"gold_gain":0,"player_choice":"Purged","damage_taken":0,"max_hp_gain":0,"max_hp_loss":0,"event_name":"Purifier","floor":13,"gold_loss":0}],"is_beta":false,"boss_relics":[],"items_purged_floors":[],"is_endless":false,"potions_floor_spawned":[3,4,6,8,11],"killed_by":"Hexaghost","ascension_level":1}}