{"host":"4a0aa7b2d8dxohwr","time":1612168178,"event":{"mods":["ATMod(∞¢Ë™Mod)","Act Like it!","BaseMod","Dota2Spire","Friendly Minions","Gensokyo","GifTheSpireLib","GungeonMod","Marisa£®ÏF”Í°°ƒß¿Ì…≥£©","Minty Spire (QoL Compilation)","Reimu£®≤©¿ˆ¡È√Œ£©","Reliquary","Remilia£®¿Ÿ√◊¿Ú—«£©","Shop Mod","StSLib","The Cursed","The Senshi","The Servant 0.9.4","Youmu£®ªÍ∆«—˝√Œ£©","[IsaacMod]“‘»ˆº‚À˛","°æ“≈ŒÔø®≈∆°øREMEMod"],"gold_per_floor":[214,224,244,269,282,309,309,340,417,417,197,36,52,40,40,138,138,353,190,190,202,218,243,29,29,29,39,74,89,89,115,115,217,217,234,256,289,189,208,270,282,349,349,349,349,374,374,374,374,374,542,542,14,44,44],"floor_reached":56,"language":"ZHS","playtime":3633,"items_purged":["Strike_R","Strike_R","Strike_R"],"score":1925,"play_id":"59b05017-8e6b-4850-af72-1713311033b4","local_time":"20210201162938","is_ascension_mode":true,"campfire_choices":[{"data":"Body Slam","floor":7.0,"key":"SMITH"},{"data":"AT_FamilyPortrait","floor":10,"key":"SMITH"},{"data":"Iron Wave","floor":15,"key":"SMITH"},{"data":"Corruption","floor":30,"key":"SMITH"},{"data":"True Grit","floor":32,"key":"SMITH"},{"data":"AT_Dispersion","floor":44,"key":"SMITH"},{"floor":49,"key":"RECALL"},{"data":"Dual Wield","floor":52,"key":"SMITH"}],"circlet_count":0,"master_deck":["Strike_R","Defend_R","Defend_R","Defend_R","Defend_R","AT_FamilyPortrait+1","Iron Wave+1","Body Slam+1","Flame Barrier","Shockwave","AT_FamilyPortrait+1","Corruption+1","AT_Dispersion+1","AT_DrawKnifeCut","Feel No Pain+1","Dual Wield+1","True Grit+1","REME_TheLastStrike","Juggernaut+1","REME_ACTH","Armaments+1","AT_BodySlamDance","REME_ACTH","REME_Scribble+1"],"relics":["Burning Blood","HushsDoor","AT_ATBox","REME_ComplimentaryCards","Oddly Smooth Stone","AT_SeraphEmbrace","DemoMod:SerJunkan","Dota2Spire:RefresherOrb","Art of War","reliquary:PorcupineQuills","DemoMod:Junk","MerchantsRug","reliquary:JackalopeAntler","Gensokyo:ConquerorOfFear","reliquary:IridiumChain","DemoMod:GundromedaStrain","DemoMod:GlassGuonStoneRelic","AT_TrinityForce","GuppysCollar","Dota2Spire:PowerTreads","BloodDonationBag","Dota2Spire:AghanimScepter","DemoMod:PinkGuonStone"],"acts_visited":["Exordium","Gensokyo:Gensokyo","TheBeyond","TheEnding"],"potions_floor_usage":[8,23,37,55],"damage_taken":[{"damage":12.0,"enemies":"Gensokyo:Gryphon","floor":1.0,"turns":5.0},{"damage":2.0,"enemies":"Gensokyo:Python","floor":2.0,"turns":3.0},{"damage":11.0,"enemies":"Gensokyo:2_Kodama","floor":3.0,"turns":4.0},{"damage":26.0,"enemies":"Gensokyo:Cirno","floor":4.0,"turns":7.0},{"damage":9.0,"enemies":"Gensokyo:2_Rabbits","floor":5.0,"turns":6.0},{"damage":18.0,"enemies":"Gensokyo:Cirno","floor":6.0,"turns":6.0},{"damage":0,"enemies":"Gensokyo:Mamizou","floor":8,"turns":7},{"damage":12,"enemies":"Gensokyo:3_Kodama","floor":13,"turns":5},{"damage":5,"enemies":"Gensokyo:Reimu","floor":16,"turns":8},{"damage":7,"enemies":"Gensokyo:CosmicMonolith","floor":18,"turns":5},{"damage":4,"enemies":"Gensokyo:AngelMirror","floor":21,"turns":5},{"damage":0,"enemies":"Gensokyo:Wraith","floor":22,"turns":4},{"damage":8,"enemies":"Gensokyo:Tenshi","floor":23,"turns":6},{"damage":42,"enemies":"Gensokyo:Slime_Group","floor":27,"turns":4},{"damage":0,"enemies":"Gensokyo:Reisen","floor":28,"turns":4},{"damage":0,"enemies":"Gensokyo:Monolith_and_Dog","floor":29,"turns":3},{"damage":15,"enemies":"Gensokyo:Tenshi","floor":31,"turns":3},{"damage":0,"enemies":"Gensokyo:Eternal_Rivals","floor":33,"turns":5},{"damage":0,"enemies":"3 Darklings","floor":35,"turns":3},{"damage":2,"enemies":"3 Shapes","floor":36,"turns":2},{"damage":0,"enemies":"Jaw Worm Horde","floor":37,"turns":3},{"damage":0,"enemies":"Maw","floor":39,"turns":2},{"damage":0,"enemies":"Giant Head","floor":40,"turns":3},{"damage":0,"enemies":"Sphere and 2 Shapes","floor":41,"turns":2},{"damage":0,"enemies":"Nemesis","floor":42,"turns":3},{"damage":3,"enemies":"Reptomancer","floor":46,"turns":2},{"damage":3,"enemies":"Donu and Deca","floor":50,"turns":3},{"damage":3,"enemies":"Shield and Spear","floor":54,"turns":3},{"damage":7,"enemies":"The Heart","floor":55,"turns":3}],"seed_played":"-9204815435862446196","potions_obtained":[{"floor":3.0,"key":"SneckoOil"},{"floor":4.0,"key":"PowerPotion"},{"floor":8,"key":"SpeedPotion"},{"floor":16,"key":"SkillPotion"},{"floor":21,"key":"Dota2Spire:HealingSalve"},{"floor":27,"key":"FairyPotion"},{"floor":29,"key":"Dexterity Potion"},{"floor":37,"key":"REME_GoldPotion"}],"is_trial":false,"path_per_floor":["M","M","M","?","M","E","R","E","T","R","$","COS","M","?","R","B",null,"M","COS","?","M","M","E","$","?","T","M","E","M","R","E","R","B",null,"M","M","M","$","M","E","M","E","T","R","?","E","?","?","R","B",null,"R","$","E","B",null],"character_chosen":"IRONCLAD","items_purchased":["Lee\u0027s Waffle","AT_Dispersion","AT_DrawKnifeCut","MerchantsRug","reliquary:JackalopeAntler","GuppysTail","GuppysCollar","Dota2Spire:AghanimScepter","DemoMod:PinkGuonStone"],"campfire_rested":0,"item_purchase_floors":[11,17,17,24,24,34,34,53,53],"current_hp_per_floor":[66,70,65,45,42,30,30,36,36,36,87,87,81,87,87,87,81,80,80,80,95,95,93,83,83,83,47,53,59,59,50,50,60,69,72,74,74,74,74,74,74,74,74,74,74,77,77,73,73,76,69,69,76,82,81],"gold":44,"neow_bonus":"HUNDRED_GOLD","is_daily":false,"chose_seed":false,"campfire_upgraded":7,"win_rate":0.0,"timestamp":1612168178,"path_taken":["M","M","M","?","?","E","R","E","T","R","?","COS","M","?","R","BOSS","M","COS","?","M","?","E","$","?","T","M","E","M","R","E","R","BOSS","M","M","M","$","M","E","M","E","T","R","?","E","?","?","R","BOSS","R","$","E","BOSS"],"items_purchased_type":["Relic","Card","Card","Relic","Relic","Relic","Relic","Relic","Relic"],"build_version":"2020-12-22","purchased_purges":3,"victory":true,"max_hp_per_floor":[80,80,80,80,80,80,80,80,80,80,87,87,87,87,87,87,81,81,81,81,95,95,95,95,95,95,95,95,95,95,95,95,95,72,72,74,74,74,74,74,74,74,74,74,74,77,77,73,73,76,76,76,83,86,86],"card_choices":[{"not_picked":["Rage","Thunderclap","Second Wind"],"picked":"SKIP","floor":1.0},{"not_picked":["Anger","Rage"],"picked":"Iron Wave","floor":2.0},{"not_picked":["Clash","Clothesline"],"picked":"Body Slam","floor":3.0},{"not_picked":["Seeing Red","Body Slam","Brutality"],"picked":"SKIP","floor":4.0},{"not_picked":["Disarm","Perfected Strike","AT_GerminateFire"],"picked":"SKIP","floor":5.0},{"not_picked":["Bloodletting","Clothesline"],"picked":"Flame Barrier","floor":6.0},{"not_picked":["Warcry","Hemokinesis"],"picked":"Shockwave","floor":8},{"not_picked":["Power Through","Iron Wave","Wild Strike"],"picked":"SKIP","floor":13},{"not_picked":["Bludgeon","Exhume"],"picked":"Corruption","floor":16},{"not_picked":["Warcry+1","Power Through"],"picked":"Feel No Pain+1","floor":18},{"not_picked":["Flex","DemoMod:BlackBlade"],"picked":"Dual Wield","floor":21},{"not_picked":["Cleave","Dual Wield"],"picked":"True Grit","floor":22},{"not_picked":["Ghostly Armor","Intimidate","Power Through"],"picked":"SKIP","floor":23},{"not_picked":["Seeing Red","Body Slam","Dropkick"],"picked":"SKIP","floor":27},{"not_picked":["AT_IchimonjiDouble","Thunderclap"],"picked":"REME_TheLastStrike","floor":28},{"not_picked":["Armaments","Carnage"],"picked":"Juggernaut","floor":29},{"not_picked":["Whirlwind","Warcry","Infernal Blade"],"picked":"SKIP","floor":31},{"not_picked":["Demon Form","Brutality"],"picked":"REME_ACTH","floor":33},{"not_picked":["Clothesline","Ghostly Armor+1","Pummel"],"picked":"SKIP","floor":35},{"not_picked":["Perfected Strike+1","Flex"],"picked":"Armaments+1","floor":36},{"not_picked":["Headbutt","AT_IchimonjiDouble","Reaper"],"picked":"SKIP","floor":37},{"not_picked":["Havoc+1","Iron Wave+1"],"picked":"AT_BodySlamDance","floor":39},{"not_picked":["Shrug It Off+1","Feel No Pain+1"],"picked":"REME_ACTH","floor":40},{"not_picked":["REME_FearOfPain+1","Warcry+1","Battle Trance"],"picked":"SKIP","floor":41},{"not_picked":["REME_FearOfPain+1","Warcry+1","Battle Trance"],"picked":"SKIP","floor":41},{"not_picked":["DemoMod:BlackBlade+1","Anger+1"],"picked":"REME_Scribble+1","floor":42},{"not_picked":["Headbutt","Immolate","Cleave"],"picked":"SKIP","floor":46},{"not_picked":["Anger","DemoMod:BlackBlade","AT_DiedThrough+1"],"picked":"SKIP","floor":54}],"player_experience":524799,"relics_obtained":[{"floor":4.0,"key":"Oddly Smooth Stone"},{"floor":6.0,"key":"reliquary:FeatherDuster"},{"floor":8,"key":"AT_ArchangelStaff"},{"floor":9,"key":"DemoMod:SerJunkan"},{"floor":23,"key":"DemoMod:Junk"},{"floor":26,"key":"reliquary:IridiumChain"},{"floor":27,"key":"Gensokyo:ConquerorOfFear"},{"floor":28,"key":"DemoMod:Junk"},{"floor":31,"key":"Tiny Chest"},{"floor":40,"key":"DemoMod:Junk"},{"floor":42,"key":"DemoMod:Junk"},{"floor":46,"key":"Dota2Spire:PowerTreads"},{"floor":54,"key":"DemoMod:Junk"}],"event_choices":[{"damage_healed":0,"gold_gain":0,"player_choice":"Upgraded","damage_taken":0,"max_hp_gain":0,"max_hp_loss":0,"event_name":"Upgrade Shrine","floor":45,"gold_loss":0,"cards_upgraded":["Juggernaut"]},{"cards_removed":["Bash"],"damage_healed":0,"gold_gain":0,"player_choice":"Removed Attack","damage_taken":0,"max_hp_gain":0,"max_hp_loss":0,"event_name":"Falling","floor":47,"gold_loss":0},{"damage_healed":0,"gold_gain":0,"player_choice":"Max HP","damage_taken":0,"max_hp_gain":0,"max_hp_loss":4,"event_name":"Winding Halls","floor":48,"gold_loss":0}],"is_beta":false,"boss_relics":[{"not_picked":["Dota2Spire:Bloodstone","Philosopher\u0027s Stone"],"picked":"Dota2Spire:RefresherOrb"},{"not_picked":[]},{"not_picked":["Black Blood","Runic Dome"],"picked":"AT_TrinityForce"},{"not_picked":[]}],"items_purged_floors":[11,38,53],"is_endless":false,"potions_floor_spawned":[3,4,8,16,21,22,27,29,35,36,37,54],"ascension_level":6}}