{"host":"f8toxsj3bk02pkeu","time":1612175307,"event":{"mods":["BaseMod","Minty Spire (QoL Compilation)","Permanent Neow","Quick Restart","StSLib","SuperFastMode"],"gold_per_floor":[10,28,28,53,53,76,91,91,142,182,182,182,182],"floor_reached":12,"language":"ENG","playtime":281,"items_purged":[],"score":160,"play_id":"e375d6e6-a65a-4721-bd00-fe1ea48c9433","local_time":"20210201032827","is_ascension_mode":true,"campfire_choices":[{"data":"Uppercut","floor":8.0,"key":"SMITH"},{"floor":11,"key":"REST"}],"circlet_count":0,"master_deck":["AscendersBane","Strike_R","Strike_R","Strike_R","Strike_R","Defend_R","Defend_R","Defend_R","Defend_R","Bash","Cleave","True Grit","Body Slam","Feel No Pain","Uppercut+1"],"relics":["Burning Blood","Golden Idol","Potion Belt","Darkstone Periapt"],"acts_visited":["Exordium"],"potions_floor_usage":[10],"damage_taken":[{"damage":1.0,"enemies":"Cultist","floor":1.0,"turns":3.0},{"damage":9.0,"enemies":"2 Louse","floor":2.0,"turns":4.0},{"damage":7.0,"enemies":"Jaw Worm","floor":4.0,"turns":5.0},{"damage":6.0,"enemies":"Looter","floor":6.0,"turns":3.0},{"damage":33.0,"enemies":"Exordium Thugs","floor":7.0,"turns":8.0},{"damage":27,"enemies":"Lagavulin","floor":10,"turns":11},{"damage":38,"enemies":"3 Sentries","floor":12,"turns":6}],"seed_played":"-4881838733382340758","potions_obtained":[{"floor":6.0,"key":"Regen Potion"},{"floor":7.0,"key":"Dexterity Potion"}],"is_trial":false,"path_per_floor":["M","M","?","M","?","M","M","R","T","E","R","E"],"character_chosen":"IRONCLAD","items_purchased":[],"campfire_rested":1,"item_purchase_floors":[],"current_hp_per_floor":[87,84,53,52,45,45,33,33,33,12,38,0,0],"gold":182,"neow_bonus":"TWENTY_PERCENT_HP_BONUS","is_daily":false,"chose_seed":false,"campfire_upgraded":1,"win_rate":0.0,"timestamp":1612175307,"path_taken":["M","?","?","M","?","M","M","R","T","E","R","E"],"items_purchased_type":[],"build_version":"2020-12-22","purchased_purges":0,"victory":false,"max_hp_per_floor":[89,89,89,89,89,89,89,89,89,89,89,89,89],"card_choices":[{"not_picked":["Clothesline","Warcry"],"picked":"Cleave","floor":1.0},{"not_picked":["Perfected Strike","Anger"],"picked":"True Grit","floor":2.0},{"not_picked":["Searing Blow","Pummel"],"picked":"Body Slam","floor":4.0},{"not_picked":["Burning Pact","Rampage"],"picked":"Feel No Pain","floor":6.0},{"not_picked":["Iron Wave","Wild Strike"],"picked":"Uppercut","floor":7.0},{"not_picked":["Rage","Rupture","Cleave"],"picked":"SKIP","floor":10}],"player_experience":970316,"relics_obtained":[{"floor":9.0,"key":"Potion Belt"},{"floor":10,"key":"Darkstone Periapt"}],"event_choices":[{"damage_healed":0.0,"max_hp_gain":0.0,"max_hp_loss":0.0,"gold_gain":0.0,"event_name":"Golden Idol","player_choice":"Take Damage","floor":3.0,"gold_loss":0.0,"damage_taken":31.0,"relics_obtained":["Golden Idol"]},{"cards_removed":["Strike_R"],"damage_healed":0.0,"max_hp_gain":0.0,"max_hp_loss":0.0,"gold_gain":0.0,"event_name":"Golden Wing","player_choice":"Card Removal","floor":5.0,"gold_loss":0.0,"damage_taken":7.0}],"is_beta":false,"boss_relics":[],"items_purged_floors":[],"is_endless":false,"potions_floor_spawned":[6,7],"killed_by":"3 Sentries","ascension_level":20}}