{"host":"cgwysqtmt736mr58","time":1612187493,"event":{"mods":["2.2 Compatiblity","Aspiration","BaseMod","Beaked The Cultist","BetterRewards","Colored Map","Colored Powertips","Downfall","Duelist Mod","GifTheSpireLib","Googly Eyes","Halation","Hermit","Hubris","Infinite Spire","Lobotomy","LobotomyExtend","Marisa????????","Minty Spire (QoL Compilation)","Relic Stats","Replay The Spire","Shade Mod","Shop Mod","StSLib","The Construct","The Cursed","The Disciple","The Exalted","The Jungle","The Necromancer","The Runesmith","The Wild Card","Waifu the Spire","Yuri Mod"],"gold_per_floor":[100,115,115,115,127,127,150,160,187,187,187,187,187],"floor_reached":12,"language":"ENG","playtime":315,"items_purged":[],"score":122,"play_id":"9b5c937b-0482-483f-88d4-1d3ad8724c01","local_time":"20210202005133","is_ascension_mode":true,"campfire_choices":[{"data":"yuri:yuriStab","floor":1,"key":"SMITH"},{"data":"yuri:MultiDip","floor":6,"key":"SMITH"},{"floor":10,"key":"REST"}],"circlet_count":0,"master_deck":["AscendersBane","yuri:yuriStrike","yuri:yuriStrike","yuri:yuriStrike","yuri:yuriStrike","yuri:yuriStrike","yuri:yuriDefend","yuri:yuriDefend","yuri:yuriDefend","yuri:yuriDefend","yuri:yuriDefend","yuri:Oolong","Swift Strike","yuri:yuriHeavyStrike","yuri:MultiDip+1","yuri:yuriQuickStrike"],"relics":["yuri:BloodyKnife","LetterFromLob","Centennial Puzzle","Toxic Egg 2","MagicBullet_r","LaetitiaHeart"],"acts_visited":["Exordium"],"potions_floor_usage":[],"damage_taken":[{"damage":3,"enemies":"2 Louse","floor":2,"turns":3},{"damage":11,"enemies":"Small Slimes","floor":5,"turns":3},{"damage":0,"enemies":"Cultist","floor":8,"turns":2},{"damage":50,"enemies":"Replay:BlueRogue","floor":9,"turns":6},{"damage":0,"enemies":"Lots of Slimes","floor":11,"turns":1},{"damage":20,"enemies":"3 Sentries","floor":12,"turns":2}],"seed_played":"2070788386009812921","potions_obtained":[{"floor":5,"key":"champ:CounterPotion"},{"floor":8,"key":"BlessingOfTheForge"}],"is_trial":false,"path_per_floor":["R","M","?","?","M","R","T","M","E","R","M","E"],"character_chosen":"YURI","items_purchased":[],"campfire_rested":1,"item_purchase_floors":[],"current_hp_per_floor":[72,73,80,80,69,69,69,69,23,47,1,0,0],"gold":187,"neow_bonus":"RANDOM_COLORLESS","is_daily":false,"chose_seed":false,"campfire_upgraded":2,"win_rate":0.0,"timestamp":1612187493,"path_taken":["R","M","?","?","?","R","T","M","E","R","M","E"],"items_purchased_type":[],"build_version":"2020-12-22","purchased_purges":0,"victory":false,"max_hp_per_floor":[80,80,80,80,80,80,80,80,80,80,1,1,1],"relic_stats":{"Centennial Puzzle":[3],"counters":[6,17],"obtain_stats":[{"Centennial Puzzle":7,"MagicBullet_r":11,"LaetitiaHeart":11,"yuri:yuriKnife":0,"yuri:BloodyKnife":12,"LetterFromLob":2,"Toxic Egg 2":9},{"Centennial Puzzle":2,"MagicBullet_r":4,"LaetitiaHeart":4,"yuri:yuriKnife":0,"yuri:BloodyKnife":6,"LetterFromLob":1,"Toxic Egg 2":4},{"Centennial Puzzle":6,"MagicBullet_r":14,"LaetitiaHeart":14,"yuri:yuriKnife":0,"yuri:BloodyKnife":17,"LetterFromLob":3,"Toxic Egg 2":14}]},"card_choices":[{"not_picked":["Impatience","Finesse"],"picked":"Swift Strike","floor":0},{"not_picked":["yuri:DejaVu","yuri:InsanityDefense"],"picked":"yuri:yuriHeavyStrike","floor":2},{"not_picked":["yuri:yuriHeavyStrike","yuri:MPose"],"picked":"yuri:MultiDip","floor":5},{"not_picked":["yuri:UntestedCode","yuri:Skip"],"picked":"yuri:yuriQuickStrike","floor":8},{"not_picked":["yuri:RecklessStrike","yuri:MultiDip"],"picked":"yuri:Suicide+1","floor":9}],"player_experience":1082728,"relics_obtained":[{"floor":2,"key":"LetterFromLob"},{"floor":7,"key":"Centennial Puzzle"},{"floor":9,"key":"Toxic Egg 2"}],"event_choices":[],"is_beta":false,"boss_relics":[],"items_purged_floors":[],"is_endless":false,"potions_floor_spawned":[5,8,11],"killed_by":"3 Sentries","ascension_level":12}}