{"host":"ekshjswadm4crd9n","time":1612138520,"event":{"mods":["BaseMod","Downfall","Hermit","Hubris","Infinite Spire","Koishi","Marisa????????","Minty Spire (QoL Compilation)","READ ME - Guardian Mod","READ ME - Snecko Mod","Reimu??????","Remilia??????","Replay The Spire","StSLib","Td1madao Mod","The Administrix","The Bug Knight","The Construct","The Cursed","The Disciple","The Hierophant","The Jungle","The Marked","The Mystic","The Necromancer","The Runesmith","The Senshi","The Servant 0.9.4"],"gold_per_floor":[111,36,51,154,166,192,13,13,63,63,82,98,98,115,115,210,210,225,225,225,235,22,22,54,70,70,94,58,78,78,92,92,195,195,207,221,71,87,102,102,102],"floor_reached":40,"language":"ENG","playtime":3752,"items_purged":["Strike_Br","Defend_Br","Defend_Br","Strike_Br","Echonomics"],"score":435,"play_id":"9b873559-584e-43fa-828a-8b42308fd024","local_time":"20210201011520","is_ascension_mode":false,"campfire_choices":[{"floor":8,"key":"REST"},{"data":"ReapSow","floor":10,"key":"SMITH"},{"floor":13,"key":"REST"},{"data":"Strike_Br","floor":15,"key":"PURGE"},{"data":"hubris:Fate","floor":23,"key":"SMITH"},{"floor":32,"key":"REST"}],"circlet_count":0,"master_deck":["Strike_Br","Defend_Br","Defend_Br","SecondHand","PatternShift","ReapSow+12","SlimeSpray+1","PrimeTime","DaylightSavings","WakeUpCall","Parity","BiteCommand+1","Rallentando","Chronoelasticity+1","ReapSow+7","hubris:Fate+1","Stagnate+1","Backlash","LockedAnchor","Flay","BiteCommand+1","BlueShift+1","Shame","Pendulum","Bandage Up","infinitespire:Gouge","ResonantCall","WakeUpCall","AlternateTimeline+1"],"relics":["Chronograph","NeowsBlessing","infinitespire:Satchel","Lantern","Guide Book","hubris:Icosahedron","PureWhite:ReiMu","Replay:Bottled Flurry","Orichalcum","hubris:Towel","ReplayTheSpireMod:SealedPack"],"acts_visited":["Exordium","TheCity","TheBeyond"],"potions_floor_usage":[6,6,21,24,33,38],"damage_taken":[{"damage":0,"enemies":"2 Louse","floor":1,"turns":1},{"damage":0,"enemies":"Small Slimes","floor":3,"turns":2},{"damage":0,"enemies":"Jaw Worm","floor":5,"turns":1},{"damage":30,"enemies":"Gremlin Nob","floor":6,"turns":5},{"damage":0,"enemies":"Exordium Wildlife","floor":11,"turns":3},{"damage":12,"enemies":"Blue Slaver","floor":12,"turns":2},{"damage":0,"enemies":"Large Slime","floor":14,"turns":4},{"damage":24,"enemies":"Fading Forest","floor":16,"turns":11},{"damage":0,"enemies":"Chosen","floor":18,"turns":3},{"damage":14,"enemies":"Spheric Guardian","floor":21,"turns":3},{"damage":16,"enemies":"Book of Stabbing","floor":24,"turns":6},{"damage":0,"enemies":"Snecko","floor":25,"turns":4},{"damage":0,"enemies":"Snake Plant","floor":29,"turns":1},{"damage":2,"enemies":"Centurion and Healer","floor":31,"turns":6},{"damage":22,"enemies":"Champ","floor":33,"turns":8},{"damage":30,"enemies":"3 Darklings","floor":35,"turns":4},{"damage":5,"enemies":"Orb Walker","floor":36,"turns":5},{"damage":0,"enemies":"Transient","floor":38,"turns":5},{"damage":16,"enemies":"4 Shapes","floor":39,"turns":3},{"damage":35,"enemies":"Nightmare","floor":40,"turns":7}],"seed_played":"-1162388164994367109","potions_obtained":[{"floor":1,"key":"Block Potion"},{"floor":3,"key":"SmokeBomb"},{"floor":5,"key":"SkillPotion"},{"floor":16,"key":"GrandPatriotsElixir:ReiMu"},{"floor":18,"key":"Toxic Potion"},{"floor":29,"key":"SkillPotion"},{"floor":33,"key":"SneckoOil"},{"floor":38,"key":"bronze:BurnAndBuffPotion"},{"floor":39,"key":"Ancient Potion"}],"is_trial":false,"path_per_floor":["M","$","M","?","M","E","$","R","T","R","M","M","R","M","R","B",null,"M","AVR","?","M","$","R","E","M","T","T","$","M","?","M","R","B",null,"M","M","$","M","M","NM"],"character_chosen":"CHRONO_CLASS","items_purchased":["Parity","BiteCommand+1","Backlash","LockedAnchor","BiteCommand+1"],"campfire_rested":3,"item_purchase_floors":[7,7,22,22,28],"current_hp_per_floor":[65,65,65,49,49,19,19,38,38,38,38,26,45,45,45,43,65,65,65,65,51,51,51,35,35,35,35,35,35,35,33,52,30,65,35,34,34,38,26,0,0],"gold":102,"neow_bonus":"THREE_ENEMY_KILL","is_daily":false,"chose_seed":false,"campfire_upgraded":2,"win_rate":0.0,"timestamp":1612138520,"path_taken":["M","$","M","?","M","E","$","R","T","R","M","M","R","M","R","BOSS","M","AVR","?","M","$","R","E","M","T","?","?","M","?","M","R","BOSS","M","M","$","M","M","NM"],"items_purchased_type":["Card","Card","Card","Card","Card"],"build_version":"2020-12-22","purchased_purges":5,"victory":false,"max_hp_per_floor":[65,65,65,65,65,65,65,65,65,65,65,65,65,65,65,65,65,65,65,65,65,65,65,65,65,65,65,65,65,65,65,65,65,65,65,65,65,65,65,65,65],"card_choices":[{"not_picked":["WindUp","LockedBlood"],"picked":"ReapSow","floor":1},{"not_picked":["Engulf","LockedMedicine"],"picked":"SlimeSpray","floor":3},{"not_picked":["LockedTurtyl","LockedScales"],"picked":"PrimeTime","floor":4},{"not_picked":["LockedWhetstone","Analog"],"picked":"DaylightSavings","floor":5},{"not_picked":["ShortSighted","ExoVibe"],"picked":"WakeUpCall","floor":6},{"not_picked":["BiteCommand","HandsUpC","BeatsPerMinute"],"picked":"SKIP","floor":11},{"not_picked":["ReapSow","BiteCommand"],"picked":"Tempo","floor":12},{"not_picked":["ShortSighted","WindUp","AlternateTimeline"],"picked":"SKIP","floor":14},{"not_picked":["Flay","MasterKey"],"picked":"Chronoelasticity","floor":16},{"not_picked":["WakeUpCall","FormalWear"],"picked":"ReapSow+1","floor":18},{"not_picked":["Tempo","AlternateTimeline"],"picked":"Stagnate+1","floor":21},{"not_picked":["TiringSlam","WindUp"],"picked":"Flay","floor":24},{"not_picked":["ExoVibe+1","ReapSow+1","AlternateTimeline+1"],"picked":"SKIP","floor":25},{"not_picked":["HandsUpB","WindUp"],"picked":"BlueShift+1","floor":29},{"not_picked":["HandsUpC+1","HandsUpB+1","LockedScales"],"picked":"SKIP","floor":31},{"not_picked":["Pendulum","RageCommand"],"picked":"Echonomics","floor":33},{"not_picked":["LockedCalendar","OldTimer"],"picked":"Pendulum","floor":34},{"not_picked":["Replay:Sssssssssshield","Replay:BasicMightCard"],"picked":"Bandage Up","floor":34},{"not_picked":["infinitespire:FutureSight","hubris:Rewind"],"picked":"infinitespire:Gouge","floor":34},{"not_picked":["PrimeTime","TiringSlam","Engulf+1"],"picked":"SKIP","floor":35},{"not_picked":["LockedMedicine+1","LockedAnchor"],"picked":"ResonantCall","floor":36},{"not_picked":["AlternateTimeline","Tempo"],"picked":"WakeUpCall","floor":38},{"not_picked":["HandsUpC+1","Engulf"],"picked":"AlternateTimeline+1","floor":39}],"player_experience":33047,"relics_obtained":[{"floor":6,"key":"infinitespire:Satchel"},{"floor":9,"key":"Lantern"},{"floor":24,"key":"PureWhite:ReiMu"},{"floor":26,"key":"Replay:Bottled Flurry"},{"floor":27,"key":"Orichalcum"}],"event_choices":[],"is_beta":false,"boss_relics":[{"not_picked":["construct:WeddingRing","Cursed Key"],"picked":"Chronograph"},{"not_picked":["Black Star","Kintsugi"],"picked":"ReplayTheSpireMod:SealedPack"}],"items_purged_floors":[2,7,19,22,37],"is_endless":false,"potions_floor_spawned":[1,3,5,16,18,29,33,38,39],"killed_by":"Nightmare","ascension_level":0}}