{"host":"9n9nzkokhxe59gmc","time":1612147649,"event":{"mods":["Act Like it!","BaseMod","Elementarium","Hallownest","Hermit","Hubris","Infinite Spire","Menagerie","Minty Spire (QoL Compilation)","Replay The Spire","Shade Mod","StSLib","The Marked","The Servant 0.9.4"],"gold_per_floor":[118,118,118,142,142,179,205,14,14,34,218,218,252,217,217,323,323,348,410,370,370,370],"floor_reached":21,"language":"ENG","playtime":766,"items_purged":[],"score":185,"play_id":"bcc1a1b0-e9d0-449c-bb82-208cdd5966b9","local_time":"20210131184729","is_ascension_mode":false,"campfire_choices":[{"data":"theMarked:EmpowerWeapon","floor":15,"key":"SMITH"}],"circlet_count":0,"master_deck":["theMarked:Strike","theMarked:Strike","theMarked:Strike","theMarked:Strike","theMarked:Strike","theMarked:Defend","theMarked:Defend+1","theMarked:Defend","theMarked:Defend","theMarked:SoldierOfQuellstein+1","theMarked:Polarize","theMarked:ResourceFulStrike","theMarked:ElectricStrings","theMarked:Aftermath+1","theMarked:EmpowerWeapon+1","Doubt","theMarked:SuspiciousRaven","theMarked:ParalyzingBlade+1","theMarked:HeightenedSenses","theMarked:HeightenedSenses"],"relics":["theMarked:ArtifactOfAir","CeramicFish","Bronze Scales","Darkstone Periapt","War Paint","hubris:Teleporter","infinitespire:Satchel","theMarked:Eyepatch","Bottled Lightning"],"acts_visited":["Exordium","TheCity"],"potions_floor_usage":[10,13,16],"damage_taken":[{"damage":7,"enemies":"Jaw Worm","floor":1,"turns":5},{"damage":0,"enemies":"2 Louse","floor":4,"turns":3},{"damage":20,"enemies":"Replay:BlueRogue","floor":6,"turns":6},{"damage":3,"enemies":"Small Slimes","floor":7,"turns":2},{"damage":5,"enemies":"Exordium Wildlife","floor":10,"turns":4},{"damage":18,"enemies":"Gremlin Nob","floor":13,"turns":4},{"damage":51,"enemies":"Hexaghost","floor":16,"turns":10},{"damage":20,"enemies":"Shell Parasite","floor":18,"turns":5},{"damage":26,"enemies":"Chosen","floor":21,"turns":6}],"seed_played":"-3688944210033191200","potions_obtained":[{"floor":4,"key":"ColorlessPotion"},{"floor":6,"key":"FearPotion"},{"floor":13,"key":"LiquidMemories"}],"is_trial":false,"path_per_floor":["M","?","?","M","?","E","M","$","T","M","?","?","E","?","R","B",null,"M","?","?","M"],"character_chosen":"THE_DEFAULT","items_purchased":["War Paint","theMarked:EmpowerWeapon"],"campfire_rested":0,"item_purchase_floors":[8,8],"current_hp_per_floor":[63,63,63,63,63,43,40,40,40,35,41,66,48,67,67,16,76,56,26,26,0,0],"gold":370,"neow_bonus":"RANDOM_COMMON_RELIC","is_daily":false,"chose_seed":false,"campfire_upgraded":1,"win_rate":0.0,"timestamp":1612147649,"path_taken":["M","?","?","M","?","E","M","$","T","?","?","?","E","?","R","BOSS","M","?","?","?"],"items_purchased_type":["Relic","Card"],"build_version":"2020-12-22","purchased_purges":0,"victory":false,"max_hp_per_floor":[70,70,70,70,70,70,70,70,70,70,76,76,76,76,76,76,76,76,76,76,76,76],"card_choices":[{"not_picked":["theMarked:Memento","theMarked:Aftermath"],"picked":"theMarked:Polarize","floor":1},{"not_picked":["theMarked:CreepingChasm","theMarked:Improvise"],"picked":"theMarked:ResourceFulStrike","floor":4},{"not_picked":["theMarked:KeepCalmAndFight","theMarked:PowerFlow"],"picked":"theMarked:ElectricStrings","floor":6},{"not_picked":["theMarked:TwofoldDefense","theMarked:SwordAndMagic"],"picked":"theMarked:Aftermath","floor":7},{"not_picked":["theMarked:GodGivenPower","theMarked:WastefulAttack","theMarked:ResourceFulStrike"],"picked":"SKIP","floor":10},{"not_picked":["theMarked:PowerFlow","theMarked:BanishingStrike","theMarked:Memento"],"picked":"SKIP","floor":13},{"not_picked":["theMarked:Abjuration","theMarked:Vacuum"],"picked":"theMarked:SuspiciousRaven","floor":16},{"not_picked":["theMarked:Reabsorb","theMarked:ShockingTouch+1"],"picked":"theMarked:ParalyzingBlade","floor":18},{"not_picked":["theMarked:CreepingChasm+1","theMarked:WastefulAttack"],"picked":"theMarked:HeightenedSenses","floor":19},{"not_picked":["theMarked:StartUp","theMarked:ResourceFulStrike+1"],"picked":"theMarked:HeightenedSenses","floor":19}],"player_experience":741039,"relics_obtained":[{"floor":3,"key":"Bronze Scales"},{"floor":6,"key":"Darkstone Periapt"},{"floor":9,"key":"hubris:Teleporter"},{"floor":13,"key":"infinitespire:Satchel"},{"floor":19,"key":"Bottled Lightning"}],"event_choices":[{"damage_healed":0,"gold_gain":175,"player_choice":"AGREE","damage_taken":0,"max_hp_gain":0,"max_hp_loss":0,"event_name":"Liars Game","floor":11,"gold_loss":0,"cards_obtained":["Doubt"]},{"damage_healed":25,"gold_gain":0,"player_choice":"Banana","damage_taken":0,"max_hp_gain":0,"max_hp_loss":0,"event_name":"Big Fish","floor":12,"gold_loss":0},{"damage_healed":19,"gold_gain":0,"player_choice":"Healed","damage_taken":0,"max_hp_gain":0,"max_hp_loss":0,"event_name":"The Cleric","floor":14,"gold_loss":35},{"damage_healed":0,"gold_gain":0,"player_choice":"Upgrade","damage_taken":0,"max_hp_gain":0,"max_hp_loss":0,"event_name":"Designer","floor":20,"gold_loss":40,"cards_upgraded":["theMarked:ParalyzingBlade"]}],"is_beta":false,"boss_relics":[{"not_picked":["hubris:CrackedHourglass","infinitespire:Cupcake"],"picked":"theMarked:Eyepatch"}],"items_purged_floors":[],"is_endless":false,"potions_floor_spawned":[4,6,13],"killed_by":"Chosen","ascension_level":0}}