{"host":"qbjtml023iza03hb","time":1612196208,"event":{"mods":["AchievementEnabler","BaseMod","Better Sensory Stone","Hermit","Minty Spire (QoL Compilation)","StSLib","The Animator","The Cursed"],"gold_per_floor":[125,144,161,192,203,203,215,215,215,243,267,217,392,421,421,421,421],"floor_reached":16,"language":"FRA","playtime":2019,"items_purged":[],"score":131,"play_id":"4f4ff819-2730-4931-8cef-3fc60887581a","local_time":"20210201171648","is_ascension_mode":true,"campfire_choices":[{"data":"animator:LizardPriest","floor":6.0,"key":"SMITH"},{"data":"animator:Darkness","floor":8.0,"key":"SMITH"},{"data":"animator:Mitsurugi","floor":15,"key":"SMITH"}],"circlet_count":0,"master_deck":["animator:Strike_Elsword+1","animator:Defend_Elsword","animator:Strike","animator:Strike","animator:Strike","animator:Defend","animator:Chung","animator:Raven","animator:Fredrika","animator:Megumin+8","animator:LizardPriest+1","animator:Mitsurugi+1","animator:Darkness+1","animator:Entoma+4","animator:PandorasActor","animator:Lu","Doubt","animator:Alexander"],"relics":["animator:LivingPicture","animator:TheMissingPiece","Meat on the Bone","Whetstone","Toxic Egg 2"],"acts_visited":["Exordium"],"potions_floor_usage":[14,16,16],"damage_taken":[{"damage":0.0,"enemies":"Small Slimes","floor":1.0,"turns":3.0},{"damage":0.0,"enemies":"2 Louse","floor":2.0,"turns":2.0},{"damage":0.0,"enemies":"Cultist","floor":3.0,"turns":5.0},{"damage":4.0,"enemies":"Gremlin Gang","floor":4.0,"turns":5.0},{"damage":0.0,"enemies":"3 Louse","floor":5.0,"turns":3.0},{"damage":0.0,"enemies":"Exordium Wildlife","floor":7.0,"turns":3.0},{"damage":27.0,"enemies":"Lagavulin","floor":10.0,"turns":9.0},{"damage":0.0,"enemies":"2 Fungi Beasts","floor":11.0,"turns":3.0},{"damage":3,"enemies":"Gremlin Nob","floor":14,"turns":3},{"damage":44,"enemies":"Slime Boss","floor":16,"turns":7}],"seed_played":"-1492114808519494359","potions_obtained":[{"floor":1.0,"key":"Energy Potion"},{"floor":3.0,"key":"GamblersBrew"},{"floor":4.0,"key":"Explosive Potion"},{"floor":10.0,"key":"Explosive Potion"},{"floor":11,"key":"BlessingOfTheForge"}],"is_trial":false,"path_per_floor":["M","M","M","M","M","R","M","R","T","E","M","?","?","E","R","B"],"character_chosen":"THE_ANIMATOR","items_purchased":[],"campfire_rested":0,"item_purchase_floors":[],"current_hp_per_floor":[66,66,67,63,63,63,65,65,65,38,40,40,40,37,37,0,0],"gold":421,"neow_bonus":"TRANSFORM_CARD","is_daily":false,"chose_seed":false,"campfire_upgraded":3,"win_rate":0.0,"timestamp":1612196208,"path_taken":["M","M","M","M","M","R","M","R","T","E","M","?","?","E","R","BOSS"],"items_purchased_type":[],"build_version":"2020-12-22","purchased_purges":0,"victory":false,"max_hp_per_floor":[66,66,67,67,67,67,69,69,69,69,71,71,71,71,71,71,71],"card_choices":[{"not_picked":["animator:PandorasActor","animator:AcuraAkari"],"picked":"animator:Megumin","floor":1.0},{"not_picked":["animator:GuildGirl","animator:Caster"],"picked":"animator:LizardPriest","floor":2.0},{"not_picked":["animator:Togame","animator:Kazuma"],"picked":"animator:Mitsurugi","floor":3.0},{"not_picked":["animator:Vanir","animator:Mitsurugi"],"picked":"animator:Darkness","floor":4.0},{"not_picked":["animator:AcuraAkari","animator:Rider"],"picked":"animator:Entoma","floor":5.0},{"not_picked":["animator:ChaikaBohdan","animator:Viivi"],"picked":"animator:Entoma","floor":7.0},{"not_picked":["animator:Vanir","animator:Ara"],"picked":"animator:PandorasActor","floor":10.0},{"not_picked":["animator:Aisha","animator:Ciel"],"picked":"animator:Lu","floor":11},{"not_picked":["animator:Laby","animator:Hitei"],"picked":"animator:Alexander","floor":14}],"player_experience":531704,"relics_obtained":[{"floor":9.0,"key":"Meat on the Bone"},{"floor":10.0,"key":"Whetstone"},{"floor":14,"key":"Toxic Egg 2"}],"event_choices":[{"cards_removed":["animator:Defend"],"damage_healed":0,"gold_gain":0,"player_choice":"Card Removal","damage_taken":0,"max_hp_gain":0,"max_hp_loss":0,"event_name":"The Cleric","floor":12,"gold_loss":50},{"damage_healed":0,"gold_gain":175,"player_choice":"AGREE","damage_taken":0,"max_hp_gain":0,"max_hp_loss":0,"event_name":"Liars Game","floor":13,"gold_loss":0,"cards_obtained":["Doubt"]}],"is_beta":false,"boss_relics":[],"items_purged_floors":[],"is_endless":false,"potions_floor_spawned":[1,3,4,10,11],"killed_by":"Slime Boss","ascension_level":3}}