{"host":"s5d39dhq0ddhxhke","time":1612221438,"event":{"mods":["AchievementEnabler","BaseMod","Colored Map","Minty Spire (QoL Compilation)","Smile Girya","SuperFastMode"],"gold_per_floor":[117,131,131,145,164,189,189,224,224,239,239,256,270,3,3,81,81,93,111,111,123,123,123,156,173,227,227,246,258,258,258,258,337,337,353,353,371,389,389,389,420,420,420,436,468,486,4,20,20,20],"floor_reached":51,"language":"ENG","playtime":2184,"items_purged":[],"score":1477,"play_id":"d6a0b1bd-1feb-4697-8d17-003449597620","local_time":"20210202011718","is_ascension_mode":true,"campfire_choices":[{"floor":7,"key":"REST"},{"data":"Demon Form","floor":15,"key":"SMITH"},{"data":"Berserk","floor":23,"key":"SMITH"},{"floor":27,"key":"REST"},{"floor":30,"key":"REST"},{"data":"Armaments","floor":32,"key":"SMITH"},{"data":"Juggernaut","floor":40,"key":"SMITH"},{"floor":49,"key":"REST"}],"circlet_count":0,"master_deck":["AscendersBane","Bash","Demon Form+1","Uppercut","Metallicize","Flame Barrier","Impervious","Entrench","Body Slam","Shrug It Off","Heavy Blade","Impervious","Metallicize","Flame Barrier","Shrug It Off","Limit Break","Berserk+1","Juggernaut+1","Armaments+1","Heavy Blade","Impervious","Clothesline+1","Shockwave","Flame Barrier"],"relics":["Pandora\u0027s Box","MealTicket","Lantern","CaptainsWheel","Pear","Tiny Chest","SlaversCollar","Oddly Smooth Stone","Centennial Puzzle","Snecko Eye","Shuriken","Bottled Tornado","Nunchaku","Calipers","ClockworkSouvenir","Magic Flower"],"acts_visited":["Exordium","TheCity","TheBeyond"],"potions_floor_usage":[8,24,29,50],"damage_taken":[{"damage":7,"enemies":"Small Slimes","floor":1,"turns":4},{"damage":5,"enemies":"Cultist","floor":2,"turns":4},{"damage":5,"enemies":"Jaw Worm","floor":4,"turns":5},{"damage":12,"enemies":"Lots of Slimes","floor":5,"turns":6},{"damage":34,"enemies":"Lagavulin","floor":6,"turns":6},{"damage":24,"enemies":"Gremlin Nob","floor":8,"turns":5},{"damage":0,"enemies":"Looter","floor":10,"turns":3},{"damage":6,"enemies":"Large Slime","floor":12,"turns":5},{"damage":0,"enemies":"Blue Slaver","floor":13,"turns":5},{"damage":29,"enemies":"The Guardian","floor":16,"turns":10},{"damage":4,"enemies":"Chosen","floor":18,"turns":4},{"damage":6,"enemies":"3 Byrds","floor":19,"turns":5},{"damage":18,"enemies":"Shelled Parasite and Fungi","floor":21,"turns":5},{"damage":46,"enemies":"Slavers","floor":24,"turns":8},{"damage":6,"enemies":"Chosen and Byrds","floor":25,"turns":6},{"damage":4,"enemies":"Centurion and Healer","floor":28,"turns":7},{"damage":18,"enemies":"Cultist and Chosen","floor":29,"turns":7},{"damage":0,"enemies":"Automaton","floor":33,"turns":7},{"damage":5,"enemies":"Orb Walker","floor":35,"turns":4},{"damage":13,"enemies":"3 Shapes","floor":37,"turns":5},{"damage":15,"enemies":"Spire Growth","floor":38,"turns":4},{"damage":10,"enemies":"Giant Head","floor":41,"turns":6},{"damage":35,"enemies":"Jaw Worm Horde","floor":44,"turns":5},{"damage":0,"enemies":"Nemesis","floor":45,"turns":5},{"damage":0,"enemies":"4 Shapes","floor":46,"turns":5},{"damage":0,"enemies":"Maw","floor":48,"turns":6},{"damage":30,"enemies":"Awakened One","floor":50,"turns":9}],"seed_played":"2200238326983886558","potions_obtained":[{"floor":5,"key":"BlessingOfTheForge"},{"floor":6,"key":"LiquidMemories"},{"floor":8,"key":"SkillPotion"},{"floor":24,"key":"Weak Potion"},{"floor":28,"key":"Fire Potion"},{"floor":37,"key":"PowerPotion"}],"is_trial":false,"path_per_floor":["M","M","?","M","M","E","R","E","T","M","?","M","M","$","R","B",null,"M","M","$","M","?","R","E","M","T","R","M","M","R","?","R","B",null,"M","T","M","M","$","R","E","?","T","M","E","M","$","M","R","B",null],"character_chosen":"IRONCLAD","items_purchased":["Tiny Chest","FairyPotion","ClockworkSouvenir","Magic Flower"],"campfire_rested":4,"item_purchase_floors":[14,14,47,47],"current_hp_per_floor":[61,56,56,51,39,5,27,3,13,13,41,35,35,50,50,21,69,65,59,74,56,56,56,10,4,4,29,25,7,32,32,32,32,72,67,67,54,39,54,54,44,44,44,9,9,9,24,24,48,18],"gold":20,"neow_bonus":"BOSS_RELIC","is_daily":false,"chose_seed":false,"campfire_upgraded":4,"win_rate":0.0,"timestamp":1612221438,"path_taken":["M","M","?","?","M","E","R","E","T","M","?","M","M","?","R","BOSS","M","M","?","M","?","R","E","M","T","R","M","M","R","?","R","BOSS","M","?","M","?","?","R","E","?","T","M","E","M","$","M","R","BOSS"],"items_purchased_type":["Relic","Potion","Relic","Relic"],"build_version":"2020-12-22","purchased_purges":0,"victory":true,"max_hp_per_floor":[75,75,75,75,75,75,75,75,85,85,85,85,85,85,85,85,85,85,85,85,85,85,85,85,85,85,85,85,85,85,85,85,85,85,85,85,85,85,85,85,85,81,81,81,81,81,81,81,81,81],"card_choices":[{"not_picked":["Armaments","Clothesline"],"picked":"Body Slam","floor":1},{"not_picked":["Combust","Sword Boomerang"],"picked":"Shrug It Off","floor":2},{"not_picked":["Intimidate","Perfected Strike"],"picked":"Heavy Blade","floor":4},{"not_picked":["Anger","Wild Strike","Perfected Strike"],"picked":"SKIP","floor":5},{"not_picked":["Fire Breathing","Sword Boomerang"],"picked":"Impervious","floor":6},{"not_picked":["Pommel Strike","Headbutt"],"picked":"Metallicize","floor":8},{"not_picked":["Warcry","Pommel Strike","Evolve"],"picked":"SKIP","floor":10},{"not_picked":["Shrug It Off","Thunderclap"],"picked":"Flame Barrier","floor":12},{"not_picked":["Sentinel","Thunderclap"],"picked":"Shrug It Off","floor":13},{"not_picked":["Demon Form","Reaper"],"picked":"Limit Break","floor":16},{"not_picked":["Wild Strike","Warcry","Rupture"],"picked":"SKIP","floor":18},{"not_picked":["Burning Pact","Thunderclap","Clash"],"picked":"SKIP","floor":19},{"not_picked":["Hemokinesis","Rupture","Havoc+1"],"picked":"SKIP","floor":21},{"not_picked":["Blood for Blood+1","Havoc"],"picked":"Juggernaut","floor":24},{"not_picked":["Iron Wave","Wild Strike","Disarm"],"picked":"SKIP","floor":25},{"not_picked":["Flex","Wild Strike","Clash"],"picked":"SKIP","floor":28},{"not_picked":["Clash","Feel No Pain","Clothesline"],"picked":"SKIP","floor":29},{"not_picked":["Havoc","Pommel Strike+1","Warcry"],"picked":"SKIP","floor":35},{"not_picked":["Thunderclap","Warcry","Sword Boomerang"],"picked":"SKIP","floor":37},{"not_picked":["Rampage+1","Second Wind"],"picked":"Impervious","floor":38},{"not_picked":["Rupture","Shrug It Off","Uppercut"],"picked":"SKIP","floor":41},{"not_picked":["Seeing Red","Iron Wave+1"],"picked":"Clothesline+1","floor":44},{"not_picked":["Bloodletting+1","Shrug It Off"],"picked":"Shockwave","floor":45},{"not_picked":["Shockwave","Heavy Blade","Thunderclap+1"],"picked":"SKIP","floor":46},{"not_picked":["Power Through","Dark Embrace"],"picked":"Flame Barrier","floor":48}],"player_experience":471293,"relics_obtained":[{"floor":6,"key":"Lantern"},{"floor":8,"key":"CaptainsWheel"},{"floor":9,"key":"Pear"},{"floor":24,"key":"Oddly Smooth Stone"},{"floor":26,"key":"Centennial Puzzle"},{"floor":36,"key":"Shuriken"},{"floor":41,"key":"Bottled Tornado"},{"floor":43,"key":"Nunchaku"},{"floor":45,"key":"Calipers"}],"event_choices":[{"cards_removed":["Flex"],"damage_healed":0,"gold_gain":0,"player_choice":"Gave Card","damage_taken":0,"relics_obtained":["MealTicket"],"max_hp_gain":0,"max_hp_loss":0,"event_name":"WeMeetAgain","floor":3,"gold_loss":0},{"damage_healed":28,"gold_gain":0,"player_choice":"Banana","damage_taken":0,"max_hp_gain":0,"max_hp_loss":0,"event_name":"Big Fish","floor":11,"gold_loss":0},{"damage_healed":0,"gold_gain":0,"player_choice":"Read","damage_taken":0,"max_hp_gain":0,"max_hp_loss":0,"event_name":"The Library","floor":22,"gold_loss":0,"cards_obtained":["Berserk"]},{"damage_healed":0,"gold_gain":0,"cards_transformed":["Searing Blow","Reckless Charge"],"player_choice":"Became Test Subject","damage_taken":0,"max_hp_gain":0,"max_hp_loss":0,"event_name":"Drug Dealer","floor":31,"gold_loss":0,"cards_obtained":["Armaments","Heavy Blade"]},{"damage_healed":0,"gold_gain":0,"player_choice":"Max HP","damage_taken":0,"max_hp_gain":0,"max_hp_loss":4,"event_name":"Winding Halls","floor":42,"gold_loss":0}],"is_beta":false,"boss_relics":[{"not_picked":["Astrolabe","Ectoplasm"],"picked":"SlaversCollar"},{"not_picked":["Fusion Hammer","SacredBark"],"picked":"Snecko Eye"}],"items_purged_floors":[],"is_endless":false,"potions_floor_spawned":[5,6,8,12,16,21,24,28,37,38,41,46],"ascension_level":16}}