{"host":"bq4pt811tk9yrmjl","time":1612189342,"event":{"mods":["AchievementEnabler","BaseMod","Colored Map","Colored Powertips","Defuse TimeMaze Blight","Hermit","Minty Spire (QoL Compilation)","Smile Girya","StSLib","SuperFastMode"],"gold_per_floor":[110,120,120,17,17,17,51,61,61,36,36,36,62,76,76,173,173,192,192,192,212,212,237,237,269,269,317,329,182,182,29,29,125,125,141,72,122,0,10,10,10,10,10,21,21,21,34,34,34,34,34],"floor_reached":50,"language":"ENG","playtime":1121,"items_purged":["Blizzard"],"score":584,"play_id":"854749cb-4e3a-4940-b0fb-1b0756909668","local_time":"20210201122222","is_ascension_mode":true,"campfire_choices":[{"data":"Streamline","floor":6.0,"key":"SMITH"},{"data":"Cold Snap","floor":11.0,"key":"SMITH"},{"floor":15.0,"key":"REST"},{"floor":24.0,"key":"REST"},{"data":"Echo Form","floor":30.0,"key":"SMITH"},{"data":"Loop","floor":32.0,"key":"SMITH"},{"floor":40.0,"key":"RECALL"},{"data":"White Noise","floor":46.0,"key":"SMITH"},{"data":"Force Field","floor":49,"key":"SMITH"}],"circlet_count":0,"master_deck":["Strike_B","Strike_B","Defend_B","Defend_B+1","Defend_B+1","Defend_B","Zap+1","Dualcast+1","Cold Snap+1","Conserve Battery","Streamline+1","Auto Shields","Self Repair","Echo Form+1","White Noise+1","Force Field+1","Go for the Eyes+1","Blizzard+1","Loop+1","Sunder+1","Stack+1","Panacea","Parasite"],"relics":["Cracked Core","NeowsBlessing","DataDisk","Potion Belt","Symbiotic Virus","Busted Crown","Molten Egg 2","War Paint","Bronze Scales","InkBottle","Bag of Preparation","OrangePellets","Nuclear Battery","Bird Faced Urn","Red Mask","FossilizedHelix"],"acts_visited":["Exordium","TheCity","TheBeyond"],"potions_floor_usage":[],"damage_taken":[{"damage":0.0,"enemies":"Small Slimes","floor":1.0,"turns":1.0},{"damage":0.0,"enemies":"Jaw Worm","floor":2.0,"turns":1.0},{"damage":0.0,"enemies":"3 Sentries","floor":7.0,"turns":1.0},{"damage":0.0,"enemies":"2 Louse","floor":8.0,"turns":2.0},{"damage":5.0,"enemies":"Lagavulin","floor":13.0,"turns":4.0},{"damage":9.0,"enemies":"Exordium Thugs","floor":14.0,"turns":3.0},{"damage":4.0,"enemies":"The Guardian","floor":16.0,"turns":10.0},{"damage":10.0,"enemies":"Shell Parasite","floor":18.0,"turns":5.0},{"damage":1.0,"enemies":"Chosen","floor":21.0,"turns":5.0},{"damage":52.0,"enemies":"Slavers","floor":23.0,"turns":6.0},{"damage":8.0,"enemies":"Book of Stabbing","floor":25.0,"turns":6.0},{"damage":0.0,"enemies":"Snake Plant","floor":28.0,"turns":5.0},{"damage":2.0,"enemies":"Automaton","floor":33.0,"turns":12.0},{"damage":0.0,"enemies":"Orb Walker","floor":35.0,"turns":4.0},{"damage":4.0,"enemies":"Mind Bloom Boss Battle","floor":37.0,"turns":6.0},{"damage":0.0,"enemies":"3 Darklings","floor":39.0,"turns":4.0},{"damage":0.0,"enemies":"4 Shapes","floor":44.0,"turns":8.0},{"damage":0,"enemies":"Writhing Mass","floor":47,"turns":8},{"damage":99,"enemies":"Donu and Deca","floor":50,"turns":11}],"seed_played":"-834623717654063442","potions_obtained":[{"floor":1.0,"key":"Swift Potion"},{"floor":2.0,"key":"AttackPotion"},{"floor":14.0,"key":"Swift Potion"},{"floor":16.0,"key":"Swift Potion"},{"floor":23.0,"key":"Fire Potion"},{"floor":28.0,"key":"Explosive Potion"},{"floor":37.0,"key":"BlessingOfTheForge"}],"is_trial":false,"path_per_floor":["M","M","?","$","?","R","E","M","T","?","R","?","E","M","R","B",null,"M","?","?","M","?","E","R","E","T","T","M","$","R","$","R","B",null,"M","$","?","?","M","R","?","?","T","M","$","R","M","?","R","B"],"character_chosen":"DEFECT","items_purchased":["Conserve Battery","Streamline","Loop","OrangePellets","Sunder+1"],"campfire_rested":2,"item_purchase_floors":[4,4,29,31,36],"current_hp_per_floor":[75,75,75,75,60,60,60,60,60,60,60,48,43,41,63,66,75,72,72,72,75,75,37,59,58,58,58,65,65,65,65,65,75,75,75,75,75,75,75,75,75,75,75,75,75,75,75,71,71,0,0],"gold":34,"neow_bonus":"THREE_ENEMY_KILL","is_daily":false,"chose_seed":false,"campfire_upgraded":6,"win_rate":0.0,"timestamp":1612189342,"path_taken":["M","M","?","$","?","R","E","M","T","?","R","?","E","M","R","BOSS","M","?","?","?","?","E","R","E","T","?","?","$","R","?","R","BOSS","M","$","?","?","M","R","?","?","T","M","$","R","M","?","R","BOSS"],"items_purchased_type":["Card","Card","Card","Relic","Card"],"build_version":"2020-12-22","purchased_purges":1,"victory":false,"max_hp_per_floor":[75,75,75,75,75,75,75,75,75,75,75,75,75,75,75,75,75,75,75,75,75,75,75,75,75,75,75,75,75,75,75,75,75,75,75,75,75,75,75,75,75,75,75,75,75,75,75,71,71,71,71],"card_choices":[{"not_picked":["Chaos","Auto Shields","Leap"],"picked":"SKIP","floor":1.0},{"not_picked":["Rebound","Beam Cell"],"picked":"Cold Snap","floor":2.0},{"not_picked":["Compile Driver","Storm","Skim"],"picked":"SKIP","floor":7.0},{"not_picked":["Hello World","Hologram"],"picked":"Auto Shields","floor":8.0},{"not_picked":["Glacier","Turbo"],"picked":"Self Repair","floor":13.0},{"not_picked":["Stack","Undo","Ball Lightning"],"picked":"SKIP","floor":14.0},{"not_picked":["All For One","Seek"],"picked":"Echo Form","floor":16.0},{"not_picked":[],"picked":"White Noise","floor":18.0},{"not_picked":["Scrape"],"picked":"SKIP","floor":21.0},{"not_picked":[],"picked":"Go for the Eyes+1","floor":23.0},{"not_picked":[],"picked":"Blizzard+1","floor":25.0},{"not_picked":["Gash+1"],"picked":"SKIP","floor":28.0},{"not_picked":["Rip and Tear+1"],"picked":"SKIP","floor":35.0},{"not_picked":[],"picked":"Stack+1","floor":39.0},{"not_picked":[],"picked":"Panacea","floor":42.0},{"not_picked":["Tempest"],"picked":"SKIP","floor":44.0},{"not_picked":["White Noise"],"picked":"SKIP","floor":47}],"player_experience":291588,"relics_obtained":[{"floor":7.0,"key":"DataDisk"},{"floor":13.0,"key":"Symbiotic Virus"},{"floor":23.0,"key":"War Paint"},{"floor":25.0,"key":"Bronze Scales"},{"floor":26.0,"key":"InkBottle"},{"floor":27.0,"key":"Bag of Preparation"},{"floor":37.0,"key":"Bird Faced Urn"},{"floor":43.0,"key":"FossilizedHelix"}],"event_choices":[{"damage_healed":0.0,"max_hp_gain":0.0,"max_hp_loss":0.0,"gold_gain":0.0,"event_name":"Golden Wing","player_choice":"Ignored","floor":3.0,"gold_loss":0.0,"damage_taken":0.0},{"damage_healed":0.0,"max_hp_gain":0.0,"max_hp_loss":0.0,"gold_gain":0.0,"event_name":"Shining Light","player_choice":"Entered Light","floor":5.0,"gold_loss":0.0,"damage_taken":15.0,"cards_upgraded":["Zap","Defend_B"]},{"damage_healed":0.0,"max_hp_gain":0.0,"max_hp_loss":0.0,"gold_gain":0.0,"event_name":"World of Goop","player_choice":"Left Gold","floor":10.0,"gold_loss":25.0,"damage_taken":0.0},{"damage_healed":0.0,"max_hp_gain":0.0,"max_hp_loss":0.0,"gold_gain":0.0,"event_name":"Scrap Ooze","player_choice":"Success","floor":12.0,"gold_loss":0.0,"damage_taken":12.0,"relics_obtained":["Potion Belt"]},{"damage_healed":0.0,"max_hp_gain":0.0,"max_hp_loss":0.0,"gold_gain":0.0,"event_name":"Ghosts","player_choice":"Ignored","floor":19.0,"gold_loss":0.0,"damage_taken":0.0},{"damage_healed":0.0,"max_hp_gain":0.0,"max_hp_loss":0.0,"gold_gain":0.0,"cards_transformed":["Strike_B","Strike_B"],"event_name":"Drug Dealer","player_choice":"Became Test Subject","floor":20.0,"gold_loss":0.0,"damage_taken":0.0,"cards_obtained":["Force Field","Blizzard"]},{"damage_healed":0.0,"max_hp_gain":0.0,"max_hp_loss":0.0,"gold_gain":0.0,"event_name":"The Mausoleum","player_choice":"Opened","floor":22.0,"gold_loss":0.0,"damage_taken":0.0,"relics_obtained":["Molten Egg 2"]},{"damage_healed":0.0,"max_hp_gain":0.0,"max_hp_loss":0.0,"gold_gain":0.0,"event_name":"MindBloom","player_choice":"Fight","floor":37.0,"gold_loss":0.0,"damage_taken":0.0},{"damage_healed":0.0,"max_hp_gain":0.0,"max_hp_loss":0.0,"gold_gain":0.0,"event_name":"Tomb of Lord Red Mask","player_choice":"Paid","floor":38.0,"gold_loss":122.0,"damage_taken":0.0,"relics_obtained":["Red Mask"]},{"damage_healed":0.0,"max_hp_gain":0.0,"max_hp_loss":0.0,"gold_gain":0.0,"event_name":"Mysterious Sphere","player_choice":"Ignored","floor":41.0,"gold_loss":0.0,"damage_taken":0.0},{"damage_healed":0.0,"max_hp_gain":0.0,"max_hp_loss":0.0,"gold_gain":0.0,"event_name":"SensoryStone","player_choice":"Memory 1","floor":42.0,"gold_loss":0.0,"damage_taken":0.0},{"damage_healed":0,"gold_gain":0,"player_choice":"Max HP","damage_taken":0,"max_hp_gain":0,"max_hp_loss":4,"event_name":"Winding Halls","floor":48,"gold_loss":0}],"is_beta":false,"boss_relics":[{"not_picked":["Runic Dome","Philosopher\u0027s Stone"],"picked":"Busted Crown"},{"not_picked":["Tiny House","Pandora\u0027s Box"],"picked":"Nuclear Battery"}],"items_purged_floors":[29],"is_endless":false,"potions_floor_spawned":[1,2,14,16,23,28,37],"killed_by":"Donu and Deca","ascension_level":1}}