{"host":"o3b7ow6d1xe49css","time":1612142889,"event":{"mods":["Act Like it!","Aspiration","BaseMod","Bestiary","Better Altar","Better Match","Better Note","Better Sensory Stone","Better Skull","Better Third Choice","Colored Powertips","Conspire","Energized Spire","Force Act Four","GifTheSpireLib","Halation","Hermit","Hubris","Infinite Spire","Lobotomy","Minty Spire (QoL Compilation)","Quick Restart","Rare Cards Sparkle","Relic Filter Mod","Reliquary","Replay The Spire","Spicy Shops","Spikes Relics","Spire Arcade","StSLib","Stuff the Spire","The Blue Laboratory","Wandering Minibosses"],"gold_per_floor":[110,129,147,147,163,196,42,42,123,153,153,186,186,216,216,316,316,333,349,89,99,99,131,164,164,164,914,914,914,914,946,946,1041,1041,1059,388,406,406,406,434,460,472,472,472,472,472,178,178,178,178,178,178,34,62,160],"floor_reached":56,"language":"ENG","playtime":2778,"items_purged":["hermit:Strike_Hermit","hermit:Strike_Hermit","OldLady"],"score":1362,"play_id":"2567eb82-b0ca-40f4-b30c-be0cccdf9323","local_time":"20210131162809","daily_mods":["Heirloom","Flight"],"is_ascension_mode":false,"campfire_choices":[{"data":"hermit:Snipe","floor":8,"key":"SMITH"},{"floor":13,"key":"REST"},{"data":"hermit:WideOpen","floor":15,"key":"SMITH"},{"floor":29,"key":"RECALL"},{"data":"hermit:Brawl","floor":30,"key":"SMITH"},{"data":"hermit:Ricochet","floor":32,"key":"SMITH"},{"data":"hermit:PistolWhip","floor":44,"key":"SMITH"},{"data":"hermit:Snapshot","floor":45,"key":"SMITH"},{"data":"OSAHOGD","floor":46,"key":"PURGE"},{"data":"hermit:RoundhouseKick","floor":49,"key":"SMITH"},{"data":"hermit:Snipe","floor":52,"key":"SMITH"}],"circlet_count":0,"master_deck":["hermit:Strike_Hermit+1","hermit:Defend_Hermit","hermit:Defend_Hermit","hermit:Defend_Hermit","hermit:Snapshot+1","hermit:Covet","hermit:Snipe+1","UniverseFragment","hermit:Ricochet+1","hermit:Desperado+1","hermit:WideOpen+1","hermit:RoundhouseKick+1","hermit:Feint","hermit:LoneWolf","hermit:Brawl+1","hermit:Gestalt","hermit:BlackWind","hermit:PistolWhip+1","hermit:Snipe+1","hermit:FlashPowder"],"relics":["hermit:Momento","Ring of Chaos","Dead Branch","CogitoBucket","hubris:64BitClover","Pear","aspiration:HatOfInfinitePower","conspire:Flyswatter","Bag of Preparation","Runic Pyramid","LuminousBracelet","Whetstone","halation:TwoAmDonut","Gremlin Food","Nloth\u0027s Gift","wanderingMiniBosses:MasterThiefsPresence","BehaviorAdjustment","ReplayTheSpireMod:Lightbulb","conspire:RoyalGoblet","hubris:PeanutButter","Snack Pack","Garlic","halation:Komachan","StuffTheSpire:DarkSteelAnvil","White Beast Statue","SkinProphecy","Peace Pipe","Mango","Bottled Flame"],"acts_visited":["Exordium","TheCity","TheBeyond","TheEnding"],"potions_floor_usage":[10,14,18,23,42,42,50,55,55],"damage_taken":[{"damage":10,"enemies":"Jaw Worm","floor":1,"turns":5},{"damage":2,"enemies":"2 Louse","floor":2,"turns":2},{"damage":1,"enemies":"Cultist","floor":3,"turns":4},{"damage":11,"enemies":"Lots of Slimes","floor":5,"turns":4},{"damage":16,"enemies":"3 Sentries","floor":6,"turns":8},{"damage":13,"enemies":"Lagavulin","floor":10,"turns":6},{"damage":8,"enemies":"Gremlin Nob","floor":12,"turns":3},{"damage":5,"enemies":"3 Sentries","floor":14,"turns":4},{"damage":15,"enemies":"Fading Forest","floor":16,"turns":11},{"damage":4,"enemies":"Shell Parasite","floor":18,"turns":3},{"damage":0,"enemies":"Chosen","floor":19,"turns":3},{"damage":6,"enemies":"Centurion and Healer","floor":21,"turns":4},{"damage":5,"enemies":"Nightmare","floor":23,"turns":7},{"damage":16,"enemies":"Book of Stabbing","floor":24,"turns":4},{"damage":52,"enemies":"3 Cultists","floor":27,"turns":10},{"damage":0,"enemies":"Gremlin Leader","floor":31,"turns":2},{"damage":24,"enemies":"hubris:MusketHawk","floor":33,"turns":7},{"damage":3,"enemies":"Orb Walker","floor":35,"turns":2},{"damage":3,"enemies":"3 Darklings","floor":37,"turns":2},{"damage":2,"enemies":"R_Hoarder","floor":40,"turns":5},{"damage":1,"enemies":"Nemesis","floor":41,"turns":4},{"damage":31,"enemies":"4 Shapes","floor":42,"turns":10},{"damage":45,"enemies":"hubris:GrandSnecko","floor":50,"turns":9},{"damage":22,"enemies":"Shield and Spear","floor":54,"turns":7},{"damage":14,"enemies":"The Heart","floor":55,"turns":6}],"seed_played":"-2452876365747421413","potions_obtained":[{"floor":3,"key":"Weak Potion"},{"floor":5,"key":"blueLaboratory:PyrophylliteBrew"},{"floor":12,"key":"GamblersBrew"},{"floor":14,"key":"LifebloodPotion"},{"floor":16,"key":"GamblersBrew"},{"floor":18,"key":"PowerPotion"},{"floor":19,"key":"blueLaboratory:StoneskinPotion"},{"floor":27,"key":"Adrenaline Potion"},{"floor":31,"key":"blueLaboratory:FrostheartPotion"},{"floor":42,"key":"blueLaboratory:PyrophylliteBrew"},{"floor":54,"key":"blueLaboratory:BubblePotion"}],"is_trial":true,"path_per_floor":["M","M","M","?","M","E","$","R","T","E","?","E","R","E","R","B",null,"M","M","$","M","AVR","NM","E","?","T","M","?","R","R","E","R","B",null,"M","$","M","AVR","?","E","E","M","T","R","R","R","$","?","R","B",null,"R","$","E","B",null],"character_chosen":"HERMIT","items_purchased":["hermit:Ricochet","hermit:Desperado","hermit:Brawl","Whetstone","Snack Pack","Garlic","hermit:PistolWhip","Mango","hermit:FlashPowder","Dexterity Potion"],"campfire_rested":1,"item_purchase_floors":[7,7,20,20,36,36,36,47,53,53],"current_hp_per_floor":[65,63,62,62,51,35,35,35,45,32,32,24,49,44,44,39,85,96,96,96,91,91,87,72,72,72,90,90,90,90,90,90,80,90,87,87,86,86,90,90,90,72,72,72,72,72,86,86,86,95,96,96,96,82,88],"gold":160,"neow_bonus":"","is_daily":false,"chose_seed":false,"campfire_upgraded":8,"win_rate":0.0,"timestamp":1612142889,"path_taken":["M","M","M","?","M","E","$","R","T","E","?","E","R","E","R","BOSS","M","M","$","?","AVR","NM","E","?","T","M","?","R","R","E","R","BOSS","M","$","M","AVR","?","E","E","?","T","R","R","R","$","?","R","BOSS","R","$","E","BOSS"],"items_purchased_type":["Card","Card","Card","Relic","Relic","Relic","Card","Relic","Card","Potion"],"build_version":"2020-12-22","purchased_purges":3,"victory":true,"max_hp_per_floor":[75,75,75,75,75,75,75,75,85,85,85,85,85,85,85,85,85,100,100,100,100,100,90,90,90,90,90,90,90,90,90,90,90,90,90,90,90,90,90,90,90,80,80,80,80,80,94,94,94,96,96,96,96,98,100],"card_choices":[{"not_picked":["Porccubus","CherryBlossoms"],"picked":"OldLady","floor":1},{"not_picked":["hermit:Combo","hermit:ShadowCloak"],"picked":"hermit:Snipe","floor":1},{"not_picked":["Freischutz","CherryBlossoms","MHz"],"picked":"Singing Bowl","floor":2},{"not_picked":["QueenBee","Laetitia"],"picked":"UniverseFragment","floor":2},{"not_picked":["hermit:HoleUp","hermit:ItchyTrigger","hermit:Glare"],"picked":"SKIP","floor":2},{"not_picked":["Bloodbath","PunishingBird","Wellcheers"],"picked":"Singing Bowl","floor":3},{"not_picked":["hermit:Feint","hermit:TrackingShot","hermit:Shortfuse"],"picked":"SKIP","floor":3},{"not_picked":["MHz","CherryBlossoms","GalaxyChild"],"picked":"Singing Bowl","floor":5},{"not_picked":["hermit:BigShot","hermit:CalledShot","hermit:BodyArmor"],"picked":"SKIP","floor":5},{"not_picked":["BeautyBeast","VoidDream","SpiderBud"],"picked":"Singing Bowl","floor":6},{"not_picked":["hermit:EyeOfTheStorm","hermit:Combo","hermit:ItchyTrigger"],"picked":"SKIP","floor":6},{"not_picked":["OSAHOGD","CherryBlossoms","Porccubus"],"picked":"Singing Bowl","floor":10},{"not_picked":["hermit:EternalForm","hermit:ItchyTrigger","hermit:TakeAim"],"picked":"SKIP","floor":10},{"not_picked":["PunishingBird","HeroicMonk","NakedNest"],"picked":"Singing Bowl","floor":12},{"not_picked":["hermit:Roulette","hermit:Ricochet","hermit:Coalescence"],"picked":"SKIP","floor":12},{"not_picked":["Bloodbath","FairyFestival","Scorched"],"picked":"Singing Bowl","floor":14},{"not_picked":["hermit:Scavenge","hermit:HoleUp"],"picked":"hermit:WideOpen","floor":14},{"not_picked":["hermit:Reprieve","hermit:OverwhelmingPower"],"picked":"hermit:RoundhouseKick","floor":16},{"not_picked":["VoidDream","Scorched","Wellcheers"],"picked":"Singing Bowl","floor":16},{"not_picked":["BlackSwan","GreedKing","GalaxyChild"],"picked":"Singing Bowl","floor":18},{"not_picked":["CrumblingArmor","FieryBird"],"picked":"OSAHOGD","floor":18},{"not_picked":["hermit:TakeAim","hermit:Virtue+1"],"picked":"hermit:Feint","floor":18},{"not_picked":["LittleHelper","LongBird","WallGazer"],"picked":"Singing Bowl","floor":19},{"not_picked":["hermit:Feint","hermit:SprayPray"],"picked":"hermit:LoneWolf","floor":19},{"not_picked":["hermit:OverwhelmingPower","hermit:Brawl+1","hermit:TakeCover"],"picked":"SKIP","floor":21},{"not_picked":["hermit:Snipe","hermit:Deadeye","hermit:WideOpen+1"],"picked":"SKIP","floor":23},{"not_picked":["Murderer","SilentOrchestra","Alriune"],"picked":"Singing Bowl","floor":24},{"not_picked":["hermit:Combo+1","hermit:Headshot","hermit:HighCaliber+1"],"picked":"SKIP","floor":24},{"not_picked":["Bloodbath","ShyLook","LongBird"],"picked":"Singing Bowl","floor":27},{"not_picked":["hermit:RoundhouseKick","hermit:CalledShot","hermit:Feint"],"picked":"SKIP","floor":27},{"not_picked":["DespairKnight","BeautyBeast","Scarecrow"],"picked":"Singing Bowl","floor":31},{"not_picked":["hermit:Snipe","hermit:Combo","hermit:Brawl+1"],"picked":"SKIP","floor":31},{"not_picked":["PunishingBird","QueenBee","WallGazer"],"picked":"Singing Bowl","floor":33},{"not_picked":["hermit:FinalCanter","hermit:Gambit"],"picked":"hermit:BlackWind","floor":33},{"not_picked":["hermit:ShadowCloak","hermit:Glare+1","hermit:Manifest+1"],"picked":"SKIP","floor":35},{"not_picked":["hermit:HoleUp","hermit:Enervate","hermit:Reprieve"],"picked":"SKIP","floor":37},{"not_picked":["hermit:Dissolve","hermit:Manifest+1","hermit:Feint"],"picked":"SKIP","floor":40},{"not_picked":["hermit:FinalCanter","hermit:Glare+1","hermit:ShadowCloak+1"],"picked":"SKIP","floor":41},{"not_picked":["hermit:Feint","hermit:TrackingShot+1"],"picked":"hermit:Snipe","floor":42},{"not_picked":["hermit:OverwhelmingPower","hermit:Adapt","hermit:GhostlyPresence"],"picked":"SKIP","floor":54},{"not_picked":["hermit:OverwhelmingPower","hermit:Adapt","hermit:GhostlyPresence"],"picked":"SKIP","floor":54}],"player_experience":1238099,"relics_obtained":[{"floor":6,"key":"hubris:64BitClover"},{"floor":9,"key":"Pear"},{"floor":10,"key":"aspiration:HatOfInfinitePower"},{"floor":12,"key":"conspire:Flyswatter"},{"floor":14,"key":"Bag of Preparation"},{"floor":23,"key":"StuffTheSpire:HeavyRock"},{"floor":24,"key":"Gremlin Food"},{"floor":27,"key":"wanderingMiniBosses:MasterThiefsPresence"},{"floor":31,"key":"ReplayTheSpireMod:Lightbulb"},{"floor":35,"key":"hubris:PeanutButter"},{"floor":40,"key":"StuffTheSpire:DarkSteelAnvil"},{"floor":41,"key":"White Beast Statue"},{"floor":43,"key":"Peace Pipe"},{"floor":54,"key":"Bottled Flame"}],"event_choices":[{"damage_healed":0,"gold_gain":0,"player_choice":"Leave","damage_taken":0,"max_hp_gain":0,"max_hp_loss":0,"event_name":"conspire:Investor","floor":4,"gold_loss":0},{"cards_removed":["hermit:Strike_Hermit"],"damage_healed":0,"gold_gain":0,"player_choice":"Purged","damage_taken":0,"max_hp_gain":0,"max_hp_loss":0,"event_name":"Purifier","floor":11,"gold_loss":0},{"damage_healed":0,"gold_gain":0,"player_choice":"Traded Relic","damage_taken":0,"relics_obtained":["Nloth\u0027s Gift"],"max_hp_gain":0,"max_hp_loss":0,"event_name":"N\u0027loth","floor":25,"relics_lost":["StuffTheSpire:HeavyRock"],"gold_loss":0},{"damage_healed":0,"gold_gain":0,"cards_transformed":["hermit:Defend_Hermit"],"player_choice":"Transformed","damage_taken":0,"max_hp_gain":0,"max_hp_loss":0,"event_name":"Transmorgrifier","floor":28,"gold_loss":0,"cards_obtained":["hermit:Gestalt"]},{"damage_healed":5,"gold_gain":0,"player_choice":"LEAVE ","damage_taken":0,"relics_obtained":[],"max_hp_gain":0,"max_hp_loss":0,"event_name":"betterSkull:BetterSkull","floor":39,"gold_loss":0,"cards_upgraded":[]},{"damage_healed":5,"gold_gain":0,"player_choice":"LEAVE ","damage_taken":0,"relics_obtained":[],"max_hp_gain":0,"max_hp_loss":0,"event_name":"betterSkull:BetterSkull","floor":39,"gold_loss":0,"cards_upgraded":[]}],"is_beta":false,"boss_relics":[{"not_picked":["SacredBark","halation:PlatinumPhoenix"],"picked":"Runic Pyramid"},{"not_picked":["energizedSpire:RedRose","halation:ForbiddenBikini"],"picked":"conspire:RoyalGoblet"}],"items_purged_floors":[7,22,36],"is_endless":true,"potions_floor_spawned":[3,5,12,14,16,18,19,27,31,37,40,41,42,54,55],"ascension_level":0}}