{"host":"qxeepl7ydvsgmfdb","time":1612189475,"event":{"mods":["AchievementEnabler","BaseMod","Colored Powertips","Minty Spire (QoL Compilation)","Quick Restart","slay the spire mod where everything is the same but ironclad has a cowboy hat"],"gold_per_floor":[119,294,304,304,304,304,304,340,418,432,432,432,432,81,81,205,205,219,134,134,159,179,179,220,220,220,53,53,69,69,82,82,207,207,223,60,60,60,73,73,92,128,180,105,0,0,0],"floor_reached":46,"language":"ENG","playtime":1377,"items_purged":["Regret"],"score":562,"play_id":"a60e2cdb-d90b-4973-8a85-4d159e503e5c","local_time":"20210201092435","is_ascension_mode":false,"campfire_choices":[{"floor":6.0,"key":"RECALL"},{"data":"Poisoned Stab","floor":11.0,"key":"SMITH"},{"floor":13.0,"key":"REST"},{"data":"Dagger Spray","floor":15.0,"key":"SMITH"},{"floor":23.0,"key":"REST"},{"floor":25.0,"key":"REST"},{"floor":32.0,"key":"REST"},{"data":"Phantasmal Killer","floor":40.0,"key":"SMITH"}],"circlet_count":0,"master_deck":["Strike_G","Strike_G","Strike_G","Strike_G","Defend_G","Defend_G","Defend_G","Defend_G","Survivor","Neutralize","Poisoned Stab+1","PiercingWail","Blade Dance","Poisoned Stab","Blade Dance","Dagger Spray+1","Corpse Explosion","Cloak And Dagger","Catalyst+1","Cloak And Dagger","Phantasmal Killer+1","Deflect+1","Accuracy","Slice+1","Blade Dance"],"relics":["Ring of the Snake","NeowsBlessing","Paper Crane","Golden Idol","MealTicket","Singing Bowl","Blood Vial","Empty Cage","FossilizedHelix","FaceOfCleric","Tingsha","Ninja Scroll","MutagenicStrength","Black Star","Molten Egg 2","Boot","Omamori","Red Mask"],"acts_visited":["Exordium","TheCity","TheBeyond"],"potions_floor_usage":[42,42,42,46,46,46],"damage_taken":[{"damage":0.0,"enemies":"Small Slimes","floor":1.0,"turns":1.0},{"damage":0.0,"enemies":"2 Louse","floor":3.0,"turns":1.0},{"damage":0.0,"enemies":"Lagavulin","floor":8.0,"turns":1.0},{"damage":6.0,"enemies":"Cultist","floor":10.0,"turns":4.0},{"damage":54.0,"enemies":"The Guardian","floor":16.0,"turns":10.0},{"damage":29.0,"enemies":"Spheric Guardian","floor":18.0,"turns":5.0},{"damage":3.0,"enemies":"Chosen","floor":21.0,"turns":4.0},{"damage":0.0,"enemies":"Centurion and Healer","floor":22.0,"turns":2.0},{"damage":66.0,"enemies":"Gremlin Leader","floor":24.0,"turns":7.0},{"damage":3.0,"enemies":"3 Cultists","floor":29.0,"turns":4.0},{"damage":0.0,"enemies":"Snecko","floor":31.0,"turns":3.0},{"damage":96.0,"enemies":"Automaton","floor":33.0,"turns":10.0},{"damage":26.0,"enemies":"3 Darklings","floor":35.0,"turns":3.0},{"damage":0.0,"enemies":"Orb Walker","floor":39.0,"turns":2.0},{"damage":0.0,"enemies":"3 Darklings","floor":41.0,"turns":2.0},{"damage":42,"enemies":"Nemesis","floor":42,"turns":7},{"damage":105,"enemies":"Giant Head","floor":46,"turns":8}],"seed_played":"5450558348323361021","potions_obtained":[{"floor":1.0,"key":"LiquidMemories"},{"floor":8.0,"key":"EssenceOfSteel"},{"floor":18.0,"key":"Fire Potion"},{"floor":24.0,"key":"Energy Potion"},{"floor":31.0,"key":"SteroidPotion"},{"floor":39.0,"key":"Block Potion"}],"is_trial":false,"path_per_floor":["M","?","M","?","?","R","?","E","T","M","R","?","R","$","R","B",null,"M","?","?","M","M","R","E","R","T","$","?","M","?","M","R","B",null,"M","$","?","?","M","R","M","E","T","$","?","E"],"character_chosen":"THE_SILENT","items_purchased":["Blood Vial","Blade Dance","Strength Potion","Dagger Spray","Catalyst","FairyPotion","EntropicBrew","Accuracy","Blade Dance","Strength Potion"],"campfire_rested":4,"item_purchase_floors":[14,14,14,14,27,27,36,36,44,44],"current_hp_per_floor":[70,70,70,70,53,53,53,53,53,47,47,40,61,70,70,16,70,43,43,43,45,50,73,10,33,33,48,48,48,48,53,77,12,84,59,74,74,74,79,79,82,45,45,60,60,0,0],"gold":0,"neow_bonus":"THREE_ENEMY_KILL","is_daily":false,"chose_seed":false,"campfire_upgraded":3,"win_rate":0.0,"timestamp":1612189475,"path_taken":["M","?","M","?","?","R","?","E","T","?","R","?","R","$","R","BOSS","M","?","?","M","?","R","E","R","T","$","?","?","?","M","R","BOSS","M","$","?","?","M","R","?","E","T","?","?","E"],"items_purchased_type":["Relic","Card","Potion","Card","Card","Potion","Potion","Card","Card","Potion"],"build_version":"2020-12-22","purchased_purges":1,"victory":false,"max_hp_per_floor":[70,70,70,70,70,70,70,70,70,70,70,70,70,70,70,70,70,72,72,72,75,78,78,79,79,79,79,79,80,80,83,83,84,84,85,85,85,85,88,88,89,92,92,92,92,92,92],"card_choices":[{"not_picked":["Dash","Predator"],"picked":"Poisoned Stab","floor":1.0},{"not_picked":["Outmaneuver","Setup"],"picked":"PiercingWail","floor":3.0},{"not_picked":["Deflect","Blur"],"picked":"Blade Dance","floor":8.0},{"not_picked":["Eviscerate","Unload"],"picked":"Poisoned Stab","floor":10.0},{"not_picked":["Adrenaline","Tools of the Trade"],"picked":"Corpse Explosion","floor":16.0},{"not_picked":["Dagger Spray","Bane+1","Leg Sweep"],"picked":"Singing Bowl","floor":18.0},{"not_picked":["PiercingWail","Well Laid Plans","Predator"],"picked":"Singing Bowl","floor":21.0},{"not_picked":["Calculated Gamble","Dagger Throw","Underhanded Strike"],"picked":"Singing Bowl","floor":22.0},{"not_picked":["Bullet Time","Dagger Spray+1"],"picked":"Cloak And Dagger","floor":24.0},{"not_picked":["Flying Knee","Quick Slash"],"picked":"Cloak And Dagger","floor":29.0},{"not_picked":["Choke","Bane","Underhanded Strike"],"picked":"Singing Bowl","floor":31.0},{"not_picked":["A Thousand Cuts","Doppelganger"],"picked":"Phantasmal Killer","floor":33.0},{"not_picked":["Sucker Punch","Poisoned Stab"],"picked":"Deflect+1","floor":35.0},{"not_picked":["Corpse Explosion","Setup","Backflip"],"picked":"Singing Bowl","floor":39.0},{"not_picked":["Choke+1","Deadly Poison+1"],"picked":"Slice+1","floor":41.0},{"not_picked":["Flying Knee+1","Tools of the Trade","Expertise+1"],"picked":"Singing Bowl","floor":42}],"player_experience":163779,"relics_obtained":[{"floor":8.0,"key":"MealTicket"},{"floor":9.0,"key":"Singing Bowl"},{"floor":24.0,"key":"Tingsha"},{"floor":26.0,"key":"Ninja Scroll"},{"floor":38.0,"key":"Molten Egg 2"},{"floor":42,"key":"Boot"},{"floor":42,"key":"Omamori"}],"event_choices":[{"damage_healed":0.0,"max_hp_gain":0.0,"max_hp_loss":0.0,"gold_gain":175.0,"event_name":"Liars Game","player_choice":"AGREE","floor":2.0,"gold_loss":0.0,"damage_taken":0.0,"cards_obtained":["Doubt"]},{"damage_healed":0.0,"max_hp_gain":0.0,"max_hp_loss":0.0,"gold_gain":0.0,"event_name":"Big Fish","player_choice":"Box","floor":4.0,"gold_loss":0.0,"damage_taken":0.0,"relics_obtained":["Paper Crane"],"cards_obtained":["Regret"]},{"damage_healed":0.0,"max_hp_gain":0.0,"max_hp_loss":0.0,"gold_gain":0.0,"event_name":"Golden Idol","player_choice":"Take Damage","floor":5.0,"gold_loss":0.0,"damage_taken":17.0,"relics_obtained":["Golden Idol"]},{"damage_healed":0.0,"max_hp_gain":0.0,"max_hp_loss":0.0,"gold_gain":0.0,"event_name":"Wheel of Change","player_choice":"Cursed","floor":7.0,"gold_loss":0.0,"damage_taken":0.0,"cards_obtained":["Decay"]},{"cards_removed":["Decay"],"damage_healed":0.0,"max_hp_gain":0.0,"max_hp_loss":0.0,"gold_gain":0.0,"event_name":"Golden Wing","player_choice":"Card Removal","floor":12.0,"gold_loss":0.0,"damage_taken":7.0},{"damage_healed":0.0,"max_hp_gain":0.0,"max_hp_loss":0.0,"gold_gain":0.0,"event_name":"Addict","player_choice":"Obtained Relic","floor":19.0,"gold_loss":85.0,"damage_taken":0.0,"relics_obtained":["FossilizedHelix"]},{"damage_healed":0.0,"max_hp_gain":0.0,"max_hp_loss":0.0,"gold_gain":0.0,"event_name":"FaceTrader","player_choice":"Trade","floor":20.0,"gold_loss":0.0,"damage_taken":0.0,"relics_obtained":["FaceOfCleric"]},{"damage_healed":0.0,"max_hp_gain":0.0,"max_hp_loss":0.0,"gold_gain":0.0,"event_name":"Accursed Blacksmith","player_choice":"Forge","floor":28.0,"gold_loss":0.0,"damage_taken":0.0,"cards_upgraded":["Catalyst"]},{"damage_healed":0.0,"max_hp_gain":0.0,"max_hp_loss":0.0,"gold_gain":0.0,"event_name":"Drug Dealer","player_choice":"Inject Mutagens","floor":30.0,"gold_loss":0.0,"damage_taken":0.0,"relics_obtained":["MutagenicStrength"]},{"cards_removed":["Defend_G"],"damage_healed":0.0,"max_hp_gain":0.0,"max_hp_loss":0.0,"gold_gain":0.0,"event_name":"Falling","player_choice":"Removed Skill","floor":37.0,"gold_loss":0.0,"damage_taken":0.0},{"damage_healed":0.0,"max_hp_gain":0.0,"max_hp_loss":0.0,"gold_gain":0.0,"event_name":"Wheel of Change","player_choice":"Relic","floor":38.0,"gold_loss":0.0,"damage_taken":0.0},{"damage_healed":0,"gold_gain":0,"player_choice":"Paid","damage_taken":0,"relics_obtained":["Red Mask"],"max_hp_gain":0,"max_hp_loss":0,"event_name":"Tomb of Lord Red Mask","floor":45,"gold_loss":105}],"is_beta":false,"boss_relics":[{"not_picked":["Astrolabe","Philosopher\u0027s Stone"],"picked":"Empty Cage"},{"not_picked":["Ring of the Serpent","Fusion Hammer"],"picked":"Black Star"}],"items_purged_floors":[14],"is_endless":false,"potions_floor_spawned":[1,8,18,24,31,39,41],"killed_by":"Giant Head","ascension_level":0}}