{"host":"jpzdg3po3tjxdjri","time":1612220253,"event":{"mods":["BaseMod","Better Third Choice","Colored Map","Colored Powertips","Minty Spire (QoL Compilation)","StSLib"],"gold_per_floor":[113,113,131,149,2,31,31,31,56,56,68,85,85,118,118,223,223,234,250,250,27,40,40,73,23,73,73,89,12,30,41,41,41,41],"floor_reached":33,"language":"ENG","playtime":1284,"items_purged":["Strike_G"],"score":291,"play_id":"8967e91f-5811-4116-af85-057b13ffd1e6","local_time":"20210201225733","is_ascension_mode":true,"campfire_choices":[{"data":"Deadly Poison","floor":8,"key":"SMITH"},{"data":"Sucker Punch","floor":10,"key":"SMITH"},{"data":"1","floor":15,"key":"LIFT"},{"data":"Envenom","floor":23,"key":"SMITH"},{"floor":27,"key":"REST"},{"floor":32,"key":"REST"}],"circlet_count":0,"master_deck":["Strike_G","Strike_G","Strike_G","Defend_G","Defend_G","Defend_G","Defend_G","Defend_G","Survivor","Neutralize","Sucker Punch+1","Dagger Throw","Deadly Poison+1","Heel Hook","Sucker Punch+1","Prepared","Adrenaline","Envenom+1","Dodge and Roll","Terror","Deadly Poison+1","Poisoned Stab","Infinite Blades","PiercingWail","Dodge and Roll+1","Blade Dance","Noxious Fumes","Backflip","Blur"],"relics":["Ring of the Serpent","Snake Skull","Smiling Mask","Lantern","Girya","Blood Vial","CaptainsWheel","MealTicket"],"acts_visited":["Exordium","TheCity"],"potions_floor_usage":[6,16,24,33],"damage_taken":[{"damage":1,"enemies":"Cultist","floor":1,"turns":5},{"damage":5,"enemies":"2 Louse","floor":3,"turns":3},{"damage":0,"enemies":"Small Slimes","floor":4,"turns":3},{"damage":18,"enemies":"Lagavulin","floor":6,"turns":7},{"damage":0,"enemies":"2 Fungi Beasts","floor":11,"turns":3},{"damage":0,"enemies":"Exordium Thugs","floor":12,"turns":4},{"damage":10,"enemies":"Gremlin Nob","floor":14,"turns":3},{"damage":32,"enemies":"Slime Boss","floor":16,"turns":14},{"damage":11,"enemies":"2 Thieves","floor":18,"turns":4},{"damage":15,"enemies":"Spheric Guardian","floor":19,"turns":5},{"damage":16,"enemies":"Centurion and Healer","floor":22,"turns":5},{"damage":35,"enemies":"Slavers","floor":24,"turns":7},{"damage":14,"enemies":"Snecko","floor":28,"turns":6},{"damage":0,"enemies":"Chosen and Byrds","floor":30,"turns":4},{"damage":9,"enemies":"Shelled Parasite and Fungi","floor":31,"turns":6},{"damage":64,"enemies":"Collector","floor":33,"turns":6}],"seed_played":"3635686003541326195","potions_obtained":[{"floor":1,"key":"Energy Potion"},{"floor":3,"key":"GhostInAJar"},{"floor":6,"key":"Explosive Potion"},{"floor":19,"key":"SteroidPotion"},{"floor":24,"key":"SkillPotion"}],"is_trial":false,"path_per_floor":["M","?","M","M","$","E","?","R","T","R","M","M","?","E","R","B",null,"M","M","?","$","M","R","E","$","T","R","M","$","M","M","R","B"],"character_chosen":"THE_SILENT","items_purchased":["Snake Skull","Poisoned Stab","Blood Vial","Infinite Blades","Noxious Fumes"],"campfire_rested":2,"item_purchase_floors":[5,21,21,21,29],"current_hp_per_floor":[76,81,76,76,76,58,51,51,51,51,51,51,51,41,41,9,82,71,56,56,56,42,42,9,9,9,33,21,36,38,31,55,0,0],"gold":41,"neow_bonus":"TEN_PERCENT_HP_BONUS","is_daily":false,"chose_seed":false,"campfire_upgraded":3,"win_rate":0.0,"timestamp":1612220253,"path_taken":["M","?","M","M","$","E","?","R","T","R","M","M","?","E","R","BOSS","M","M","?","?","M","R","E","$","T","R","M","$","M","M","R","BOSS"],"items_purchased_type":["Relic","Card","Relic","Card","Card"],"build_version":"2020-12-22","purchased_purges":1,"victory":false,"max_hp_per_floor":[77,82,82,82,82,82,82,82,82,82,82,82,82,82,82,82,82,82,82,82,82,82,82,82,82,82,82,82,82,82,82,82,82,82],"card_choices":[{"not_picked":["Infinite Blades","Cloak And Dagger"],"picked":"Sucker Punch","floor":1},{"not_picked":["Heel Hook","Dodge and Roll"],"picked":"Dagger Throw","floor":3},{"not_picked":["Leg Sweep","Deflect"],"picked":"Deadly Poison","floor":4},{"not_picked":["Slice","Night Terror"],"picked":"Heel Hook","floor":6},{"not_picked":["Escape Plan","Acrobatics"],"picked":"Sucker Punch","floor":11},{"not_picked":["Endless Agony","Outmaneuver"],"picked":"Prepared","floor":12},{"not_picked":["Blur","Deflect"],"picked":"Adrenaline","floor":14},{"not_picked":["Wraith Form v2","After Image"],"picked":"Envenom","floor":16},{"not_picked":["Flying Knee+1","Acrobatics"],"picked":"Dodge and Roll","floor":18},{"not_picked":["Well Laid Plans","Acrobatics+1"],"picked":"Terror","floor":19},{"not_picked":["Predator","Tactician"],"picked":"PiercingWail","floor":22},{"not_picked":["Acrobatics","Envenom"],"picked":"Dodge and Roll+1","floor":24},{"not_picked":["Calculated Gamble","Flying Knee"],"picked":"Blade Dance","floor":28},{"not_picked":["Terror","Quick Slash"],"picked":"Backflip","floor":30},{"not_picked":["Quick Slash+1","Slice"],"picked":"Blur","floor":31}],"player_experience":879856,"relics_obtained":[{"floor":6,"key":"Smiling Mask"},{"floor":9,"key":"Lantern"},{"floor":14,"key":"Girya"},{"floor":24,"key":"CaptainsWheel"},{"floor":26,"key":"MealTicket"}],"event_choices":[{"damage_healed":0,"gold_gain":0,"player_choice":"Donut","damage_taken":0,"max_hp_gain":5,"max_hp_loss":0,"event_name":"Big Fish","floor":2,"gold_loss":0},{"cards_removed":["Strike_G"],"damage_healed":0,"gold_gain":0,"player_choice":"Card Removal","damage_taken":7,"max_hp_gain":0,"max_hp_loss":0,"event_name":"Golden Wing","floor":7,"gold_loss":0},{"damage_healed":0,"gold_gain":0,"player_choice":"Grow","damage_taken":0,"max_hp_gain":0,"max_hp_loss":0,"event_name":"Living Wall","floor":13,"gold_loss":0,"cards_upgraded":["Sucker Punch"]},{"damage_healed":0,"gold_gain":0,"player_choice":"Copied","damage_taken":0,"max_hp_gain":0,"max_hp_loss":0,"event_name":"Duplicator","floor":20,"gold_loss":0,"cards_obtained":["Deadly Poison"]}],"is_beta":false,"boss_relics":[{"not_picked":["Fusion Hammer","WristBlade"],"picked":"Ring of the Serpent"}],"items_purged_floors":[25],"is_endless":false,"potions_floor_spawned":[1,3,6,19,24],"killed_by":"Collector","ascension_level":1}}