{"host":"h1qktzcccqnez8tx","time":1612187717,"event":{"mods":["AchievementEnabler","BaseMod","Bestiary","Better Note","Block Reminder","Colored Map","Colored Powertips","Curses Come First","Downfall","Highlight Path","Infinite Spire","Minty Spire (QoL Compilation)","Permanent Neow","Quick Restart","Relic Stats","Replay The Spire","Say the Spire","StSLib","The Cursed","UnlockEverythingMod"],"gold_per_floor":[111,111,124,49,49,49,73,73,151,151,151,172,197,215,215,215,215,215],"floor_reached":16,"language":"ENG","playtime":689,"items_purged":["hexamod:Defend"],"score":97,"play_id":"5f1382a5-d9e6-46c6-8237-4425e14d624a","local_time":"20210201145517","is_ascension_mode":true,"campfire_choices":[{"data":"hexamod:Float","floor":10,"key":"SMITH"},{"data":"hexamod:SpectersWail","floor":15,"key":"SMITH"}],"circlet_count":0,"master_deck":["hexamod:Strike","hexamod:Strike","hexamod:Defend","hexamod:Defend","hexamod:Float+1","hexamod:PowerFromBeyond","infinitespire:Menacing","hexamod:FlamesFromBeyond","hexamod:FlameSwitch","hexamod:SpectersWail+1"],"relics":["Replay:Drink Me","Golden Idol","infinitespire:EmpoweringShard"],"acts_visited":["Exordium"],"potions_floor_usage":[16,16],"damage_taken":[{"damage":2,"enemies":"2 Louse","floor":1,"turns":4},{"damage":0,"enemies":"Small Slimes","floor":3,"turns":3},{"damage":0,"enemies":"Cultist","floor":7,"turns":4},{"damage":0,"enemies":"Blue Slaver","floor":12,"turns":3},{"damage":6,"enemies":"Large Slime","floor":13,"turns":8},{"damage":1,"enemies":"Looter","floor":14,"turns":4},{"damage":56,"enemies":"Fading Forest","floor":16,"turns":8}],"seed_played":"-7286130989351370016","potions_obtained":[{"floor":3,"key":"Swift Potion"},{"floor":13,"key":"Energy Potion"},{"floor":14,"key":"Weak Potion"}],"is_trial":false,"path_per_floor":["M","?","M","$","?","$","M","$","T","R","?","M","M","M","R","B"],"character_chosen":"THE_SPIRIT","items_purchased":[],"campfire_rested":0,"item_purchase_floors":[],"current_hp_per_floor":[51,38,38,38,38,38,38,38,38,38,38,38,32,31,31,0,0,0],"gold":215,"neow_bonus":"BOSS_RELIC","is_daily":false,"chose_seed":false,"campfire_upgraded":2,"win_rate":0.0,"timestamp":1612187717,"path_taken":["M","?","M","$","?","$","M","$","T","R","?","?","M","M","R","BOSS"],"items_purchased_type":[],"build_version":"2020-12-22","purchased_purges":1,"victory":false,"max_hp_per_floor":[53,53,53,53,49,49,49,49,49,49,49,49,49,49,49,49,49,49],"relic_stats":{"counters":[7,34],"Golden Idol":18,"obtain_stats":[{"Golden Idol":5,"infinitespire:EmpoweringShard":9,"Replay:Drink Me":0,"hexamod:SpiritBrand":0},{"Golden Idol":2,"infinitespire:EmpoweringShard":3,"Replay:Drink Me":0,"hexamod:SpiritBrand":0},{"Golden Idol":7,"infinitespire:EmpoweringShard":11,"Replay:Drink Me":0,"hexamod:SpiritBrand":0}]},"card_choices":[{"not_picked":["hexamod:BacktrackSmack","hexamod:PhantomFireball"],"picked":"hexamod:PowerFromBeyond","floor":1},{"not_picked":["infinitespire:Execution","ReplayTheSpireMod:Haul"],"picked":"infinitespire:Menacing","floor":2},{"not_picked":["hexamod:HauntingEcho","hexamod:AdvancingGuard"],"picked":"hexamod:FlamesFromBeyond","floor":3},{"not_picked":["hexamod:HauntingEcho","hexamod:NightmareGuise","hexamod:GhostOfSpirePast"],"picked":"SKIP","floor":7},{"not_picked":["hexamod:NightmareStrike","hexamod:GhostLash","hexamod:AdvancingGuard"],"picked":"SKIP","floor":12},{"not_picked":["hexamod:SecondSeal","hexamod:AdvancingGuard"],"picked":"hexamod:FlameSwitch","floor":13},{"not_picked":["hexamod:NightmareGuise","hexamod:FastForward"],"picked":"hexamod:SpectersWail","floor":14}],"player_experience":364990,"relics_obtained":[{"floor":9,"key":"infinitespire:EmpoweringShard"}],"event_choices":[{"damage_healed":0,"gold_gain":0,"player_choice":"Lose Max HP","damage_taken":0,"relics_obtained":["Golden Idol"],"max_hp_gain":0,"max_hp_loss":4,"event_name":"Golden Idol","floor":5,"gold_loss":0},{"cards_removed":["hexamod:Sear"],"damage_healed":0,"gold_gain":0,"player_choice":"Purged","damage_taken":0,"max_hp_gain":0,"max_hp_loss":0,"event_name":"Purifier","floor":11,"gold_loss":0}],"is_beta":false,"boss_relics":[],"items_purged_floors":[4],"is_endless":false,"potions_floor_spawned":[3,13,14],"killed_by":"Fading Forest","ascension_level":1}}