{"host":"m6aaltr68g9tvoay","time":1612153051,"event":{"mods":["AchievementEnabler","BaseMod","Colored Map","Downfall","Minty Spire (QoL Compilation)","StSLib"],"gold_per_floor":[99,112,126,57,73,5,32,45,45,145,159,177,77,14,25,130,130,130,143,159,159,21,21,47,47,64,64,64,89,89,11,27,124,174,74,93,106,26,26,58,139,139,39,51,67,67,82,20,30,30,30,30,30,30],"floor_reached":52,"language":"ENG","playtime":6258,"items_purged":["bronze:Strike","bronze:Strike"],"score":880,"play_id":"366d30a2-c730-471f-acb9-6c0b778452c7","local_time":"20210131201731","is_ascension_mode":true,"campfire_choices":[{"floor":1,"key":"RECALL"},{"floor":9,"key":"REST"},{"floor":13,"key":"REST"},{"data":"bronze:BugBarrage","floor":18,"key":"SMITH"},{"data":"bronze:BugBarrage","floor":23,"key":"SMITH"},{"data":"bronze:BuggyMess","floor":25,"key":"SMITH"},{"floor":30,"key":"REST"},{"data":"bronze:FindAndReplace","floor":35,"key":"SMITH"},{"data":"bronze:BugBarrage","floor":43,"key":"SMITH"}],"circlet_count":0,"master_deck":["bronze:Strike","bronze:Defend","bronze:Defend","bronze:Defend","bronze:Defend","bronze:Replicate","bronze:Goto","Purity","bronze:Turbo","bronze:BugBarrage+1","bronze:DelayedSlice","bronze:BugBarrage+1","bronze:MaxOutput","bronze:Flail","bronze:Shield","bronze:BuggyMess+1","bronze:Terminator","bronze:Frontload","bronze:Break","bronze:BugBarrage+1","bronze:RecursiveStrike","bronze:Repair","bronze:Deprecate","bronze:Turbo","bronze:Boost+1","bronze:Philosophize+1","bronze:FindAndReplace+1","bronze:BugBarrage+1","bronze:Overload+1","Doubt","Parasite","bronze:Repair","bronze:Allocate","bronze:Iterate+1"],"relics":["bronze:BronzeCore","bronze:SilverBullet","downfall:HeartBlessingRed","expansioncontent:StudyCardRelic","Eternal Feather","The Courier","Happy Flower","Bag of Marbles","Regal Pillow","Tiny House","downfall:HeartBlessingBlue","Vajra","White Beast Statue","downfall:HeartBlessingGreen"],"acts_visited":["Exordium","TheCity","TheBeyond","TheEnding"],"potions_floor_usage":[6,16,16,29,33,47,50,50],"damage_taken":[{"damage":12,"enemies":"2 Louse","floor":2,"turns":3},{"damage":6,"enemies":"Cultist","floor":3,"turns":3},{"damage":0,"enemies":"downfall:FleeingMerchant","floor":4,"turns":4},{"damage":0,"enemies":"Small Slimes","floor":5,"turns":3},{"damage":5,"enemies":"downfall:FleeingMerchant","floor":6,"turns":4},{"damage":11,"enemies":"Exordium Thugs","floor":8,"turns":3},{"damage":1,"enemies":"2 Fungi Beasts","floor":11,"turns":2},{"damage":11,"enemies":"Blue Slaver","floor":12,"turns":4},{"damage":8,"enemies":"downfall:FleeingMerchant","floor":14,"turns":4},{"damage":0,"enemies":"Exordium Thugs","floor":15,"turns":3},{"damage":11,"enemies":"WA_ARCHETYPE_RETAIN","floor":16,"turns":4},{"damage":0,"enemies":"Chosen","floor":19,"turns":3},{"damage":9,"enemies":"Shell Parasite","floor":20,"turns":3},{"damage":9,"enemies":"downfall:FleeingMerchant","floor":22,"turns":4},{"damage":0,"enemies":"Centurion and Healer","floor":26,"turns":3},{"damage":21,"enemies":"Book of Stabbing","floor":29,"turns":7},{"damage":0,"enemies":"downfall:FleeingMerchant","floor":31,"turns":1},{"damage":4,"enemies":"Cultist and Chosen","floor":32,"turns":3},{"damage":62,"enemies":"DF_ARCHETYPE_CLAW","floor":33,"turns":7},{"damage":0,"enemies":"3 Darklings","floor":36,"turns":1},{"damage":0,"enemies":"3 Shapes","floor":37,"turns":1},{"damage":82,"enemies":"Nemesis","floor":40,"turns":9},{"damage":3,"enemies":"3 Darklings","floor":44,"turns":4},{"damage":30,"enemies":"Maw","floor":45,"turns":6},{"damage":51,"enemies":"Writhing Mass","floor":47,"turns":7},{"damage":12,"enemies":"3 Darklings","floor":49,"turns":5},{"damage":17,"enemies":"SI_POISON_ARCHETYPE","floor":50,"turns":12},{"damage":94,"enemies":"downfall:CharBossMerchant","floor":52,"turns":7}],"seed_played":"1794649416875548808","potions_obtained":[{"floor":5,"key":"Swift Potion"},{"floor":8,"key":"Fire Potion"},{"floor":11,"key":"Weak Potion"},{"floor":12,"key":"sneckomod:MuddlingPotion"},{"floor":15,"key":"DistilledChaos"},{"floor":26,"key":"hexamod:SoulburnPotion"},{"floor":33,"key":"Strength Potion"},{"floor":40,"key":"Fire Potion"},{"floor":47,"key":"hexamod:SoulburnPotion"}],"is_trial":false,"path_per_floor":["R","M","M","$","M","$","T","M","R","?","M","M","R","$","M","B",null,"R","M","M","?","$","R","T","R","M","?","T","E","R","$","M","B",null,"R","M","M","$","?","E","T","?","R","M","M","?","M","$","M","B",null,"E"],"character_chosen":"THE_AUTOMATON","items_purchased":["bronze:BugBarrage","bronze:Shield","bronze:BugBarrage","Energy Potion","FairyPotion","Happy Flower","Bag of Marbles","Regal Pillow","bronze:Allocate"],"campfire_rested":3,"item_purchase_floors":[4,6,14,22,31,31,31,31,48],"current_hp_per_floor":[70,58,52,52,52,47,47,36,57,57,56,45,66,58,58,47,64,64,64,62,62,60,60,60,60,60,60,60,46,70,70,66,11,60,85,85,85,85,85,3,3,85,85,82,59,59,15,15,10,32,72,0,0,0],"gold":30,"neow_bonus":"RANDOM_COLORLESS","is_daily":false,"chose_seed":false,"campfire_upgraded":5,"win_rate":0.0,"timestamp":1612153051,"path_taken":["R","M","M","$","M","$","T","M","R","?","M","?","R","?","M","BOSS","R","M","M","?","?","R","T","R","M","?","?","E","R","$","M","BOSS","R","M","M","$","?","E","T","?","R","M","M","?","M","$","M","BOSS","E"],"items_purchased_type":["Card","Card","Card","Potion","Potion","Relic","Relic","Relic","Card"],"build_version":"2020-12-22","purchased_purges":2,"victory":false,"max_hp_per_floor":[70,70,70,70,70,70,70,70,70,70,70,70,70,70,70,70,70,70,70,70,70,70,70,70,70,70,70,70,70,70,70,70,70,75,85,85,85,85,85,85,85,85,85,85,85,85,85,85,85,85,85,85,85,85],"card_choices":[{"not_picked":["Impatience","Swift Strike"],"picked":"Purity","floor":0},{"not_picked":["bronze:Repulsor","bronze:ForLoop"],"picked":"bronze:Turbo","floor":2},{"not_picked":["bronze:Turbo","bronze:Shield"],"picked":"bronze:BugBarrage","floor":3},{"not_picked":["bronze:BitShift","bronze:BuggyMess"],"picked":"bronze:DelayedSlice","floor":4},{"not_picked":["bronze:Philosophize","bronze:Refactor"],"picked":"bronze:MaxOutput","floor":5},{"not_picked":["bronze:CutThrough","bronze:HyperBeam"],"picked":"bronze:Flail","floor":6},{"not_picked":["bronze:OilSpill","bronze:Invalidate"],"picked":"bronze:BuggyMess","floor":8},{"not_picked":["bronze:DelayedGuard","bronze:WhirlingStrike"],"picked":"bronze:Terminator","floor":11},{"not_picked":["bronze:Safeguard","bronze:DigitalCarnage"],"picked":"bronze:Frontload","floor":12},{"not_picked":["bronze:WildBeam","bronze:BugBarrage"],"picked":"bronze:Break","floor":14},{"not_picked":["bronze:BitShift","bronze:CloningBeam","bronze:Overload"],"picked":"SKIP","floor":15},{"not_picked":["bronze:HardenedForm","bronze:Library"],"picked":"bronze:RecursiveStrike","floor":16},{"not_picked":["bronze:Optimize","bronze:OilSpill"],"picked":"bronze:Repair","floor":19},{"not_picked":["bronze:ChosenStrike","bronze:BuggyMess","bronze:DelayedSlice"],"picked":"SKIP","floor":20},{"not_picked":["bronze:CutThrough","bronze:DelayedGuard"],"picked":"bronze:Deprecate","floor":22},{"not_picked":["bronze:Constructor","bronze:WhirlingStrike"],"picked":"bronze:Turbo","floor":26},{"not_picked":["bronze:Library","bronze:Turbo","bronze:DigitalCarnage"],"picked":"SKIP","floor":29},{"not_picked":["bronze:OilSpill","bronze:Turbo"],"picked":"bronze:Boost","floor":31},{"not_picked":["bronze:Branch","bronze:Terminator"],"picked":"bronze:Philosophize+1","floor":32},{"not_picked":["bronze:Assembly","bronze:Verify"],"picked":"bronze:FindAndReplace","floor":33},{"not_picked":["bronze:BronzeOrb","bronze:DelayedSlice"],"picked":"bronze:BugBarrage","floor":34},{"not_picked":["bronze:BitShift","bronze:ForLoop","bronze:Frontload"],"picked":"SKIP","floor":36},{"not_picked":["bronze:Refactor","bronze:OilSpill","bronze:DigitalCarnage+1"],"picked":"SKIP","floor":37},{"not_picked":["bronze:Fortify+1","bronze:GetLatest+1"],"picked":"bronze:Overload+1","floor":40},{"not_picked":["bronze:Repair","bronze:FineTuning","bronze:Library"],"picked":"SKIP","floor":44},{"not_picked":["bronze:DelayedSlice","bronze:OilSpill+1","bronze:Deprecate+1"],"picked":"SKIP","floor":45},{"not_picked":["bronze:ForceShield","bronze:Overheat"],"picked":"bronze:Repair","floor":47},{"not_picked":["bronze:Overheat","bronze:ForceShield"],"picked":"bronze:Iterate+1","floor":49}],"player_experience":1817155,"relics_obtained":[{"floor":7,"key":"bronze:SilverBullet"},{"floor":28,"key":"Eternal Feather"},{"floor":29,"key":"The Courier"},{"floor":40,"key":"Vajra"},{"floor":41,"key":"White Beast Statue"}],"event_choices":[{"damage_healed":0,"gold_gain":0,"player_choice":"Ignored","damage_taken":0,"max_hp_gain":0,"max_hp_loss":0,"event_name":"Ghosts","floor":27,"gold_loss":0},{"cards_removed":["bronze:Strike"],"damage_healed":0,"gold_gain":0,"player_choice":"Removed Attack","damage_taken":0,"max_hp_gain":0,"max_hp_loss":0,"event_name":"Falling","floor":46,"gold_loss":0}],"is_beta":false,"boss_relics":[{"not_picked":["Cursed Key","Busted Crown"],"picked":"expansioncontent:StudyCardRelic"},{"not_picked":["Pandora\u0027s Box","Coffee Dripper"],"picked":"Tiny House"}],"items_purged_floors":[22,38],"is_endless":false,"potions_floor_spawned":[5,8,11,12,15,26,32,33,36,40,44,45,47,49],"killed_by":"downfall:CharBossMerchant","ascension_level":5}}