{"host":"owox7x4ngjt9htcc","time":1612167018,"event":{"mods":["BaseMod","Colored Map","DeckTracker","Keyboard Shortcuts","Minty Spire (QoL Compilation)","SuperFastMode"],"gold_per_floor":[114,129,129,129,144,174,174,189,214,214,229,259,259,39,39,139,139,154,154,253,268,268,268,298,298,298,313,328,328,343,373,373,473,473,488,488,38,53,53,83,83,98,98,128,143,158,158,0,0,0],"floor_reached":51,"language":"KOR","playtime":1602,"items_purged":[],"score":905,"play_id":"89afae8a-9a8c-4e4a-892f-399392f708d7","local_time":"20210201171018","daily_mods":["Chimera","ControlledChaos","Night Terrors"],"is_ascension_mode":false,"campfire_choices":[{"data":"1","floor":13.0,"key":"LIFT"},{"data":"2","floor":15.0,"key":"LIFT"},{"data":"3","floor":23.0,"key":"LIFT"},{"floor":25.0,"key":"DIG"},{"floor":32.0,"key":"REST"},{"floor":41,"key":"DIG"},{"floor":47,"key":"DIG"},{"floor":49,"key":"DIG"}],"circlet_count":0,"master_deck":["Bash","Survivor","Zap","Eruption","Strike_R","Strike_G","Strike_B","Defend_R+1","Defend_G","Defend_P+1","Intimidate","Havoc","Havoc","Warcry+1","Iron Wave+1","Seeing Red","Feel No Pain","Impervious+1","Body Slam+1","Feel No Pain","Dark Embrace","Power Through","True Grit","Inflame","Corruption","Reaper+1","CurseOfTheBell","Havoc","Havoc+1","Rage+1","Inflame"],"relics":["Burning Blood","Frozen Eye","Shovel","Girya","Molten Egg 2","Orichalcum","Happy Flower","Runic Cube","Thread and Needle","PreservedInsect","Gambling Chip","Nloth\u0027s Gift","Oddly Smooth Stone","Calling Bell","Anchor","Letter Opener","Unceasing Top","Calipers","Boot","Champion Belt","Omamori","Mercury Hourglass","InkBottle","War Paint","Red Mask","Red Skull"],"acts_visited":["Exordium","TheCity","TheBeyond"],"potions_floor_usage":[50,50,50],"damage_taken":[{"damage":5.0,"enemies":"Jaw Worm","floor":1.0,"turns":3.0},{"damage":19.0,"enemies":"Small Slimes","floor":2.0,"turns":6.0},{"damage":6.0,"enemies":"Cultist","floor":5.0,"turns":4.0},{"damage":20.0,"enemies":"3 Sentries","floor":6.0,"turns":6.0},{"damage":3.0,"enemies":"Looter","floor":8.0,"turns":3.0},{"damage":20.0,"enemies":"Exordium Thugs","floor":11.0,"turns":5.0},{"damage":14.0,"enemies":"Lagavulin","floor":12.0,"turns":5.0},{"damage":56.0,"enemies":"Slime Boss","floor":16.0,"turns":8.0},{"damage":3.0,"enemies":"Chosen","floor":18.0,"turns":5.0},{"damage":7.0,"enemies":"3 Byrds","floor":21.0,"turns":8.0},{"damage":41.0,"enemies":"Book of Stabbing","floor":24.0,"turns":6.0},{"damage":0.0,"enemies":"Snecko","floor":27.0,"turns":5.0},{"damage":3.0,"enemies":"Snake Plant","floor":28.0,"turns":5.0},{"damage":14.0,"enemies":"3 Cultists","floor":30.0,"turns":6.0},{"damage":31.0,"enemies":"Gremlin Leader","floor":31.0,"turns":10.0},{"damage":19.0,"enemies":"Collector","floor":33.0,"turns":9.0},{"damage":4.0,"enemies":"Orb Walker","floor":35.0,"turns":5.0},{"damage":0.0,"enemies":"3 Shapes","floor":38.0,"turns":8.0},{"damage":6.0,"enemies":"Giant Head","floor":40.0,"turns":3.0},{"damage":2,"enemies":"3 Darklings","floor":42,"turns":6},{"damage":38,"enemies":"Reptomancer","floor":44,"turns":6},{"damage":0,"enemies":"Transient","floor":45,"turns":5},{"damage":0,"enemies":"Writhing Mass","floor":46,"turns":6},{"damage":0,"enemies":"Donu and Deca","floor":50,"turns":4}],"seed_played":"-6699970657251824518","potions_obtained":[{"floor":1.0,"key":"Fire Potion"},{"floor":2.0,"key":"HeartOfIron"},{"floor":8.0,"key":"DistilledChaos"},{"floor":10.0,"key":"HeartOfIron"},{"floor":16.0,"key":"SkillPotion"},{"floor":24.0,"key":"EssenceOfSteel"},{"floor":27.0,"key":"SmokeBomb"},{"floor":30.0,"key":"Dexterity Potion"}],"is_trial":false,"path_per_floor":["M","M","?","?","M","E","?","M","T","?","M","E","R","$","R","B",null,"M","?","?","M","?","R","E","R","T","M","M","?","M","E","R","B",null,"M","?","$","M","?","E","R","M","T","E","M","M","R","?","R","B",null],"character_chosen":"IRONCLAD","items_purchased":["Lee\u0027s Waffle","Feel No Pain","Calipers","Boot"],"campfire_rested":1,"item_purchase_floors":[14,14,37,37],"current_hp_per_floor":[80,67,67,64,64,50,34,37,37,37,23,15,15,87,87,37,87,87,87,87,86,86,86,51,51,51,57,60,60,52,27,82,69,82,82,78,78,78,78,78,78,78,78,46,62,68,68,68,68,78],"gold":0,"neow_bonus":"","is_daily":true,"chose_seed":false,"campfire_upgraded":0,"win_rate":0.0,"timestamp":1612167018,"path_taken":["M","M","?","?","M","E","?","M","T","?","M","E","R","$","R","BOSS","M","?","?","M","?","R","E","R","T","M","M","?","M","E","R","BOSS","M","?","$","M","?","E","R","M","T","E","M","?","R","?","R","BOSS"],"items_purchased_type":["Relic","Card","Relic","Relic"],"build_version":"2020-12-22","purchased_purges":0,"victory":true,"max_hp_per_floor":[80,80,80,80,80,80,80,80,80,80,80,80,80,87,87,87,87,87,87,87,87,87,87,87,87,87,87,87,87,87,87,82,82,82,82,78,78,78,78,78,78,78,78,78,78,78,78,78,78,78],"card_choices":[{"not_picked":["Searing Blow","Havoc"],"picked":"Intimidate","floor":1.0},{"not_picked":["Flex","Clothesline","Spot Weakness"],"picked":"SKIP","floor":2.0},{"not_picked":["Warcry","Heavy Blade"],"picked":"Havoc","floor":5.0},{"not_picked":["True Grit","Ghostly Armor"],"picked":"Havoc","floor":6.0},{"not_picked":["Entrench","Flex"],"picked":"Warcry","floor":8.0},{"not_picked":["Carnage+1","Searing Blow+1"],"picked":"Iron Wave+1","floor":11.0},{"not_picked":["Bloodletting","Clash+1"],"picked":"Seeing Red","floor":12.0},{"not_picked":["Exhume","Immolate+1"],"picked":"Impervious","floor":16.0},{"not_picked":["Cleave+1","Blood for Blood+1","Thunderclap+1"],"picked":"SKIP","floor":18.0},{"not_picked":["Uppercut+1","Burning Pact"],"picked":"Body Slam+1","floor":21.0},{"not_picked":["Infernal Blade","Evolve"],"picked":"Dark Embrace","floor":24.0},{"not_picked":["Clash+1","Heavy Blade+1"],"picked":"Power Through","floor":27.0},{"not_picked":["Anger+1","Headbutt+1"],"picked":"True Grit","floor":28.0},{"not_picked":["Exhume","Bloodletting"],"picked":"Inflame","floor":30.0},{"not_picked":["Fiend Fire+1","Barricade"],"picked":"Corruption","floor":31.0},{"not_picked":["Brutality","Fiend Fire+1"],"picked":"Reaper+1","floor":33.0},{"not_picked":["Twin Strike+1","Shrug It Off+1"],"picked":"Havoc","floor":35.0},{"not_picked":["Pommel Strike+1","Clothesline+1"],"picked":"Havoc+1","floor":38.0},{"not_picked":["Headbutt+1","Bludgeon+1"],"picked":"Rage+1","floor":40},{"not_picked":["True Grit+1","Clash+1","Whirlwind+1"],"picked":"SKIP","floor":42},{"not_picked":["Clash+1","Twin Strike+1","Spot Weakness"],"picked":"SKIP","floor":44},{"not_picked":["Fiend Fire+1","Heavy Blade+1"],"picked":"Inflame","floor":45},{"not_picked":["Sentinel","Uppercut+1","Sword Boomerang+1"],"picked":"SKIP","floor":46}],"player_experience":907196,"relics_obtained":[{"floor":6.0,"key":"Molten Egg 2"},{"floor":9.0,"key":"Orichalcum"},{"floor":12.0,"key":"Happy Flower"},{"floor":24.0,"key":"Thread and Needle"},{"floor":25.0,"key":"PreservedInsect"},{"floor":26.0,"key":"Gambling Chip"},{"floor":31.0,"key":"Oddly Smooth Stone"},{"floor":34.0,"key":"Anchor"},{"floor":34.0,"key":"Letter Opener"},{"floor":34.0,"key":"Unceasing Top"},{"floor":40,"key":"Champion Belt"},{"floor":41,"key":"Omamori"},{"floor":43,"key":"Mercury Hourglass"},{"floor":44,"key":"InkBottle"},{"floor":47,"key":"War Paint"},{"floor":49,"key":"Red Skull"}],"event_choices":[{"damage_healed":0.0,"max_hp_gain":0.0,"max_hp_loss":0.0,"gold_gain":0.0,"event_name":"Big Fish","player_choice":"Box","floor":3.0,"gold_loss":0.0,"damage_taken":0.0,"relics_obtained":["Shovel"],"cards_obtained":["Regret"]},{"damage_healed":0.0,"max_hp_gain":0.0,"max_hp_loss":0.0,"gold_gain":0.0,"event_name":"Scrap Ooze","player_choice":"Success","floor":4.0,"gold_loss":0.0,"damage_taken":3.0,"relics_obtained":["Girya"]},{"damage_healed":0.0,"max_hp_gain":0.0,"max_hp_loss":0.0,"gold_gain":0.0,"event_name":"Shining Light","player_choice":"Entered Light","floor":7.0,"gold_loss":0.0,"damage_taken":16.0,"cards_upgraded":["Defend_P","Defend_R"]},{"damage_healed":0.0,"max_hp_gain":0.0,"max_hp_loss":0.0,"gold_gain":0.0,"event_name":"Lab","player_choice":"Got Potions","floor":10.0,"gold_loss":0.0,"damage_taken":0.0},{"cards_removed":["Regret"],"damage_healed":0.0,"max_hp_gain":0.0,"max_hp_loss":0.0,"gold_gain":0.0,"event_name":"Back to Basics","player_choice":"Elegance","floor":19.0,"gold_loss":0.0,"damage_taken":0.0},{"damage_healed":0.0,"max_hp_gain":0.0,"max_hp_loss":0.0,"gold_gain":99.0,"event_name":"Nest","player_choice":"Stole From Cult","floor":20.0,"gold_loss":0.0,"damage_taken":0.0},{"damage_healed":0.0,"max_hp_gain":0.0,"max_hp_loss":0.0,"gold_gain":0.0,"event_name":"The Library","player_choice":"Read","floor":22.0,"gold_loss":0.0,"damage_taken":0.0,"cards_obtained":["Feel No Pain"]},{"damage_healed":0.0,"max_hp_gain":0.0,"max_hp_loss":0.0,"gold_gain":0.0,"event_name":"N\u0027loth","player_choice":"Traded Relic","floor":29.0,"relics_lost":["Lee\u0027s Waffle"],"gold_loss":0.0,"damage_taken":0.0,"relics_obtained":["Nloth\u0027s Gift"]},{"damage_healed":0.0,"max_hp_gain":0.0,"max_hp_loss":4.0,"gold_gain":0.0,"event_name":"Winding Halls","player_choice":"Max HP","floor":36.0,"gold_loss":0.0,"damage_taken":0.0},{"damage_healed":0.0,"max_hp_gain":0.0,"max_hp_loss":0.0,"gold_gain":0.0,"event_name":"SecretPortal","player_choice":"Ignored","floor":39.0,"gold_loss":0.0,"damage_taken":0.0},{"damage_healed":0,"gold_gain":0,"player_choice":"Paid","damage_taken":0,"relics_obtained":["Red Mask"],"max_hp_gain":0,"max_hp_loss":0,"event_name":"Tomb of Lord Red Mask","floor":48,"gold_loss":158}],"is_beta":false,"boss_relics":[{"not_picked":["Snecko Eye","Cursed Key"],"picked":"Runic Cube"},{"not_picked":["Velvet Choker","Fusion Hammer"],"picked":"Calling Bell"}],"items_purged_floors":[],"is_endless":false,"potions_floor_spawned":[1,2,8,16,24,27,30,31,33,40,45,46],"ascension_level":0}}