{"host":"h5acbxt0wmjo1kpm","time":1612174968,"event":{"mods":["2.2 Compatiblity","Act Like it!","AlwaysNeverKeys","Aspiration","Bard","Bartender","BaseMod","Better Third Choice","Colored Map","Downfall","Elementarium","Gensokyo","GifTheSpireLib","Hallownest","Marisa????????","Menagerie","Minty Spire (QoL Compilation)","Permanent Neow","Potionbrewer","Quick Restart","Relic Filter","Reliquary","Replay The Spire","Robot Space Explorer","RumiaBox-????????","Shade Mod","Spicy Shops","StSLib","Strawberry Spire","The Blackbeard","The Dragon Tamer","The Gatherer","The Hayseed","The Problem Sleuth","The Servant 0.9.4","Wandering Minibosses","Wide Potions"],"gold_per_floor":[99,116,116,116,130,162,189,189,235,235,235,235,235,300,332,336,336,336],"floor_reached":16,"language":"ENG","playtime":601,"items_purged":[],"score":117,"play_id":"979e5303-0911-4c2e-8b4e-15805fc0d054","local_time":"20210201022248","is_ascension_mode":true,"campfire_choices":[{"data":"bronze:Replicate","floor":1,"key":"SMITH"},{"floor":11,"key":"REST"}],"circlet_count":0,"master_deck":["bronze:Strike","bronze:Strike","bronze:Strike","bronze:Defend","bronze:Defend","bronze:Defend","bronze:Defend","bronze:Replicate+1","bronze:Goto","bronze:CutThrough","Clumsy","Gensokyo:CrescentMoonSlash+1","bronze:ChosenStrike","bronze:Iterate","bronze:Repair","bronze:Goto","bronze:Verify+1","bronze:Separator+1"],"relics":["bronze:BronzeCore","aspiration:Nostalgia","TheSimpletonMod:SpudOfTheInnocent","Gensokyo:NagashiBinaDoll","reliquary:PartyBalloon","Replay:Bandana","Molten Egg 2","Pear","reliquary:Buckler"],"acts_visited":["Gensokyo:Gensokyo"],"potions_floor_usage":[15,16,16],"damage_taken":[{"damage":2,"enemies":"Gensokyo:Python","floor":2,"turns":3},{"damage":7,"enemies":"Gensokyo:3_Fairies","floor":5,"turns":3},{"damage":17,"enemies":"Gensokyo:Aya","floor":6,"turns":6},{"damage":3,"enemies":"Gensokyo:Gryphon","floor":9,"turns":3},{"damage":13,"enemies":"Gensokyo:Mamizou","floor":14,"turns":7},{"damage":0,"enemies":"Gensokyo:5_Fairies","floor":15,"turns":2},{"damage":48,"enemies":"DF_ARCHETYPE_STREAMLINE","floor":16,"turns":6}],"seed_played":"5329033361243798993","potions_obtained":[{"floor":6,"key":"hexamod:SoulburnPotion"},{"floor":14,"key":"LiquidMemories"},{"floor":15,"key":"PowerPotion"}],"is_trial":false,"path_per_floor":["R","M","?","?","M","E","T","?","M","T","R","?","?","E","M","B"],"character_chosen":"THE_AUTOMATON","items_purchased":[],"campfire_rested":1,"item_purchase_floors":[],"current_hp_per_floor":[70,68,68,58,51,34,34,27,24,24,45,40,40,34,34,0,0,0],"gold":336,"neow_bonus":"NOSTALGIA","is_daily":false,"chose_seed":false,"campfire_upgraded":1,"win_rate":0.0,"timestamp":1612174968,"path_taken":["R","M","?","?","?","E","T","?","M","?","R","?","?","E","M","BOSS"],"items_purchased_type":[],"build_version":"2020-12-22","purchased_purges":0,"victory":false,"max_hp_per_floor":[70,70,70,70,70,70,70,70,70,70,70,80,80,80,80,80,80,80],"card_choices":[{"not_picked":["bronze:Optimize","bronze:Frontload"],"picked":"bronze:CutThrough","floor":2},{"not_picked":["bronze:BuggyMess","bronze:Constructor"],"picked":"bronze:ChosenStrike","floor":5},{"not_picked":["bronze:Hardcode","bronze:BitShift"],"picked":"bronze:Iterate","floor":6},{"not_picked":["bronze:WildBeam","bronze:FineTuning"],"picked":"bronze:Repair","floor":9},{"not_picked":["bronze:WhirlingStrike+1","bronze:ForceShield"],"picked":"bronze:Verify","floor":14},{"not_picked":["bronze:Frontload","bronze:BugBarrage+1"],"picked":"bronze:Separator+1","floor":15}],"player_experience":2651335,"relics_obtained":[{"floor":6,"key":"reliquary:PartyBalloon"},{"floor":7,"key":"Replay:Bandana"},{"floor":10,"key":"Molten Egg 2"},{"floor":14,"key":"reliquary:Buckler"}],"event_choices":[],"is_beta":false,"boss_relics":[],"items_purged_floors":[],"is_endless":false,"potions_floor_spawned":[6,14,15],"killed_by":"DF_ARCHETYPE_STREAMLINE","ascension_level":2}}