{"host":"vyiqbz5w606ur92t","time":1612141930,"event":{"mods":["BaseMod","Downfall","Minty Spire (QoL Compilation)","StSLib"],"gold_per_floor":[99,116,135,235,255,283,337,353,353,37,37,57,92,192,210,306,306,306,318,331,343,343,360,411,443,455,455,455,455],"floor_reached":27,"language":"ENG","playtime":2358,"items_purged":[],"score":299,"play_id":"7b6a40b3-a394-4cdc-b4e0-575a6bb438c9","local_time":"20210201011210","is_ascension_mode":true,"campfire_choices":[{"data":"hexamod:Float","floor":1,"key":"SMITH"},{"floor":11,"key":"REST"},{"floor":18,"key":"RECALL"}],"circlet_count":0,"master_deck":["hexamod:Strike","hexamod:Defend","hexamod:Defend","hexamod:Defend","hexamod:Sear","hexamod:Float+1","hexamod:ExtraCrispy+1","hexamod:FlamesFromBeyond","hexamod:Hexaguard","hexamod:WildfireWeapon","hexamod:Incineration","hexamod:SpectralSpark","hexamod:ShieldOfDarkness","hexamod:ForkedFlame","hexamod:SpectralAdrenaline","hexamod:GhostflameBarrier","hexamod:VolcanoVisage","hexamod:HeatMetal+1","hexamod:CatchUp","hexamod:SuperheatedStrike+1","hexamod:UnlimitedPower","hexamod:TurnItUp","Doubt","hexamod:NightmareStrike","Clumsy","hexamod:SpectralSpark+1","hexamod:BacktrackSmack+1"],"relics":["Cursed Key","Orichalcum","Centennial Puzzle","Ice Cream","Du-Vu Doll","SlaversCollar","Vajra","Letter Opener"],"acts_visited":["Exordium","TheCity"],"potions_floor_usage":[12,12,13,25,25,25,27],"damage_taken":[{"damage":2,"enemies":"2 Louse","floor":2,"turns":3},{"damage":12,"enemies":"Jaw Worm","floor":3,"turns":3},{"damage":1,"enemies":"Cultist","floor":5,"turns":3},{"damage":15,"enemies":"Lagavulin","floor":6,"turns":8},{"damage":16,"enemies":"3 Louse","floor":8,"turns":3},{"damage":0,"enemies":"downfall:FleeingMerchant","floor":10,"turns":4},{"damage":1,"enemies":"2 Fungi Beasts","floor":12,"turns":3},{"damage":13,"enemies":"3 Sentries","floor":13,"turns":5},{"damage":9,"enemies":"downfall:Heads","floor":14,"turns":5},{"damage":0,"enemies":"Large Slime","floor":15,"turns":5},{"damage":1,"enemies":"DF_ARCHETYPE_STREAMLINE","floor":16,"turns":6},{"damage":9,"enemies":"Shell Parasite","floor":19,"turns":3},{"damage":1,"enemies":"Spheric Guardian","floor":20,"turns":3},{"damage":0,"enemies":"3 Cultists","floor":21,"turns":3},{"damage":7,"enemies":"Snake Plant","floor":23,"turns":3},{"damage":33,"enemies":"Slavers","floor":25,"turns":4},{"damage":19,"enemies":"Snecko","floor":26,"turns":4},{"damage":8,"enemies":"Centurion and Healer","floor":27,"turns":1}],"seed_played":"322510049485571980","potions_obtained":[{"floor":2,"key":"Explosive Potion"},{"floor":5,"key":"Guardian:BlockOnCardUsePotion"},{"floor":12,"key":"DistilledChaos"},{"floor":14,"key":"Fire Potion"},{"floor":19,"key":"EntropicBrew"},{"floor":21,"key":"bronze:BurnAndBuffPotion"}],"is_trial":false,"path_per_floor":["R","M","M","?","M","E","T","M","?","$","R","M","E","?","M","B",null,"R","M","M","M","?","M","T","E","M","M"],"character_chosen":"THE_SPIRIT","items_purchased":["Ice Cream"],"campfire_rested":1,"item_purchase_floors":[10],"current_hp_per_floor":[70,68,56,56,55,40,40,24,24,24,45,44,31,22,22,21,70,70,61,60,60,60,53,53,20,1,0,0,0],"gold":455,"neow_bonus":"BOSS_RELIC","is_daily":false,"chose_seed":false,"campfire_upgraded":1,"win_rate":0.0,"timestamp":1612141930,"path_taken":["R","M","M","?","M","E","T","M","?","$","R","M","E","?","M","BOSS","R","M","M","M","?","?","T","E","M","M"],"items_purchased_type":["Relic"],"build_version":"2020-12-22","purchased_purges":0,"victory":false,"max_hp_per_floor":[70,70,70,70,70,70,70,70,70,70,70,70,70,70,70,70,70,70,70,70,70,70,70,70,70,70,70,70,70],"card_choices":[{"not_picked":["hexamod:SkipABeat","hexamod:HauntingEcho"],"picked":"hexamod:ExtraCrispy","floor":2},{"not_picked":["hexamod:SkipABeat","hexamod:SwordOfDarkness"],"picked":"hexamod:FlamesFromBeyond","floor":3},{"not_picked":["hexamod:HauntingEcho","hexamod:ShieldOfDarkness"],"picked":"hexamod:Hexaguard","floor":5},{"not_picked":["hexamod:ThermalTransfer","hexamod:Hexaguard"],"picked":"hexamod:WildfireWeapon","floor":6},{"not_picked":["hexamod:HauntingEcho","hexamod:FlamesFromBeyond","hexamod:GhostOfSpireFuture"],"picked":"SKIP","floor":8},{"not_picked":["hexamod:BacktrackSmack","hexamod:ShieldOfDarkness"],"picked":"hexamod:Incineration","floor":10},{"not_picked":["hexamod:SuperheatedStrike","hexamod:SkipABeat"],"picked":"hexamod:SpectralSpark","floor":12},{"not_picked":["hexamod:ExtraCrispy","hexamod:GhostShield"],"picked":"hexamod:ShieldOfDarkness","floor":13},{"not_picked":["hexamod:HauntingEcho","hexamod:BacktrackSmack"],"picked":"hexamod:ForkedFlame","floor":14},{"not_picked":["hexamod:NightmareStrike","hexamod:SpectersWail"],"picked":"hexamod:GhostflameBarrier","floor":15},{"not_picked":["hexamod:GiftsFromTheDead","hexamod:ApocalypticArmor"],"picked":"hexamod:VolcanoVisage","floor":16},{"not_picked":["hexamod:SwordOfDarkness","hexamod:FlamesFromBeyond+1"],"picked":"hexamod:HeatMetal+1","floor":19},{"not_picked":["hexamod:SpectralAdrenaline","hexamod:NightmareStrike"],"picked":"hexamod:CatchUp","floor":20},{"not_picked":["hexamod:HeatMetal","hexamod:RadiantFlame"],"picked":"hexamod:SuperheatedStrike+1","floor":21},{"not_picked":["hexamod:NightmareGuise+1","hexamod:ExtraCrispy","hexamod:NightmareStrike+1"],"picked":"SKIP","floor":23},{"not_picked":["hexamod:HauntingEcho","hexamod:ChargedBarrage+1"],"picked":"hexamod:SpectralSpark+1","floor":25},{"not_picked":["hexamod:Hexaguard","hexamod:FlameSwitch"],"picked":"hexamod:BacktrackSmack+1","floor":26}],"player_experience":1323554,"relics_obtained":[{"floor":6,"key":"Orichalcum"},{"floor":7,"key":"Centennial Puzzle"},{"floor":13,"key":"Du-Vu Doll"},{"floor":24,"key":"Vajra"},{"floor":25,"key":"Letter Opener"}],"event_choices":[],"is_beta":false,"boss_relics":[{"not_picked":["Sozu","Tiny House"],"picked":"SlaversCollar"}],"items_purged_floors":[],"is_endless":false,"potions_floor_spawned":[2,5,12,14,19,21,23],"killed_by":"Centurion and Healer","ascension_level":2}}