{"host":"j05tanvorlbs2t7f","time":1612180697,"event":{"mods":["2.2 Compatiblity","AchievementEnabler","BaseMod","BetterRewards","Card Forge","Colored Powertips","Conspire","Minty Spire (QoL Compilation)","Permanent Neow","Replay The Spire","Shade Mod","StSLib","The Bug Knight","The Construct","The Cursed","The Forsaken","The Hierophant","The Sage","TheHeartMod"],"gold_per_floor":[117,117,134,134,144,171,171,190,190,207,225,250,250,265,265,365,365,385,402,402,402,146,175,175,187,212,212,231,280,305,317,317,419,419,431,449,460,460,470,470,486,486,510,533,564,590,70,93,93,95,95,95,60,96,98],"floor_reached":56,"language":"POL","playtime":3847,"items_purged":[],"score":1874,"play_id":"6d6e4839-62c9-4190-95a0-ff2ad8abd446","local_time":"20210201125817","is_ascension_mode":true,"campfire_choices":[{"data":"Shade:AnimateDead","floor":7.0,"key":"SMITH"},{"data":"Shade:OpenGraves","floor":13.0,"key":"SMITH"},{"data":"Shade:OpenGraves","floor":15.0,"key":"SMITH"},{"data":"Shade:LichForm","floor":24.0,"key":"SMITH"},{"floor":32.0,"key":"REST"},{"floor":40.0,"key":"RECALL"},{"data":"Shade:AuraOfUnlife","floor":42.0,"key":"SMITH"},{"data":"Shade:Putrefaction","floor":49,"key":"SMITH"},{"data":"Shade:Premonition","floor":52,"key":"SMITH"}],"circlet_count":0,"master_deck":["Shade:Strike_Shade","Shade:Strike_Shade+1","Shade:Strike_Shade+3","Shade:Strike_Shade+2","Shade:Defend_Shade","Shade:Defend_Shade","Shade:Defend_Shade+2","Shade:Defend_Shade+2","Shade:AnimateDead+1","Shade:CarefulCut+1","Shade:CallOfTheGrave","Shade:Premonition+1","Shade:ClawBack","Shade:AuraOfUnlife+1","Shade:OpenGraves+1","Shade:FleshOffering+1","Shade:OpenGraves+1","Shade:Bonestorm+1","Shade:FuneraryArmor+1","Shade:WallOfFlesh+1","Shade:Premonition+1","Shade:FleshToFlesh+1","Shade:LichForm+1","Shade:ClawBack","Shade:Bonestorm","Shade:TouchOfTheGrave+1","Shade:Tombstone+1","Shade:FleshToFlesh+1","Shade:Putrefaction+1","Shade:Premonition+1","Shade:FreshBones+1","Shade:Premonition+1","Shade:Excise+1","Delirium","Shade:FreshBones+1","Shade:FuneraryJewels+1","Shade:AuraOfUnlife+1","Pot Of Greed","Pot Of Greed","Pot Of Greed+1","Pot Of Greed+1","Shade:AuraOfUnlife+1"],"relics":["Shade:YorickSkull","Hammer of Thor","Seething Fire","Anvil of the Gods","Lee\u0027s Waffle","Darkstone Periapt","conspire:Dentures","Calipers","Gremlin Horn","Mercury Hourglass","conspire:BottledYoYo","theForsaken:ScaryMask","Bottled Tornado","construct:ClawGrip","Nilry\u0027s Codex","Blood Vial","Simple Rune","conspire:DecoderRing","ReplayFunnel","sagemod:Singing_Vial","Replay:Grab Bag","Cursed Key","ChewingGum","construct:WeddingRing","theForsaken:PlagueMask","Replay:Bandana","sagemod:Red_Beast_Statue","Ginger","Medical Kit","Grinning Jar"],"acts_visited":["Exordium","TheCity","TheBeyond","TheEnding"],"potions_floor_usage":[50,50,55,55,55,55],"damage_taken":[{"damage":0.0,"enemies":"Jaw Worm","floor":1.0,"turns":4.0},{"damage":1.0,"enemies":"Cultist","floor":3.0,"turns":3.0},{"damage":0.0,"enemies":"2 Louse","floor":5.0,"turns":2.0},{"damage":0.0,"enemies":"HollowMod:MossKnight","floor":6.0,"turns":9.0},{"damage":0.0,"enemies":"Looter","floor":8.0,"turns":2.0},{"damage":0.0,"enemies":"Exordium Thugs","floor":10.0,"turns":4.0},{"damage":0.0,"enemies":"Red Slaver","floor":11.0,"turns":4.0},{"damage":3.0,"enemies":"3 Sentries","floor":12.0,"turns":4.0},{"damage":0.0,"enemies":"Exordium Wildlife","floor":14.0,"turns":3.0},{"damage":8.0,"enemies":"Fading Forest","floor":16.0,"turns":11.0},{"damage":0.0,"enemies":"Chosen","floor":18.0,"turns":5.0},{"damage":0.0,"enemies":"conspire:FuzzyDice","floor":19.0,"turns":5.0},{"damage":8.0,"enemies":"Slavers","floor":23.0,"turns":4.0},{"damage":0.0,"enemies":"Chosen and Byrds","floor":25.0,"turns":4.0},{"damage":16.0,"enemies":"3 Cultists","floor":28.0,"turns":4.0},{"damage":11.0,"enemies":"conspire:SneckoGhost","floor":30.0,"turns":7.0},{"damage":8.0,"enemies":"Cultist and Chosen","floor":31.0,"turns":5.0},{"damage":42.0,"enemies":"conspire:MysteriousRune","floor":33.0,"turns":10.0},{"damage":0.0,"enemies":"3 Shapes","floor":35.0,"turns":3.0},{"damage":0.0,"enemies":"3 Darklings","floor":36.0,"turns":5.0},{"damage":18.0,"enemies":"4 Shapes","floor":37.0,"turns":6.0},{"damage":0.0,"enemies":"Jaw Worm Horde","floor":39.0,"turns":3.0},{"damage":0.0,"enemies":"Maw","floor":41.0,"turns":6.0},{"damage":20.0,"enemies":"Writhing Mass","floor":44.0,"turns":7.0},{"damage":0.0,"enemies":"R_Hoarder","floor":45.0,"turns":5.0},{"damage":9.0,"enemies":"Jaw Worm Horde","floor":46.0,"turns":3.0},{"damage":0.0,"enemies":"Sphere and 2 Shapes","floor":48.0,"turns":6.0},{"damage":63,"enemies":"conspire:OrnateMirror","floor":50,"turns":7},{"damage":44,"enemies":"Shield and Spear","floor":54,"turns":6},{"damage":0,"enemies":"NeowBoss","floor":55,"turns":9}],"seed_played":"4155185052578256739","potions_obtained":[{"floor":1.0,"key":"SteroidPotion"},{"floor":3.0,"key":"Energy Potion"},{"floor":10.0,"key":"PowerPotion"},{"floor":12.0,"key":"DistilledChaos"},{"floor":14.0,"key":"Fruit Juice"},{"floor":18.0,"key":"EntropicBrew"},{"floor":25.0,"key":"BlessingOfTheForge"},{"floor":29.0,"key":"Elixir"},{"floor":35.0,"key":"Adrenaline Potion"},{"floor":37.0,"key":"ColorlessPotion"},{"floor":39.0,"key":"SkillPotion"}],"is_trial":false,"path_per_floor":["M","?","M","?","M","E","R","M","T","M","M","E","R","M","R","B",null,"M","M","?","?","$","E","R","M","T","T","M","?","E","M","R","B",null,"M","M","M","?","M","R","M","R","T","M","E","M","$","M","R","B",null,"R","$","E","B",null],"character_chosen":"SHADE","items_purchased":["Lee\u0027s Waffle","Darkstone Periapt","conspire:Dentures","Shade:CallOfTheGrave","Gremlin Horn","Shade:Premonition","Shade:ClawBack","Fruit Juice","Blood Vial","Ginger","Medical Kit","Shade:AuraOfUnlife","Elixir"],"campfire_rested":1,"item_purchase_floors":[0,0,0,0,0,0,0,22,22,47,47,47,53],"current_hp_per_floor":[72,72,71,57,57,57,57,57,57,57,57,54,54,54,59,59,77,77,77,77,61,66,60,60,62,62,62,48,54,45,39,65,25,88,88,88,70,76,78,78,80,80,86,68,70,63,63,65,65,4,100,100,100,56,58],"gold":98,"neow_bonus":"","is_daily":false,"chose_seed":false,"campfire_upgraded":7,"win_rate":0.0,"timestamp":1612180697,"path_taken":["M","?","?","?","M","E","R","M","T","M","M","E","R","M","R","BOSS","M","M","?","?","$","E","R","?","T","?","?","?","E","M","R","BOSS","M","?","M","?","M","R","M","R","T","M","E","M","$","M","R","BOSS","R","$","E","BOSS"],"items_purchased_type":["Relic","Relic","Relic","Card","Relic","Card","Card","Potion","Relic","Relic","Relic","Card","Potion"],"build_version":"2020-12-22","purchased_purges":0,"victory":true,"max_hp_per_floor":[72,72,72,72,72,72,72,72,72,72,72,72,72,72,77,77,77,77,77,77,77,82,82,82,82,82,82,82,88,88,88,88,88,88,88,88,88,94,94,94,94,94,100,100,100,100,100,100,100,100,100,100,100,100,100],"card_choices":[{"not_picked":["Shade:FuneraryArmor","Shade:Bonestorm"],"picked":"Shade:AuraOfUnlife","floor":1.0},{"not_picked":["Shade:FleshToFlesh","Shade:Premonition"],"picked":"Shade:OpenGraves","floor":3.0},{"not_picked":["Shade:TouchOfTheGrave","Shade:LyeBath"],"picked":"Shade:FleshOffering","floor":5.0},{"not_picked":["Shade:GreyBargain","Shade:SensePrey"],"picked":"Shade:OpenGraves","floor":6.0},{"not_picked":["Shade:AuraOfUnlife","Shade:GoDigging"],"picked":"Shade:Bonestorm","floor":8.0},{"not_picked":["Shade:RitualOffering","Shade:WallOfFlesh"],"picked":"Shade:FuneraryArmor","floor":10.0},{"not_picked":["Shade:Patience","Shade:LyeBath"],"picked":"Shade:WallOfFlesh","floor":11.0},{"not_picked":["Shade:PoundOfFlesh","Shade:SpontaneousRitual"],"picked":"Shade:Premonition","floor":12.0},{"not_picked":["Shade:OfferingToTheBeyond","Shade:Patience"],"picked":"Shade:FleshToFlesh","floor":14.0},{"not_picked":["Shade:OneIsEnough","Shade:DarkOfNight"],"picked":"Shade:LichForm","floor":16.0},{"not_picked":["Shade:Frenzy","Shade:CoffinDance+1"],"picked":"Shade:ClawBack","floor":18.0},{"not_picked":["Shade:Frenzy","Shade:GreyBargain"],"picked":"Shade:Bonestorm","floor":19.0},{"not_picked":["Shade:ClawBack+1","Shade:Frenzy","Shade:WallOfFlesh+1"],"picked":"SKIP","floor":23.0},{"not_picked":["Shade:PoundOfFlesh+1","Shade:CallWraith","Shade:SpontaneousRitual+1"],"picked":"SKIP","floor":25.0},{"not_picked":["Shade:BoneShards","Shade:LoseControl","Shade:AblativeArmor"],"picked":"SKIP","floor":28.0},{"not_picked":["Shade:PotionOfRestlessness+1","Shade:SkeletonHug"],"picked":"Shade:TouchOfTheGrave+1","floor":29.0},{"not_picked":["Shade:DangerousRitual+1","Shade:SpectralStrikes+1"],"picked":"Shade:Tombstone","floor":30.0},{"not_picked":["Shade:AncientSpear","Shade:BoneShards"],"picked":"Shade:FleshToFlesh","floor":31.0},{"not_picked":["Shade:OneIsEnough","Shade:OminousRitual"],"picked":"Shade:Putrefaction","floor":33.0},{"not_picked":["Shade:Asphyxiate+1","Shade:PressTheAttack+1"],"picked":"Shade:Premonition+1","floor":35.0},{"not_picked":["Shade:AblativeArmor","Shade:CloudOfShrapnel","Shade:ScuttlingHand"],"picked":"Singing Bowl","floor":36.0},{"not_picked":["Shade:FleshLikeOak+1","Shade:LyeBath"],"picked":"Shade:FreshBones+1","floor":36.0},{"not_picked":["Shade:Doomsay+1","Shade:ExtraLimbs+1"],"picked":"Shade:Premonition+1","floor":37.0},{"not_picked":["Shade:DangerousRitual","Shade:SkeletonHug","Shade:SanguineRitual+1"],"picked":"Singing Bowl","floor":39.0},{"not_picked":["Shade:ExtraLimbs+1","Shade:CallOfTheGrave"],"picked":"Shade:Excise+1","floor":41.0},{"not_picked":["Shade:SkeletonArmy","Shade:CloudOfShrapnel","Shade:PoundOfFlesh"],"picked":"Singing Bowl","floor":44.0},{"not_picked":["Shade:RavenousHorde","Shade:CoffinDance+1"],"picked":"Shade:FreshBones+1","floor":44.0},{"not_picked":["Shade:OfferingToTheBeyond","Shade:ExtraLimbs+1","Shade:Trample"],"picked":"SKIP","floor":45.0},{"not_picked":["Shade:FleshToFlesh+1","Shade:AncientSpear"],"picked":"Shade:FuneraryJewels","floor":46.0},{"not_picked":["Shade:LyeBath","Shade:CoffinDance","Shade:FreshBones"],"picked":"SKIP","floor":48.0},{"not_picked":["Shade:CoffinDance+1","Shade:AncientSpear"],"picked":"Shade:AuraOfUnlife","floor":54}],"player_experience":445896,"relics_obtained":[{"floor":6.0,"key":"conspire:BottledYoYo"},{"floor":9.0,"key":"theForsaken:ScaryMask"},{"floor":12.0,"key":"Bottled Tornado"},{"floor":21.0,"key":"Nilry\u0027s Codex"},{"floor":23.0,"key":"Simple Rune"},{"floor":27.0,"key":"conspire:DecoderRing"},{"floor":29.0,"key":"ReplayFunnel"},{"floor":30.0,"key":"sagemod:Singing_Vial"},{"floor":43.0,"key":"Replay:Bandana"},{"floor":45.0,"key":"sagemod:Red_Beast_Statue"},{"floor":54,"key":"Grinning Jar"}],"event_choices":[{"damage_healed":0.0,"max_hp_gain":0.0,"max_hp_loss":0.0,"gold_gain":0.0,"event_name":"WeMeetAgain","player_choice":"Gave Potion","floor":2.0,"gold_loss":0.0,"damage_taken":0.0,"relics_obtained":["Mercury Hourglass"]},{"damage_healed":0.0,"max_hp_gain":0.0,"max_hp_loss":0.0,"gold_gain":0.0,"event_name":"Shining Light","player_choice":"Entered Light","floor":4.0,"gold_loss":0.0,"damage_taken":14.0,"cards_upgraded":["Shade:Defend_Shade","Shade:Premonition"]},{"damage_healed":0.0,"max_hp_gain":0.0,"max_hp_loss":0.0,"gold_gain":0.0,"event_name":"conspire:Investor","player_choice":"Leave","floor":20.0,"gold_loss":0.0,"damage_taken":0.0},{"damage_healed":0.0,"max_hp_gain":0.0,"max_hp_loss":0.0,"gold_gain":0.0,"event_name":"Cursed Tome","player_choice":"Obtained Book","floor":21.0,"gold_loss":0.0,"damage_taken":16.0},{"damage_healed":0.0,"max_hp_gain":0.0,"max_hp_loss":0.0,"gold_gain":0.0,"event_name":"Plague Doctor","player_choice":"Obtain Plague Curse","floor":38.0,"gold_loss":0.0,"damage_taken":0.0,"cards_obtained":["theForsaken:PlagueCurse"]}],"is_beta":false,"boss_relics":[{"not_picked":["Painkiller Herb","Tiny House"],"picked":"construct:ClawGrip"},{"not_picked":["Snecko Eye","Coffee Dripper"],"picked":"Replay:Grab Bag"},{"not_picked":["conspire:SlowCooker","Busted Crown"],"picked":"Cursed Key"},{"not_picked":["Sozu","Philosopher\u0027s Stone"],"picked":"ChewingGum"},{"not_picked":["conspire:SpecialSausage","Empty Cage"],"picked":"construct:WeddingRing"}],"items_purged_floors":[],"is_endless":false,"potions_floor_spawned":[1,3,10,12,14,18,25,33,35,37,39,41,48],"ascension_level":3}}