{"host":"qy1e0kd24tpj3i2m","time":1612214092,"event":{"mods":["Act Like it!","Alarm Clock","BaseMod","Better Skull","Better Vampires","Colored Map","Colored Powertips","Custom Start","Faster Ascension Climbing","Friendly Minions","GifTheSpireLib","Gremlin Skip","Highlight Path","Minty Spire (QoL Compilation)","Permanent Neow","Poor People Problems","Quick Restart","Red Circlet Mod","Relic Filter Mod","Relic Sorter","Reorder Act Four","SacredBarkPlus","Shop Mod","StSLib","SuperFastMode","Transform Curses","没有小屋子和绿帽子啦"],"gold_per_floor":[109,259,259,239,34,69,69,69,69,69,90,90,129,154,154,240,240,263,263,263],"floor_reached":19,"language":"ZHS","playtime":425,"items_purged":["Doubt"],"score":396,"play_id":"70668a08-46e6-4306-80cc-02954414aab9","local_time":"20210202061452","is_ascension_mode":true,"campfire_choices":[{"floor":10.0,"key":"DIG"},{"floor":12.0,"key":"DIG"},{"floor":15.0,"key":"DIG"}],"circlet_count":0,"master_deck":["AscendersBane","Strike_R","Strike_R","Strike_R","Strike_R","Strike_R","Defend_R","Defend_R","Defend_R","Defend_R","Bash","Hemokinesis+1","Impervious","Battle Trance","Rupture","Bloodletting","Feed","Flex"],"relics":["Burning Blood","NeowsBlessing","Juzu Bracelet","Membership Card","Mercury Hourglass","Boot","CeramicFish","Shovel","Sundial","Darkstone Periapt","Gremlin Horn","HornCleat","Mark of Pain"],"acts_visited":["Exordium","TheCity"],"potions_floor_usage":[16],"damage_taken":[{"damage":0.0,"enemies":"Jaw Worm","floor":1.0,"turns":1.0},{"damage":0.0,"enemies":"Gremlin Nob","floor":6.0,"turns":1.0},{"damage":0.0,"enemies":"Small Slimes","floor":11.0,"turns":1.0},{"damage":9.0,"enemies":"3 Sentries","floor":13.0,"turns":3.0},{"damage":4.0,"enemies":"2 Louse","floor":14.0,"turns":3.0},{"damage":18,"enemies":"Slime Boss","floor":16,"turns":8},{"damage":18,"enemies":"Shell Parasite","floor":18,"turns":4},{"damage":28,"enemies":"Chosen","floor":19,"turns":4}],"seed_played":"-1557130472672160503","potions_obtained":[{"floor":4.0,"key":"LiquidBronze"},{"floor":6.0,"key":"AttackPotion"},{"floor":11.0,"key":"AttackPotion"},{"floor":14.0,"key":"FearPotion"}],"is_trial":false,"path_per_floor":["M","?","?","?","$","E","?","?","T","R","M","R","E","M","R","B",null,"M","M"],"character_chosen":"IRONCLAD","items_purchased":["Membership Card"],"campfire_rested":0,"item_purchase_floors":[5],"current_hp_per_floor":[74,74,63,63,63,69,36,36,36,36,42,42,39,41,41,29,64,52,24,24],"gold":263,"neow_bonus":"THREE_ENEMY_KILL","is_daily":false,"chose_seed":false,"campfire_upgraded":0,"win_rate":0.0,"timestamp":1612214092,"path_taken":["M","?","?","?","$","E","?","?","T","R","M","R","E","M","R","BOSS","M","M"],"items_purchased_type":["Relic"],"build_version":"2020-12-22","purchased_purges":1,"victory":false,"max_hp_per_floor":[75,75,75,75,75,75,75,75,75,75,75,75,75,75,75,75,75,75,75,75],"card_choices":[{"not_picked":["Perfected Strike","Pommel Strike"],"picked":"Hemokinesis","floor":1.0},{"not_picked":["Inflame","Cleave"],"picked":"Impervious","floor":6.0},{"not_picked":["Warcry","Havoc"],"picked":"Battle Trance","floor":11.0},{"not_picked":["Clothesline","Headbutt"],"picked":"Rupture","floor":13.0},{"not_picked":["Carnage","Reckless Charge"],"picked":"Bloodletting","floor":14.0},{"not_picked":["Offering","Berserk"],"picked":"Feed","floor":16},{"not_picked":["Pommel Strike","Headbutt"],"picked":"Flex","floor":18}],"player_experience":974657,"relics_obtained":[{"floor":6.0,"key":"Mercury Hourglass"},{"floor":9.0,"key":"Shovel"},{"floor":10.0,"key":"Sundial"},{"floor":12.0,"key":"Darkstone Periapt"},{"floor":13.0,"key":"Gremlin Horn"},{"floor":15.0,"key":"HornCleat"}],"event_choices":[{"damage_healed":0.0,"max_hp_gain":0.0,"max_hp_loss":0.0,"gold_gain":150.0,"event_name":"Liars Game","player_choice":"AGREE","floor":2.0,"gold_loss":0.0,"damage_taken":0.0,"cards_obtained":["Doubt"]},{"damage_healed":0.0,"max_hp_gain":0.0,"max_hp_loss":0.0,"gold_gain":0.0,"event_name":"Scrap Ooze","player_choice":"Success","floor":3.0,"gold_loss":0.0,"damage_taken":11.0,"relics_obtained":["Juzu Bracelet"]},{"damage_healed":0.0,"max_hp_gain":0.0,"max_hp_loss":0.0,"gold_gain":0.0,"event_name":"The Woman in Blue","player_choice":"Bought 1 Potion","floor":4.0,"gold_loss":0.0,"damage_taken":0.0},{"damage_healed":0.0,"max_hp_gain":0.0,"max_hp_loss":0.0,"gold_gain":0.0,"event_name":"betterSkull:BetterSkull","player_choice":"RE RE ","floor":7.0,"gold_loss":0.0,"damage_taken":37.0,"cards_upgraded":[],"relics_obtained":["Boot","CeramicFish"]},{"damage_healed":0.0,"max_hp_gain":0.0,"max_hp_loss":0.0,"gold_gain":0.0,"event_name":"Accursed Blacksmith","player_choice":"Forge","floor":8.0,"gold_loss":0.0,"damage_taken":0.0,"cards_upgraded":["Hemokinesis"]}],"is_beta":false,"boss_relics":[{"not_picked":["Philosopher\u0027s Stone","Runic Pyramid"],"picked":"Mark of Pain"}],"items_purged_floors":[5],"is_endless":false,"potions_floor_spawned":[6,11,14],"killed_by":"Chosen","ascension_level":20}}