{"host":"13o02hya6v6rzuva","time":1612175393,"event":{"mods":["BaseMod","Minty Spire (QoL Compilation)","Relic Stats"],"gold_per_floor":[117,117,134,309,325,325,357,357,357,384,384,70,142,158,158,255,255,274,160,160,172,172,204,214,239,290,16,28,28,44,63,63,164,164,178,178,188,188,238,273,285,297,309,321,333,361,387,416,428,440,452,464,52,84,84,84],"floor_reached":55,"language":"ENG","playtime":2623,"items_purged":["Doubt","Writhe"],"score":1155,"play_id":"f0db7294-e1e7-45ab-94df-50e71b0feb4c","local_time":"20210201112953","is_ascension_mode":true,"campfire_choices":[{"data":"Cloak And Dagger","floor":6,"key":"SMITH"},{"floor":11,"key":"REST"},{"data":"Neutralize","floor":15,"key":"SMITH"},{"floor":29,"key":"REST"},{"data":"Footwork","floor":32,"key":"SMITH"},{"floor":41,"key":"REST"},{"floor":44,"key":"RECALL"},{"floor":49,"key":"REST"},{"data":"Noxious Fumes","floor":52,"key":"SMITH"}],"circlet_count":0,"master_deck":["AscendersBane","Strike_G","Strike_G","Strike_G","Strike_G","Strike_G","Defend_G","Defend_G","Defend_G","Defend_G+1","Defend_G","Survivor","Neutralize+1","Cloak And Dagger+1","Escape Plan","PiercingWail","Die Die Die","Deflect+1","After Image","Footwork+1","Noxious Fumes+1","Leg Sweep+1","Dodge and Roll+1","After Image","Noxious Fumes+1","Envenom","Phantasmal Killer","Cloak And Dagger","Dagger Spray+1","PiercingWail+1"],"relics":["Ring of the Snake","Boot","Paper Crane","Omamori","Mercury Hourglass","Du-Vu Doll","Sling","Akabeko","Singing Bowl","Runic Pyramid","Juzu Bracelet","White Beast Statue","Snake Skull","Membership Card","Molten Egg 2","Busted Crown","Mango","MawBank","Strawberry","InkBottle","War Paint"],"acts_visited":["Exordium","TheCity","TheBeyond","TheEnding"],"potions_floor_usage":[7,16,16,23,25,28,33,33,35,37,40,50,50,55,55],"damage_taken":[{"damage":6,"enemies":"Small Slimes","floor":1,"turns":4},{"damage":0,"enemies":"Jaw Worm","floor":3,"turns":5},{"damage":3,"enemies":"Cultist","floor":5,"turns":5},{"damage":21,"enemies":"Gremlin Nob","floor":7,"turns":5},{"damage":14,"enemies":"3 Sentries","floor":10,"turns":5},{"damage":1,"enemies":"2 Fungi Beasts","floor":14,"turns":3},{"damage":36,"enemies":"Slime Boss","floor":16,"turns":12},{"damage":7,"enemies":"Spheric Guardian","floor":18,"turns":4},{"damage":2,"enemies":"Chosen","floor":21,"turns":5},{"damage":14,"enemies":"Book of Stabbing","floor":23,"turns":6},{"damage":12,"enemies":"Snecko","floor":24,"turns":7},{"damage":0,"enemies":"Gremlin Leader","floor":25,"turns":7},{"damage":0,"enemies":"Snake Plant","floor":28,"turns":5},{"damage":5,"enemies":"Centurion and Healer","floor":30,"turns":8},{"damage":2,"enemies":"Cultist and Chosen","floor":31,"turns":7},{"damage":21,"enemies":"Champ","floor":33,"turns":22},{"damage":32,"enemies":"3 Darklings","floor":35,"turns":3},{"damage":8,"enemies":"3 Shapes","floor":37,"turns":2},{"damage":0,"enemies":"Mind Bloom Boss Battle","floor":39,"turns":9},{"damage":30,"enemies":"Reptomancer","floor":40,"turns":9},{"damage":25,"enemies":"Transient","floor":46,"turns":5},{"damage":0,"enemies":"4 Shapes","floor":47,"turns":4},{"damage":3,"enemies":"Spire Growth","floor":48,"turns":8},{"damage":45,"enemies":"Donu and Deca","floor":50,"turns":11},{"damage":75,"enemies":"Shield and Spear","floor":54,"turns":8},{"damage":31,"enemies":"The Heart","floor":55,"turns":5}],"seed_played":"-4804613358913532721","potions_obtained":[{"floor":1,"key":"Fire Potion"},{"floor":7,"key":"SneckoOil"},{"floor":10,"key":"Swift Potion"},{"floor":16,"key":"Explosive Potion"},{"floor":18,"key":"GamblersBrew"},{"floor":24,"key":"FearPotion"},{"floor":25,"key":"Weak Potion"},{"floor":28,"key":"SpeedPotion"},{"floor":30,"key":"Energy Potion"},{"floor":31,"key":"DistilledChaos"},{"floor":33,"key":"Fire Potion"},{"floor":35,"key":"LiquidMemories"},{"floor":37,"key":"GamblersBrew"},{"floor":39,"key":"Swift Potion"},{"floor":40,"key":"CultistPotion"},{"floor":48,"key":"FearPotion"},{"floor":54,"key":"FearPotion"}],"is_trial":false,"path_per_floor":["M","?","M","?","M","R","E","?","T","E","R","$","T","M","R","B",null,"M","$","?","M","?","E","M","E","T","$","M","R","M","M","R","B",null,"M","?","M","?","?","E","R","?","T","R","?","M","M","M","R","B",null,"R","$","E","B"],"character_chosen":"THE_SILENT","items_purchased":["Sling","Akabeko","Footwork","Membership Card","Molten Egg 2","Envenom","Strawberry","InkBottle","Phantasmal Killer","Cloak And Dagger","Dagger Spray+1"],"campfire_rested":4,"item_purchase_floors":[12,12,19,27,27,53,53,53,53,53,53],"current_hp_per_floor":[57,50,50,50,47,47,26,43,43,29,50,50,50,51,51,15,58,53,53,53,53,53,39,29,29,29,29,31,55,52,50,50,29,69,39,41,35,35,51,23,54,81,81,81,81,58,58,57,90,45,94,94,101,26,0,0],"gold":84,"neow_bonus":"RANDOM_COMMON_RELIC","is_daily":false,"chose_seed":false,"campfire_upgraded":4,"win_rate":0.0,"timestamp":1612175393,"path_taken":["M","?","M","?","M","R","E","?","T","E","R","$","?","?","R","BOSS","M","$","?","M","?","E","M","E","T","?","M","R","M","M","R","BOSS","M","?","M","?","?","E","R","?","T","R","?","M","M","M","R","BOSS","R","$","E","BOSS"],"items_purchased_type":["Relic","Relic","Card","Relic","Relic","Card","Relic","Relic","Card","Card","Card"],"build_version":"2020-12-22","purchased_purges":2,"victory":false,"max_hp_per_floor":[70,70,70,70,70,70,70,70,70,70,70,70,70,72,72,72,72,74,74,74,76,76,76,78,78,78,78,80,80,82,82,82,82,82,84,86,88,88,104,106,106,106,106,106,106,108,108,110,110,110,110,110,117,117,117,117],"relic_stats":{"Busted Crown":18,"Singing Bowl":26,"counters":[26,172],"Snake Skull":[124],"Juzu Bracelet":1,"War Paint":["Defend_G","Deflect"],"Boot":[102],"MawBank":156,"obtain_stats":[{"Singing Bowl":13,"Mango":39,"Snake Skull":26,"Omamori":7,"Juzu Bracelet":23,"Paper Crane":2,"War Paint":54,"Boot":0,"Sling":12,"MawBank":40,"Akabeko":12,"White Beast Statue":25,"Mercury Hourglass":9,"Du-Vu Doll":10,"Busted Crown":34,"Strawberry":53,"Molten Egg 2":27,"Membership Card":27,"InkBottle":53,"Ring of the Snake":0,"Runic Pyramid":17},{"Singing Bowl":5,"Mango":19,"Snake Skull":12,"Omamori":4,"Juzu Bracelet":10,"Paper Crane":1,"War Paint":25,"Boot":0,"Sling":5,"MawBank":20,"Akabeko":5,"White Beast Statue":12,"Mercury Hourglass":4,"Du-Vu Doll":5,"Busted Crown":16,"Strawberry":24,"Molten Egg 2":12,"Membership Card":12,"InkBottle":24,"Ring of the Snake":0,"Runic Pyramid":7},{"Singing Bowl":24,"Mango":122,"Snake Skull":67,"Omamori":19,"Juzu Bracelet":53,"Paper Crane":4,"War Paint":167,"Boot":0,"Sling":24,"MawBank":131,"Akabeko":24,"White Beast Statue":67,"Mercury Hourglass":19,"Du-Vu Doll":24,"Busted Crown":109,"Strawberry":159,"Molten Egg 2":67,"Membership Card":67,"InkBottle":159,"Ring of the Snake":0,"Runic Pyramid":38}],"InkBottle":[6],"Ring of the Snake":[52],"Mercury Hourglass":[589]},"card_choices":[{"not_picked":["Blur","Dodge and Roll"],"picked":"Cloak And Dagger","floor":1},{"not_picked":["Acrobatics","Sucker Punch"],"picked":"Escape Plan","floor":3},{"not_picked":["Dagger Spray","Dash"],"picked":"PiercingWail","floor":5},{"not_picked":["Flying Knee","Heel Hook"],"picked":"Die Die Die","floor":7},{"not_picked":["Endless Agony","Flying Knee"],"picked":"Deflect","floor":10},{"not_picked":["Slice","Catalyst","Backflip"],"picked":"Singing Bowl","floor":14},{"not_picked":["Unload","Bullet Time"],"picked":"After Image","floor":16},{"not_picked":["Prepared","Reflex","Underhanded Strike"],"picked":"Singing Bowl","floor":18},{"not_picked":["Dagger Spray","Reflex","All Out Attack"],"picked":"Singing Bowl","floor":21},{"not_picked":["Underhanded Strike+1","Dagger Throw+1"],"picked":"Noxious Fumes","floor":23},{"not_picked":["Bane","Sucker Punch","Endless Agony"],"picked":"Singing Bowl","floor":24},{"not_picked":["Poisoned Stab","Blade Dance"],"picked":"Leg Sweep+1","floor":25},{"not_picked":["Dagger Spray+1","Tactician","PiercingWail"],"picked":"Singing Bowl","floor":28},{"not_picked":["Noxious Fumes","Sucker Punch+1","Slice+1"],"picked":"Singing Bowl","floor":30},{"not_picked":["Sucker Punch+1","Adrenaline"],"picked":"Dodge and Roll+1","floor":31},{"not_picked":["Wraith Form v2","Grand Finale+1"],"picked":"After Image","floor":33},{"not_picked":["Acrobatics"],"picked":"Singing Bowl","floor":35},{"not_picked":["Deep Breath"],"picked":"Singing Bowl","floor":36},{"not_picked":["Blur"],"picked":"Singing Bowl","floor":37},{"not_picked":["Deadly Poison"],"picked":"Singing Bowl","floor":39},{"not_picked":["Acrobatics"],"picked":"Singing Bowl","floor":40},{"not_picked":["Backflip"],"picked":"Singing Bowl","floor":46},{"not_picked":[],"picked":"Noxious Fumes+1","floor":47},{"not_picked":["Eviscerate+1"],"picked":"Singing Bowl","floor":48},{"not_picked":[],"picked":"PiercingWail+1","floor":54}],"player_experience":1170791,"relics_obtained":[{"floor":7,"key":"Omamori"},{"floor":9,"key":"Mercury Hourglass"},{"floor":10,"key":"Du-Vu Doll"},{"floor":13,"key":"Singing Bowl"},{"floor":23,"key":"Juzu Bracelet"},{"floor":25,"key":"White Beast Statue"},{"floor":26,"key":"Snake Skull"},{"floor":39,"key":"Mango"},{"floor":40,"key":"MawBank"},{"floor":54,"key":"War Paint"}],"event_choices":[{"damage_healed":0,"gold_gain":0,"player_choice":"Success","damage_taken":7,"relics_obtained":["Paper Crane"],"max_hp_gain":0,"max_hp_loss":0,"event_name":"Scrap Ooze","floor":2,"gold_loss":0},{"damage_healed":0,"gold_gain":175,"player_choice":"AGREE","damage_taken":0,"max_hp_gain":0,"max_hp_loss":0,"event_name":"Liars Game","floor":4,"gold_loss":0,"cards_obtained":["Doubt"]},{"damage_healed":17,"gold_gain":0,"player_choice":"Healed and dodged fight","damage_taken":0,"max_hp_gain":0,"max_hp_loss":0,"event_name":"Mushrooms","floor":8,"gold_loss":0,"cards_obtained":["Parasite"]},{"damage_healed":0,"gold_gain":0,"player_choice":"Ignored","damage_taken":0,"max_hp_gain":0,"max_hp_loss":0,"event_name":"Beggar","floor":20,"gold_loss":0},{"damage_healed":0,"gold_gain":0,"player_choice":"Smashed Altar","damage_taken":0,"max_hp_gain":0,"max_hp_loss":0,"event_name":"Forgotten Altar","floor":22,"gold_loss":0,"cards_obtained":["Decay"]},{"damage_healed":0,"gold_gain":0,"player_choice":"Memory 1","damage_taken":0,"max_hp_gain":0,"max_hp_loss":0,"event_name":"SensoryStone","floor":36,"gold_loss":0},{"damage_healed":0,"gold_gain":0,"player_choice":"Bought 0 Potions","damage_taken":0,"max_hp_gain":0,"max_hp_loss":0,"event_name":"The Woman in Blue","floor":38,"gold_loss":0},{"damage_healed":0,"gold_gain":0,"player_choice":"Fight","damage_taken":0,"max_hp_gain":0,"max_hp_loss":0,"event_name":"MindBloom","floor":39,"gold_loss":0},{"damage_healed":27,"gold_gain":0,"player_choice":"Writhe","damage_taken":0,"max_hp_gain":0,"max_hp_loss":0,"event_name":"Winding Halls","floor":42,"gold_loss":0,"cards_obtained":["Writhe"]},{"damage_healed":0,"gold_gain":0,"player_choice":"Ignored","damage_taken":0,"max_hp_gain":0,"max_hp_loss":0,"event_name":"Mysterious Sphere","floor":45,"gold_loss":0}],"is_beta":false,"boss_relics":[{"not_picked":["Velvet Choker","Philosopher\u0027s Stone"],"picked":"Runic Pyramid"},{"not_picked":["HoveringKite","SacredBark"],"picked":"Busted Crown"}],"items_purged_floors":[19,53],"is_endless":false,"potions_floor_spawned":[1,7,10,16,18,24,25,28,30,31,33,35,37,39,40,46,47,48,54],"killed_by":"The Heart","ascension_level":10}}