{"host":"0fm1w3v00gid44jl","time":1612222126,"event":{"mods":["AchievementEnabler","BaseMod","Colored Map","Colored Powertips","Displayed Cursed Tome","Downfall","Googly Eyes","Highlight Path","Minty Spire (QoL Compilation)","Permanent Neow","Relic Stats","StSLib","SuperFastMode","slay the spire mod where everything is the same but ironclad has a cowboy hat"],"gold_per_floor":[0,13,25,25,25,38,38,38,99,9,37,37,37,49,62,159,159,159,120,131,144,144,179,179,195,195,295,135,145,45,64,77,180,180,80,92,192,138,185,195,195,245,89,122,322,322,353,353,373,373,373,408,101,101,101,101,101,101],"floor_reached":56,"language":"ENG","playtime":5277,"items_purged":["Slimebound:Strike_Slimebound","Slimebound:Strike_Slimebound"],"score":1083,"play_id":"28b50c86-53a0-4305-b255-108fa7759359","local_time":"20210201172846","is_ascension_mode":true,"campfire_choices":[{"data":"Slimebound:CheckThePlaybook","floor":1.0,"key":"SMITH"},{"data":"Slimebound:Split","floor":8.0,"key":"SMITH"},{"data":"Slimebound:RollThrough","floor":18.0,"key":"SMITH"},{"floor":30,"key":"RECALL"},{"data":"Slimebound:SelfFormingGoo","floor":35,"key":"SMITH"},{"data":"Slimebound:MassRepurpose","floor":45,"key":"SMITH"},{"floor":54,"key":"REST"}],"circlet_count":0,"master_deck":["Slimebound:Tackle","Slimebound:Defend_Slimebound","Slimebound:Defend_Slimebound","Slimebound:Defend_Slimebound","Slimebound:Defend_Slimebound","Slimebound:Split+1","Slimebound:CorrosiveSpit","Slimebound:CheckThePlaybook+1","Slimebound:SlimeSpikes","Slimebound:SlimeSpikes","Slimebound:Grow","Slimebound:Prepare","CurseOfTheBell","CurseOfTheBell","Slimebound:FlameTackle","Slimebound:RollThrough+1","Slimebound:MassRepurpose+1","Slimebound:SplitBruiser","Slimebound:SlimeTap+1","Slimebound:ComboTackle+1","Flash of Steel","Slimebound:SplitSpecialist","Ghostly","Ghostly","Ghostly","Ghostly","Ghostly","Slimebound:Replication","Slimebound:Chomp+1","Slimebound:SplitLeeching","Slimebound:SelfFormingGoo+1","Slimebound:ForwardTackle","Slimebound:Chomp+1"],"relics":["Slimebound:AbsorbEndCombat","InkBottle","Guardian:PocketSentry","Strawberry","Gremlin Horn","downfall:ExtraCursedBell","bronze:BronzeIdol","bronze:DecasWashers","WingedGreaves","expansioncontent:StudyCardRelic","Anchor","Potion Belt","champ:DeflectingBracers","White Beast Statue","downfall:HeartBlessingGreen","Busted Crown","downfall:HeartBlessingRed","downfall:GremlinWheel","Slimebound:SelfDamagePreventRelic","Matryoshka","Toxic Egg 2","Centennial Puzzle","hexamod:CandleOfCauterizing","Gambling Chip","Bronze Scales","Juzu Bracelet","downfall:HeartBlessingBlue","Toy Ornithopter","Art of War","champ:DuelingGlove"],"acts_visited":["Exordium","TheCity","TheBeyond","TheEnding"],"potions_floor_usage":[29,33,38,50,50,55,55,56,56],"damage_taken":[{"damage":6.0,"enemies":"Cultist","floor":2.0,"turns":3.0},{"damage":4.0,"enemies":"2 Louse","floor":3.0,"turns":2.0},{"damage":5.0,"enemies":"Jaw Worm","floor":6.0,"turns":4.0},{"damage":14.0,"enemies":"Lagavulin Event","floor":9.0,"turns":4.0},{"damage":9.0,"enemies":"downfall:FleeingMerchant","floor":10.0,"turns":4.0},{"damage":10.0,"enemies":"Gremlin Nob","floor":11.0,"turns":3.0},{"damage":14.0,"enemies":"3 Louse","floor":14.0,"turns":3.0},{"damage":1.0,"enemies":"Large Slime","floor":15.0,"turns":3.0},{"damage":21.0,"enemies":"WA_ARCHETYPE_RETAIN","floor":16.0,"turns":9.0},{"damage":5.0,"enemies":"downfall:FleeingMerchant","floor":19.0,"turns":4.0},{"damage":10.0,"enemies":"Shell Parasite","floor":20.0,"turns":3.0},{"damage":0.0,"enemies":"3 Byrds","floor":21.0,"turns":2.0},{"damage":20.0,"enemies":"Gremlin Leader","floor":23.0,"turns":4.0},{"damage":13.0,"enemies":"Snecko","floor":25.0,"turns":4.0},{"damage":0.0,"enemies":"Colosseum Nobs","floor":27.0,"turns":5.0},{"damage":2,"enemies":"downfall:FleeingMerchant","floor":28,"turns":4},{"damage":0,"enemies":"Sentry and Sphere","floor":29,"turns":3},{"damage":0,"enemies":"Centurion and Healer","floor":31,"turns":3},{"damage":0,"enemies":"Snake Plant","floor":32,"turns":4},{"damage":0,"enemies":"IC_MUSHROOM_ARCHETYPE","floor":33,"turns":4},{"damage":0,"enemies":"3 Shapes","floor":36,"turns":2},{"damage":1,"enemies":"3 Shapes","floor":37,"turns":3},{"damage":0,"enemies":"downfall:FleeingMerchant","floor":38,"turns":1},{"damage":3,"enemies":"3 Darklings","floor":40,"turns":4},{"damage":0,"enemies":"3 Darklings","floor":42,"turns":4},{"damage":0,"enemies":"Reptomancer","floor":44,"turns":4},{"damage":0,"enemies":"Giant Head","floor":47,"turns":6},{"damage":0,"enemies":"Spire Growth","floor":49,"turns":4},{"damage":15,"enemies":"DF_ARCHETYPE_ORBS","floor":50,"turns":6},{"damage":43,"enemies":"downfall:CharBossMerchant","floor":52,"turns":7},{"damage":0,"enemies":"downfall:NeowBoss","floor":55,"turns":9},{"damage":40,"enemies":"downfall:NeowBossFinal","floor":56,"turns":8}],"seed_played":"-3864734561972983738","potions_obtained":[{"floor":6.0,"key":"Block Potion"},{"floor":15.0,"key":"FearPotion"},{"floor":21.0,"key":"sneckomod:MuddlingPotion"},{"floor":25.0,"key":"Block Potion"},{"floor":27.0,"key":"Energy Potion"},{"floor":28,"key":"bronze:BurnAndBuffPotion"},{"floor":29,"key":"Slimebound:SlimedPotion"},{"floor":32,"key":"hexamod:SoulburnPotion"},{"floor":33,"key":"EssenceOfSteel"},{"floor":38,"key":"ColorlessPotion"},{"floor":40,"key":"AttackPotion"},{"floor":42,"key":"Slimebound:SpawnSlimePotion"},{"floor":47,"key":"Guardian:BlockOnCardUsePotion"},{"floor":52,"key":"Dexterity Potion"}],"is_trial":false,"path_per_floor":["R","M","M","?","T","M","T","R","?","$","E","?","?","M","M","B",null,"R","$","M","M","?","E","T","M","?","?","$","M","R","M","M","B",null,"R","M","?","$","T","M","T","?","$","E","R","?","E","?","M","B",null,"E","$","R","B","B"],"character_chosen":"SLIMEBOUND","items_purchased":["Slimebound:SplitBruiser","Slimebound:SplitLeeching","Slimebound:SelfDamagePreventRelic","Matryoshka","Bronze Scales","champ:DuelingGlove"],"campfire_rested":1,"item_purchase_floors":[19,28,38,38,43,53],"current_hp_per_floor":[65,61,59,59,59,56,56,56,55,50,44,44,44,30,33,20,72,72,69,59,59,59,39,39,28,28,30,32,32,32,32,34,34,36,36,36,35,36,36,35,35,35,35,36,46,46,46,46,46,36,46,3,3,16,28,0,0,0],"gold":101,"neow_bonus":"THREE_RARE_CARDS","is_daily":false,"chose_seed":false,"campfire_upgraded":5,"win_rate":0.0,"timestamp":1612222126,"path_taken":["R","M","?","?","?","M","T","R","?","$","E","?","?","M","M","BOSS","R","?","M","M","?","E","T","?","?","?","$","M","R","M","M","BOSS","R","M","?","$","?","M","T","?","?","E","R","?","E","?","M","BOSS","E","$","R","BOSS","BOSS"],"items_purchased_type":["Card","Card","Relic","Relic","Relic","Relic"],"build_version":"2020-12-22","purchased_purges":2,"victory":false,"max_hp_per_floor":[65,65,65,65,65,65,65,65,72,72,72,72,72,72,72,72,72,72,72,72,72,72,72,72,72,36,36,36,36,36,36,36,36,36,36,36,36,36,36,36,36,36,36,36,46,46,46,46,46,46,46,46,46,46,46,46,46,46],"relic_stats":{"Centennial Puzzle":[9],"Busted Crown":18,"Gremlin Horn":[23,24],"counters":[32,128],"Gambling Chip":[12],"Bronze Scales":[79],"Juzu Bracelet":1,"Art of War":[1],"obtain_stats":[{"champ:DuelingGlove":53,"Gremlin Horn":11,"downfall:HeartBlessingGreen":30,"expansioncontent:StudyCardRelic":17,"Juzu Bracelet":44,"Centennial Puzzle":41,"downfall:GremlinWheel":37,"Matryoshka":38,"downfall:HeartBlessingBlue":45,"Strawberry":9,"Gambling Chip":42,"WingedGreaves":12,"downfall:ExtraCursedBell":12,"Toxic Egg 2":39,"InkBottle":5,"Potion Belt":24,"hexamod:CandleOfCauterizing":41,"Slimebound:SelfDamagePreventRelic":38,"downfall:HeartBlessingRed":35,"bronze:DecasWashers":12,"champ:DeflectingBracers":27,"Guardian:PocketSentry":7,"White Beast Statue":27,"bronze:BronzeIdol":12,"Anchor":23,"Busted Crown":34,"Bronze Scales":43,"Slimebound:AbsorbEndCombat":0,"Art of War":52,"Toy Ornithopter":47},{"champ:DuelingGlove":30,"Gremlin Horn":6,"downfall:HeartBlessingGreen":17,"expansioncontent:StudyCardRelic":9,"Juzu Bracelet":26,"Centennial Puzzle":24,"downfall:GremlinWheel":22,"Matryoshka":23,"downfall:HeartBlessingBlue":26,"Strawberry":4,"Gambling Chip":25,"WingedGreaves":6,"downfall:ExtraCursedBell":6,"Toxic Egg 2":23,"InkBottle":2,"Potion Belt":13,"hexamod:CandleOfCauterizing":24,"Slimebound:SelfDamagePreventRelic":23,"downfall:HeartBlessingRed":20,"bronze:DecasWashers":6,"champ:DeflectingBracers":15,"Guardian:PocketSentry":3,"White Beast Statue":15,"bronze:BronzeIdol":6,"Anchor":13,"Busted Crown":20,"Bronze Scales":25,"Slimebound:AbsorbEndCombat":0,"Art of War":30,"Toy Ornithopter":27},{"champ:DuelingGlove":111,"Gremlin Horn":20,"downfall:HeartBlessingGreen":63,"expansioncontent:StudyCardRelic":35,"Juzu Bracelet":90,"Centennial Puzzle":82,"downfall:GremlinWheel":77,"Matryoshka":78,"downfall:HeartBlessingBlue":90,"Strawberry":13,"Gambling Chip":86,"WingedGreaves":20,"downfall:ExtraCursedBell":20,"Toxic Egg 2":78,"InkBottle":5,"Potion Belt":48,"hexamod:CandleOfCauterizing":82,"Slimebound:SelfDamagePreventRelic":78,"downfall:HeartBlessingRed":73,"bronze:DecasWashers":20,"champ:DeflectingBracers":56,"Guardian:PocketSentry":9,"White Beast Statue":56,"bronze:BronzeIdol":20,"Anchor":48,"Busted Crown":73,"Bronze Scales":86,"Slimebound:AbsorbEndCombat":0,"Art of War":111,"Toy Ornithopter":95}],"InkBottle":[59],"Toy Ornithopter":25},"card_choices":[{"not_picked":["Slimebound:Darklings","Slimebound:SelfFormingGoo"],"picked":"Slimebound:CheckThePlaybook","floor":0.0},{"not_picked":["Slimebound:GoopTackle","Slimebound:PressTheAttack","Slimebound:HauntingLick"],"picked":"SKIP","floor":2.0},{"not_picked":["Slimebound:FinishingTackle","Slimebound:GoopSpray"],"picked":"Slimebound:SlimeSpikes","floor":3.0},{"not_picked":["Slimebound:ComboTackle","Slimebound:LevelUp"],"picked":"Slimebound:SlimeSpikes","floor":6.0},{"not_picked":["Slimebound:LivingWall","Slimebound:ComboTackle"],"picked":"Slimebound:Grow","floor":10.0},{"not_picked":["Slimebound:Dissolve","Slimebound:Schlurp"],"picked":"Slimebound:Prepare","floor":11.0},{"not_picked":["Slimebound:SamplingLick","Slimebound:SplitBruiser"],"picked":"Slimebound:FlameTackle","floor":14.0},{"not_picked":["Slimebound:PrepareCrush","Slimebound:ProtectTheBoss"],"picked":"Slimebound:RollThrough","floor":15.0},{"not_picked":["Slimebound:FirmFortitude","Slimebound:MinionMaster"],"picked":"Slimebound:MassRepurpose","floor":16.0},{"not_picked":["Slimebound:LeechLife","Slimebound:FirmFortitude","Slimebound:GoopTackle"],"picked":"SKIP","floor":19.0},{"not_picked":["Slimebound:SplitBruiser","Slimebound:LeechingTouch"],"picked":"Slimebound:SlimeTap+1","floor":20.0},{"not_picked":["Slimebound:LeechEnergy","Slimebound:ServeAndProtect"],"picked":"Slimebound:ComboTackle+1","floor":21.0},{"not_picked":["Slimebound:SpikyOuterGoop+1","Slimebound:Recollect+1"],"picked":"Slimebound:LevelUp+1","floor":23.0},{"not_picked":["Slimebound:ComboTackle+1","Slimebound:ProtectTheBoss","Slimebound:ForwardTackle"],"picked":"SKIP","floor":25.0},{"not_picked":["Slimebound:SlimeSpikes+1","Slimebound:HungryTackle"],"picked":"Slimebound:Replication","floor":27.0},{"not_picked":["Slimebound:SplitBruiser+1","Slimebound:Recycling"],"picked":"Slimebound:Chomp+1","floor":28},{"not_picked":["Slimebound:FinishingTackle","Slimebound:LeechEnergy","Slimebound:RejuvenatingLick"],"picked":"SKIP","floor":29},{"not_picked":["Slimebound:LeechEnergy+1","Slimebound:DivideAndConquer","Slimebound:FormOfPuddle+1"],"picked":"SKIP","floor":31},{"not_picked":["Slimebound:ItLooksTasty","Slimebound:Schlurp","Slimebound:HauntingLick"],"picked":"SKIP","floor":32},{"not_picked":["Slimebound:RallyTheTroops","Slimebound:Teamwork"],"picked":"Slimebound:SelfFormingGoo","floor":33},{"not_picked":["Slimebound:ViciousTackle+1"],"picked":"SKIP","floor":36},{"not_picked":["Slimebound:SamplingLick"],"picked":"SKIP","floor":38},{"not_picked":["Slimebound:SplitBruiser+1"],"picked":"SKIP","floor":40},{"not_picked":["Slimebound:PressTheAttack"],"picked":"SKIP","floor":44},{"not_picked":["Slimebound:GoopTackle"],"picked":"SKIP","floor":47},{"not_picked":["Slimebound:LeechEnergy"],"picked":"SKIP","floor":49},{"not_picked":[],"picked":"Slimebound:Chomp+1","floor":52}],"player_experience":1589324,"relics_obtained":[{"floor":5.0,"key":"InkBottle"},{"floor":7.0,"key":"Guardian:PocketSentry"},{"floor":9.0,"key":"Strawberry"},{"floor":11.0,"key":"Gremlin Horn"},{"floor":12.0,"key":"bronze:BronzeIdol"},{"floor":12.0,"key":"bronze:DecasWashers"},{"floor":12.0,"key":"WingedGreaves"},{"floor":23.0,"key":"Anchor"},{"floor":24.0,"key":"Potion Belt"},{"floor":27.0,"key":"champ:DeflectingBracers"},{"floor":27.0,"key":"White Beast Statue"},{"floor":37,"key":"downfall:GremlinWheel"},{"floor":39,"key":"Toxic Egg 2"},{"floor":41,"key":"Centennial Puzzle"},{"floor":41,"key":"hexamod:CandleOfCauterizing"},{"floor":42,"key":"Gambling Chip"},{"floor":44,"key":"Juzu Bracelet"},{"floor":47,"key":"Toy Ornithopter"},{"floor":52,"key":"Art of War"}],"event_choices":[{"cards_removed":["Slimebound:Strike_Slimebound"],"damage_healed":0.0,"max_hp_gain":0.0,"max_hp_loss":0.0,"gold_gain":0.0,"event_name":"Wheel of Change","player_choice":"Card Removal","floor":13.0,"gold_loss":0.0,"damage_taken":0.0},{"damage_healed":0.0,"max_hp_gain":0.0,"max_hp_loss":36.0,"gold_gain":0.0,"event_name":"Ghosts","player_choice":"Became a Ghost","floor":26.0,"gold_loss":0.0,"damage_taken":0.0,"cards_obtained":["Ghostly","Ghostly","Ghostly","Ghostly","Ghostly"]},{"damage_healed":0,"gold_gain":300,"player_choice":"Gold","damage_taken":0,"max_hp_gain":0,"max_hp_loss":0,"event_name":"Wheel of Change","floor":45,"gold_loss":0}],"is_beta":false,"boss_relics":[{"not_picked":["Coffee Dripper","Tiny House"],"picked":"expansioncontent:StudyCardRelic"},{"not_picked":["Runic Pyramid","Snecko Eye"],"picked":"Busted Crown"}],"items_purged_floors":[10,28],"is_endless":false,"potions_floor_spawned":[6,15,21,25,27,28,29,31,32,33,36,37,38,40,42,44,47,49,52],"killed_by":"downfall:NeowBossFinal","ascension_level":4}}