{"host":"bd3tl98ed0kk4173","time":1612188772,"event":{"mods":["Arknights","Aspiration","BaseMod","Beaked The Cultist","Better Altar","Better Match","Better Note","Better Sensory Stone","Better Skull","Better Third Choice","BetterRewards","CapriCore","Colored Map","Colored Powertips","Conspire","Emptier Cage","Energized Spire","GifTheSpireLib","GungeonMod","Halation","HexUI Lib","Highlight Path","Hubris","Infinite Spire","Jorbs\u0027s Wanderer Trilogy","Minty Spire (QoL Compilation)","Permanent Neow","Quick Restart","Rare Cards Sparkle","Reliquary","Replay The Spire","SacredBarkPlus","Spicy Shops","StSLib","The Animator","The Blue Laboratory","The Death Knight","The Disciple","The Problem Sleuth","The Sage","The Valiant","[GremlinLeader]The Maniac","??????REMEMod"],"gold_per_floor":[189,34,48,60,80,80,80,80,80,97,97,46,46,46,46,150,150,163,180,192,192,207,207,207],"floor_reached":23,"language":"ENG","playtime":2535,"items_purged":[],"score":208,"play_id":"8d8d5963-e5cb-4b3e-9deb-4ce41088e243","local_time":"20210201091252","is_ascension_mode":false,"campfire_choices":[{"data":"sagemod:Energetic_Brew","floor":6,"key":"SMITH"},{"data":"sagemod:On_Fire","floor":8,"key":"SMITH"},{"data":"sagemod:How_To_Befriend_A_Turtle","floor":13,"key":"SMITH"},{"floor":15,"key":"REST"}],"circlet_count":0,"master_deck":["sagemod:Strike","sagemod:Strike","sagemod:Strike","sagemod:Defend","sagemod:Defend","sagemod:Defend","sagemod:Defend","sagemod:Fly","sagemod:Upwards+1","stsjorbsmod:MagicMirror","sagemod:Energetic_Brew+1","sagemod:On_Fire+1","sagemod:Poem+1","Pot Of Greed","Pot Of Greed","sagemod:How_To_Befriend_A_Turtle+1","sagemod:How_To_Feed_Apes","sagemod:Shining_Powder"],"relics":["sagemod:Flying_Carpet","REME_ComplimentaryCards","reliquary:RosewoodLute","hubris:OldNail","Grinning Jar","Replay:Grab Bag","energizedSpire:DeadBattery","beaked:SacredNecklace","Black Star","Bottled Flame"],"acts_visited":["Exordium","TheCity"],"potions_floor_usage":[4,5,10,10,16,16,16,16,16,16,16,18,18,18,18,18,18,19,19,19,20,20,20,22,22,22,22,22,22,23,23,23,23,23],"damage_taken":[{"damage":0,"enemies":"Jaw Worm","floor":1,"turns":8},{"damage":15,"enemies":"Cultist","floor":3,"turns":8},{"damage":4,"enemies":"Small Slimes","floor":4,"turns":6},{"damage":0,"enemies":"Red Slaver","floor":5,"turns":7},{"damage":3,"enemies":"2 Fungi Beasts","floor":10,"turns":6},{"damage":18,"enemies":"The Guardian","floor":16,"turns":15},{"damage":0,"enemies":"conspire:FuzzyDice","floor":18,"turns":14},{"damage":0,"enemies":"Chosen","floor":19,"turns":19},{"damage":0,"enemies":"Snake Plant","floor":20,"turns":3},{"damage":3,"enemies":"Shelled Parasite and Fungi","floor":22,"turns":9},{"damage":59,"enemies":"Book of Stabbing","floor":23,"turns":11}],"seed_played":"2331905815349114100","potions_obtained":[{"floor":1,"key":"Death Potion"},{"floor":4,"key":"DemoMod:LeadSkinPotion"},{"floor":10,"key":"DemoMod:LeadSkinPotion"}],"is_trial":false,"path_per_floor":["M","$","M","M","M","R","?","R","T","M","?","$","R","?","R","B",null,"M","M","M","AVR","M","E"],"character_chosen":"THE_SAGE","items_purchased":["hubris:OldNail","sagemod:How_To_Befriend_A_Turtle"],"campfire_rested":1,"item_purchase_floors":[2,12],"current_hp_per_floor":[50,50,35,31,31,31,31,31,31,28,28,28,28,28,43,25,50,50,50,50,50,47,0,0],"gold":207,"neow_bonus":"RANDOM_COMMON_RELIC","is_daily":false,"chose_seed":false,"campfire_upgraded":3,"win_rate":0.0,"timestamp":1612188772,"path_taken":["M","$","M","M","M","R","?","R","T","?","?","$","R","?","R","BOSS","M","M","M","AVR","M","E"],"items_purchased_type":["Relic","Card"],"build_version":"2020-12-22","purchased_purges":0,"victory":false,"max_hp_per_floor":[50,50,50,50,50,50,50,50,50,50,50,50,50,50,50,50,50,50,50,50,50,50,50,50],"card_choices":[{"not_picked":["sagemod:Lunchtime","sagemod:Shining_Powder"],"picked":"sagemod:Energetic_Brew","floor":1},{"not_picked":["sagemod:Let_It_Go","sagemod:How_To_Poke_At_Slimes","sagemod:How_To_Charm_A_Sentry"],"picked":"SKIP","floor":3},{"not_picked":["sagemod:Energetic_Brew","sagemod:Spoon_Strike"],"picked":"sagemod:On_Fire","floor":4},{"not_picked":["sagemod:How_To_Charm_A_Sentry","sagemod:Armor_Brew"],"picked":"sagemod:Poem","floor":5},{"not_picked":["sagemod:Burning_Flask","sagemod:How_To_Poke_At_Slimes","sagemod:Let_It_Go"],"picked":"SKIP","floor":10},{"not_picked":["sagemod:Shatter","sagemod:Accumulation"],"picked":"sagemod:How_To_Feed_Apes","floor":16},{"not_picked":["sagemod:Slalom","sagemod:Potion_Explosion+1","sagemod:How_To_Charm_A_Sentry+1"],"picked":"SKIP","floor":18},{"not_picked":["sagemod:Momentum+1","sagemod:Salty_Strike","sagemod:How_To_Warm_Elephants"],"picked":"SKIP","floor":19},{"not_picked":["sagemod:Cane_Strike","sagemod:Pincer_Repair"],"picked":"sagemod:Shining_Powder","floor":20},{"not_picked":["sagemod:Energetic_Brew","sagemod:Grounded_Strike","sagemod:Fire_Brew+1"],"picked":"SKIP","floor":22}],"player_experience":97062,"relics_obtained":[{"floor":9,"key":"Grinning Jar"}],"event_choices":[{"damage_healed":0,"gold_gain":0,"player_choice":"Forge","damage_taken":0,"max_hp_gain":0,"max_hp_loss":0,"event_name":"Accursed Blacksmith","floor":7,"gold_loss":0,"cards_upgraded":["sagemod:Poem"]},{"damage_healed":0,"gold_gain":0,"player_choice":"Grow","damage_taken":0,"max_hp_gain":0,"max_hp_loss":0,"event_name":"Living Wall","floor":11,"gold_loss":0,"cards_upgraded":["sagemod:Upwards"]},{"cards_removed":["sagemod:Strike"],"damage_healed":0,"gold_gain":0,"player_choice":"Purged","damage_taken":0,"max_hp_gain":0,"max_hp_loss":0,"event_name":"Purifier","floor":14,"gold_loss":0}],"is_beta":false,"boss_relics":[{"not_picked":["reliquary:WritOfMandamus","Philosopher\u0027s Stone"],"picked":"Replay:Grab Bag"},{"not_picked":["Runic Dome","beaked:MawFillet"],"picked":"energizedSpire:DeadBattery"},{"not_picked":["sagemod:Falmels_Amulet","conspire:SeveredTorchhead"],"picked":"beaked:SacredNecklace"},{"not_picked":["SlaversCollar","Replay:Drink Me"],"picked":"Black Star"}],"items_purged_floors":[],"is_endless":false,"potions_floor_spawned":[1,4,5,10,19,20],"killed_by":"Book of Stabbing","ascension_level":0}}