{"host":"92108ef2q9tm8rod","time":1612194363,"event":{"mods":["BaseMod","Defuse TimeMaze Blight","Minty Spire (QoL Compilation)","StSLib","The Jungle"],"gold_per_floor":[110,120,139,159,175,207,240,274,328,253,183,183,183,201,201,300,300,310,310,14,14,29,29,29,62,89,89,89,89,89,104,104,203,203,223,241,258,276,61,61,61,81,134,163,188,188,188,88,88,88],"floor_reached":51,"language":"ENG","playtime":3975,"items_purged":["Chill","Recycle+1"],"score":893,"play_id":"193eca29-193d-4ea5-ad73-208db32a2ad5","local_time":"20210201154603","daily_mods":["SealedDeck","Green Cards","Heirloom","Flight"],"is_ascension_mode":false,"campfire_choices":[{"floor":12,"key":"REST"},{"data":"Recycle","floor":13,"key":"SMITH"},{"floor":15,"key":"REST"},{"data":"Redo","floor":23,"key":"SMITH"},{"data":"Tempest","floor":27,"key":"SMITH"},{"data":"Gash","floor":29,"key":"SMITH"},{"data":"Streamline","floor":30,"key":"SMITH"},{"data":"Go for the Eyes","floor":32,"key":"SMITH"},{"data":"Conserve Battery","floor":40,"key":"SMITH"},{"floor":41,"key":"REST"},{"floor":47,"key":"REST"},{"floor":49,"key":"REST"}],"circlet_count":0,"master_deck":["Tempest+1","Leap+1","Distraction+1","Streamline+1","Conserve Battery+1","Gash+1","Go for the Eyes+1","Redo+1","Escape Plan+1","BootSequence+1","Deflect+1","Blur+1"],"relics":["Cracked Core","Ginger","Eternal Feather","Toxic Egg 2","Anchor","Lantern","Busted Crown","Chemical X","War Paint","Bottled Flame","Toy Ornithopter","SlaversCollar","ClockworkSouvenir","Pen Nib","Blood Vial","Unceasing Top"],"acts_visited":["Exordium","Exordium","TheBeyond"],"potions_floor_usage":[8,16,16,16,31,35,36,44,45],"damage_taken":[{"damage":3,"enemies":"Small Slimes","floor":1,"turns":3},{"damage":0,"enemies":"2 Louse","floor":2,"turns":2},{"damage":2,"enemies":"Jaw Worm","floor":3,"turns":2},{"damage":4,"enemies":"2 Fungi Beasts","floor":4,"turns":4},{"damage":0,"enemies":"Lots of Slimes","floor":5,"turns":4},{"damage":19,"enemies":"Gremlin Nob","floor":6,"turns":4},{"damage":14,"enemies":"Lagavulin","floor":7,"turns":7},{"damage":17,"enemies":"3 Sentries","floor":8,"turns":5},{"damage":0,"enemies":"Exordium Thugs","floor":14,"turns":5},{"damage":35,"enemies":"Hexaghost","floor":16,"turns":7},{"damage":0,"enemies":"theJungle:GiantWrat","floor":18,"turns":5},{"damage":2,"enemies":"theJungle:5_Spyders","floor":22,"turns":8},{"damage":20,"enemies":"theJungle:Cassacara","floor":25,"turns":6},{"damage":0,"enemies":"theJungle:Lyon","floor":31,"turns":2},{"damage":63,"enemies":"theJungle:FunGuy","floor":33,"turns":16},{"damage":14,"enemies":"3 Darklings","floor":35,"turns":10},{"damage":0,"enemies":"3 Shapes","floor":36,"turns":3},{"damage":7,"enemies":"Sphere and 2 Shapes","floor":37,"turns":5},{"damage":5,"enemies":"3 Darklings","floor":38,"turns":8},{"damage":2,"enemies":"Spire Growth","floor":42,"turns":6},{"damage":15,"enemies":"Reptomancer","floor":44,"turns":7},{"damage":21,"enemies":"Nemesis","floor":45,"turns":5},{"damage":0,"enemies":"Time Eater","floor":50,"turns":17}],"seed_played":"-4691066886473898354","potions_obtained":[{"floor":2,"key":"PowerPotion"},{"floor":5,"key":"FearPotion"},{"floor":7,"key":"SkillPotion"},{"floor":8,"key":"FearPotion"},{"floor":25,"key":"GamblersBrew"},{"floor":33,"key":"ColorlessPotion"},{"floor":35,"key":"Fire Potion"},{"floor":37,"key":"Fire Potion"},{"floor":44,"key":"SteroidPotion"}],"is_trial":true,"path_per_floor":["M","M","M","M","M","E","E","E","T","$","$","R","R","M","R","B",null,"M","$","$","?","M","R","?","E","T","R","?","R","R","M","R","B",null,"M","M","M","M","$","R","R","M","T","E","E","?","R","$","R","B",null],"character_chosen":"DEFECT","items_purchased":["BootSequence+1","Chemical X","War Paint","Blur+1","ClockworkSouvenir"],"campfire_rested":5,"item_purchase_floors":[11,20,20,39,39],"current_hp_per_floor":[72,72,70,66,66,47,33,16,16,16,16,44,50,50,75,40,75,75,75,75,75,73,75,75,55,55,61,71,75,75,75,75,12,75,61,66,59,54,54,60,75,73,73,63,49,49,71,71,71,71],"gold":88,"neow_bonus":"","is_daily":false,"chose_seed":false,"campfire_upgraded":7,"win_rate":0.0,"timestamp":1612194363,"path_taken":["M","M","M","M","M","E","E","E","T","$","$","R","R","M","R","BOSS","M","$","$","?","M","R","?","E","T","R","?","R","R","M","R","BOSS","M","M","M","M","$","R","R","M","T","E","E","?","R","$","R","BOSS"],"items_purchased_type":["Card","Relic","Relic","Card","Relic"],"build_version":"2020-12-22","purchased_purges":2,"victory":true,"max_hp_per_floor":[75,75,75,75,75,75,75,75,75,75,75,75,75,75,75,75,75,75,75,75,75,75,75,75,75,75,75,75,75,75,75,75,75,75,75,75,75,75,75,75,75,75,75,75,75,71,71,71,71,71],"card_choices":[{"not_picked":["Sucker Punch","Aggregate","Poisoned Stab"],"picked":"SKIP","floor":1},{"not_picked":["Infinite Blades","Leap","Sweeping Beam"],"picked":"SKIP","floor":2},{"not_picked":["Hologram","Reprogram","Acrobatics"],"picked":"SKIP","floor":3},{"not_picked":["Bullet Time","Aggregate","Steam"],"picked":"SKIP","floor":4},{"not_picked":["Blade Dance","Barrage","Go for the Eyes"],"picked":"SKIP","floor":5},{"not_picked":["Blizzard","Slice","Outmaneuver"],"picked":"SKIP","floor":6},{"not_picked":["Leg Sweep+1","Leap+1"],"picked":"Escape Plan+1","floor":7},{"not_picked":["Slice","Heatsinks","Stack+1"],"picked":"SKIP","floor":8},{"not_picked":["Auto Shields+1","Dodge and Roll+1","Cold Snap"],"picked":"SKIP","floor":14},{"not_picked":["Underhanded Strike+1"],"picked":"SKIP","floor":18},{"not_picked":["Darkness+1"],"picked":"SKIP","floor":22},{"not_picked":["Hello World"],"picked":"SKIP","floor":25},{"not_picked":[],"picked":"Deflect+1","floor":31},{"not_picked":["Choke+1"],"picked":"SKIP","floor":35},{"not_picked":["Slice"],"picked":"SKIP","floor":36},{"not_picked":["Calculated Gamble+1"],"picked":"SKIP","floor":37},{"not_picked":["Caltrops+1"],"picked":"SKIP","floor":38},{"not_picked":["Cloak And Dagger+1"],"picked":"SKIP","floor":42},{"not_picked":["Double Energy+1"],"picked":"SKIP","floor":44},{"not_picked":["Loop"],"picked":"SKIP","floor":45}],"player_experience":3368256,"relics_obtained":[{"floor":6,"key":"Eternal Feather"},{"floor":7,"key":"Toxic Egg 2"},{"floor":8,"key":"Anchor"},{"floor":9,"key":"Lantern"},{"floor":25,"key":"Bottled Flame"},{"floor":26,"key":"Toy Ornithopter"},{"floor":43,"key":"Pen Nib"},{"floor":44,"key":"Blood Vial"},{"floor":45,"key":"Unceasing Top"}],"event_choices":[{"damage_healed":0,"gold_gain":0,"player_choice":"Max HP","damage_taken":0,"max_hp_gain":0,"max_hp_loss":4,"event_name":"Winding Halls","floor":46,"gold_loss":0}],"is_beta":false,"boss_relics":[{"not_picked":["Coffee Dripper","Philosopher\u0027s Stone"],"picked":"Busted Crown"},{"not_picked":["Runic Pyramid","FrozenCore"],"picked":"SlaversCollar"}],"items_purged_floors":[10,48],"is_endless":false,"potions_floor_spawned":[2,5,7,8,25,33,35,37,44],"ascension_level":0}}