{"host":"nbmmy2ys5j9alw05","time":1612143159,"event":{"mods":["AchievementEnabler","BaseMod","Bestiary","Better Vampires","Colored Map","Colored Powertips","Googly Eyes","Hermit","Mad Scientist","Minty Spire (QoL Compilation)","Quick Restart","StSLib","The Blackbeard","The Hierophant","The IronCluck","everything is the same but u backflip on backflip"],"gold_per_floor":[115,115,78,96,96,96,17,17,91,121,121,133,188,236,236,337,337,337,277,277,277,135,135,65,65,65,65,65,65,65,65,65],"floor_reached":31,"language":"ENG","playtime":1165,"items_purged":["Strike_G"],"score":384,"play_id":"06f1fd57-976e-40b3-bd21-55937a791c31","local_time":"20210131173239","is_ascension_mode":true,"campfire_choices":[{"data":"Venomology","floor":6,"key":"SMITH"},{"data":"Dagger Spray","floor":11,"key":"SMITH"},{"data":"Leg Sweep","floor":15,"key":"SMITH"},{"data":"Skewer","floor":23,"key":"SMITH"},{"floor":25,"key":"REST"}],"circlet_count":0,"master_deck":["AscendersBane","Strike_G","Strike_G","Strike_G","Strike_G","Defend_G","Defend_G","Defend_G","Defend_G","Defend_G","Survivor","Neutralize","Cloak And Dagger","Caltrops","Venomology+1","Caltrops","Dagger Spray+1","Leg Sweep+1","Calculated Gamble","Tools of the Trade","Skewer+1","Skewer","Heel Hook+1","Endless Agony","Well Laid Plans","Doppelganger"],"relics":["Ring of the Snake","NeowsBlessing","Pear","Turnip","Regal Pillow","Bag of Marbles","Ectoplasm","Orichalcum","CaptainsWheel"],"acts_visited":["Exordium","TheCity"],"potions_floor_usage":[13,13,13,16,16,16,16,16,19,19,21,21,28],"damage_taken":[{"damage":0,"enemies":"Jaw Worm","floor":1,"turns":1},{"damage":0,"enemies":"Cultist","floor":4,"turns":1},{"damage":0,"enemies":"3 Sentries","floor":10,"turns":2},{"damage":0,"enemies":"2 Louse","floor":12,"turns":2},{"damage":15,"enemies":"Lagavulin Event","floor":13,"turns":6},{"damage":7,"enemies":"Hexaghost","floor":16,"turns":10},{"damage":7,"enemies":"3 Byrds","floor":18,"turns":6},{"damage":0,"enemies":"2 Thieves","floor":19,"turns":3},{"damage":17,"enemies":"Snake Plant","floor":21,"turns":3},{"damage":8,"enemies":"Snecko","floor":28,"turns":5},{"damage":17,"enemies":"Sentry and Sphere","floor":30,"turns":6},{"damage":22,"enemies":"3 Cultists","floor":31,"turns":5}],"seed_played":"1164103851019929064","potions_obtained":[{"floor":2,"key":"Strength Potion"},{"floor":2,"key":"Explosive Potion"},{"floor":2,"key":"CultistPotion"},{"floor":10,"key":"LiquidBronze"},{"floor":16,"key":"SteroidPotion"}],"is_trial":false,"path_per_floor":["M","?","$","M","$","R","$","$","T","E","R","M","?","T","R","B",null,"M","M","?","M","$","R","$","R","T","?","M","?","M","M"],"character_chosen":"THE_SILENT","items_purchased":["Caltrops","Caltrops","Endless Agony","Well Laid Plans"],"campfire_rested":1,"item_purchase_floors":[3,7,22,24],"current_hp_per_floor":[63,63,63,63,63,63,63,63,73,73,73,73,58,58,58,51,73,66,66,66,49,49,49,49,80,80,80,72,64,47,25,25],"gold":65,"neow_bonus":"THREE_ENEMY_KILL","is_daily":false,"chose_seed":false,"campfire_upgraded":4,"win_rate":0.0,"timestamp":1612143159,"path_taken":["M","?","?","?","$","R","?","$","T","E","R","M","?","?","R","BOSS","M","M","?","M","?","R","$","R","T","?","?","?","M","M"],"items_purchased_type":["Card","Card","Card","Card"],"build_version":"2020-12-22","purchased_purges":1,"victory":false,"max_hp_per_floor":[70,70,70,70,70,70,70,70,80,80,80,80,80,80,80,80,80,80,80,80,80,80,80,80,80,80,80,80,80,80,80,80],"card_choices":[{"not_picked":["Underhanded Strike","Deadly Poison"],"picked":"Cloak And Dagger","floor":1},{"not_picked":["Choke","Distraction"],"picked":"Venomology","floor":4},{"not_picked":["Flying Knee","Backflip"],"picked":"Dagger Spray","floor":10},{"not_picked":["Blade Dance","Caltrops"],"picked":"Leg Sweep","floor":12},{"not_picked":["PiercingWail","Deadly Poison"],"picked":"Calculated Gamble","floor":13},{"not_picked":["Phantasmal Killer","Grand Finale"],"picked":"Tools of the Trade","floor":16},{"not_picked":["Escape Plan","Concentrate"],"picked":"Skewer","floor":18},{"not_picked":["Concentrate+1","All Out Attack","Dagger Spray"],"picked":"SKIP","floor":19},{"not_picked":["Deadly Poison+1","PiercingWail"],"picked":"Heel Hook+1","floor":21},{"not_picked":["Concentrate","PiercingWail","Sucker Punch+1"],"picked":"SKIP","floor":28},{"not_picked":["Leg Sweep","Dagger Spray+1"],"picked":"Doppelganger","floor":30}],"player_experience":539947,"relics_obtained":[{"floor":9,"key":"Pear"},{"floor":10,"key":"Turnip"},{"floor":13,"key":"Regal Pillow"},{"floor":14,"key":"Bag of Marbles"},{"floor":26,"key":"Orichalcum"}],"event_choices":[{"damage_healed":0,"gold_gain":0,"player_choice":"Got Potions","damage_taken":0,"max_hp_gain":0,"max_hp_loss":0,"event_name":"Lab","floor":2,"gold_loss":0},{"damage_healed":0,"gold_gain":0,"player_choice":"Searched \u00271\u0027 times","damage_taken":0,"max_hp_gain":0,"max_hp_loss":0,"event_name":"Dead Adventurer","floor":13,"gold_loss":0},{"damage_healed":0,"gold_gain":0,"player_choice":"Copied","damage_taken":0,"max_hp_gain":0,"max_hp_loss":0,"event_name":"Duplicator","floor":20,"gold_loss":0,"cards_obtained":["Skewer"]},{"damage_healed":0,"gold_gain":99,"player_choice":"Stole From Cult","damage_taken":0,"max_hp_gain":0,"max_hp_loss":0,"event_name":"Nest","floor":27,"gold_loss":0},{"damage_healed":0,"gold_gain":0,"player_choice":"CaptainsWheel","damage_taken":0,"relics_obtained":["CaptainsWheel"],"max_hp_gain":0,"max_hp_loss":0,"event_name":"blackbeard:ShipwreckEvent","floor":29,"gold_loss":0}],"is_beta":false,"boss_relics":[{"not_picked":["Coffee Dripper","Snecko Eye"],"picked":"Ectoplasm"}],"items_purged_floors":[22],"is_endless":false,"potions_floor_spawned":[10,12,16],"killed_by":"3 Cultists","ascension_level":10}}