{"host":"ehgz297skgb1u9fr","time":1612216313,"event":{"mods":["2.2 Compatiblity","Act Like it!","Aspiration","BaseMod","Conspire","Energized Spire","Hubris","Minty Spire (QoL Compilation)","RRrroohrrRGHHhhh!!","Reliquary","Replay The Spire","Retaliation","Shop Mod","Small Relic Pack","StSLib","Wandering Minibosses","Wide Potions"],"gold_per_floor":[300,300,300,300,475,518,544,591,641,641,656,656,697,731,814,915,1015,1043,1043,968,968,988,1036,1071,1099,1099,1135,1166,1198,1198,1241,1241,1338,1338,1360,1371,1393,1393,1193,1289,1328,1405,1405,1521,1607,1666,1815,1843,1843,1971],"floor_reached":51,"language":"ENG","playtime":3724,"items_purged":[],"score":1534,"play_id":"1c97f098-2271-4ce3-a9f9-5de8e5ec7edf","local_time":"20210201155153","daily_mods":["Heirloom","Flight","DeadlyEvents","Elite Swarm","Diverse","Colorless Cards"],"is_ascension_mode":false,"campfire_choices":[],"circlet_count":0,"master_deck":["Strike_R","Strike_G","Strike_B","hubris:Strike_Merchant","Defend_R","Defend_G","hubris:Defend_Merchant","hubris:MerchantsHand","hubris:MerchantsHand","hubris:Hubris","ReplayReversal+1","Panache","ReplayUltimateDefense","rorgmod:Fragmentation","Eclipse","Echo Form","Flash of Steel","hubris:DoWhile","Seek","Feed","HandOfGreed","BattleHymn+1","DDmod:EasePowerCard+1","rorgmod:Slice+1","conspire:SpireCoStock+1","conspire:SpireCoStock+1","conspire:SpireCoStock+1","conspire:SpireCoStock+1","ReplayTheSpireMod:Necrogeddon","rorgmod:Biogeneration","Omniscience+1","ReplayUltimateDefense","Doppelganger+1","ReplayUltimateDefense","Dramatic Entrance+1"],"relics":["Smiling Mask","hubris:NiceRug","conspire:InfiniteJournal","Old Coin","NeowsBlessing","NeowsBlessing","Magic Flower","Omamori","reliquary:Aerogel","ReplayFunnel","NeowsBlessing","DDmod:StuhbiRelic","Charon\u0027s Ashes","Replay:Wanted Poster","Necronomicon","Strawberry","Champion Belt","Self Forming Clay","Pocketwatch","Replay:Multitool","ReplayTheSpireMod:Lightbulb","Peace Pipe","Toxic Egg 2","energizedSpire:OgreHead","relicPack:DarknessArmor","Ice Cream","hubris:Spice","StrikeDummy","aspiration:DSix","Gremlin Horn","Akabeko","Replay:Towering Pillar of Hats"],"acts_visited":["Exordium","TheCity","TheBeyond"],"potions_floor_usage":[25,33,40,40,40,40,40,45,45],"damage_taken":[{"damage":0,"enemies":"Lagavulin","floor":6,"turns":1},{"damage":0,"enemies":"3 Sentries","floor":8,"turns":2},{"damage":0,"enemies":"Jaw Worm","floor":11,"turns":1},{"damage":0,"enemies":"Gremlin Nob","floor":13,"turns":1},{"damage":0,"enemies":"3 Sentries","floor":14,"turns":2},{"damage":0,"enemies":"Hexaghost","floor":16,"turns":1},{"damage":0,"enemies":"2 Thieves","floor":18,"turns":2},{"damage":0,"enemies":"Shell Parasite","floor":22,"turns":2},{"damage":12,"enemies":"Slavers","floor":23,"turns":4},{"damage":0,"enemies":"Replay:Snechameleon","floor":24,"turns":5},{"damage":14,"enemies":"Gremlin Leader","floor":25,"turns":4},{"damage":0,"enemies":"Book of Stabbing","floor":27,"turns":4},{"damage":1,"enemies":"conspire:SneckoGhost","floor":28,"turns":5},{"damage":0,"enemies":"Book of Stabbing","floor":29,"turns":5},{"damage":0,"enemies":"Gremlin Leader","floor":31,"turns":5},{"damage":0,"enemies":"Champ","floor":33,"turns":7},{"damage":0,"enemies":"Orb Walker","floor":35,"turns":4},{"damage":0,"enemies":"3 Darklings","floor":36,"turns":4},{"damage":0,"enemies":"Jaw Worm Horde","floor":37,"turns":4},{"damage":2,"enemies":"Reptomancer","floor":40,"turns":5},{"damage":0,"enemies":"Nemesis","floor":41,"turns":5},{"damage":0,"enemies":"R_Hoarder","floor":42,"turns":6},{"damage":0,"enemies":"Reptomancer","floor":44,"turns":5},{"damage":0,"enemies":"Giant Head","floor":45,"turns":6},{"damage":0,"enemies":"R_Hoarder","floor":46,"turns":4},{"damage":0,"enemies":"Reptomancer","floor":47,"turns":4},{"damage":0,"enemies":"Sphere and 2 Shapes","floor":48,"turns":3},{"damage":0,"enemies":"hubris:GrandSnecko","floor":50,"turns":10}],"seed_played":"-4784868439449434374","potions_obtained":[{"floor":6,"key":"SkillPotion"},{"floor":8,"key":"SkillPotion"},{"floor":14,"key":"EssenceOfSteel"},{"floor":22,"key":"Block Potion"},{"floor":24,"key":"Swift Potion"},{"floor":32,"key":"EntropicBrew"},{"floor":32,"key":"DistilledChaos"},{"floor":33,"key":"ElixirPotion"},{"floor":36,"key":"Milkshake"},{"floor":41,"key":"Adrenaline Potion"},{"floor":44,"key":"SkillPotion"},{"floor":47,"key":"Regen Potion"}],"is_trial":true,"path_per_floor":["WH","?","WH","WH","?","E","T","E","T","WH","M","WH","E","E","R","B",null,"M","WH","?","?","M","E","E","E","T","E","E","E","$","E","R","B",null,"M","M","M","$","?","E","E","E","T","E","E","E","E","M","R","B",null],"character_chosen":"IRONCLAD","items_purchased":[],"campfire_rested":0,"item_purchase_floors":[],"current_hp_per_floor":[75,75,75,75,75,75,75,75,75,82,82,82,82,82,82,82,82,82,90,90,74,74,69,69,55,55,55,54,54,54,54,54,54,97,97,97,97,97,97,95,97,105,105,105,105,105,105,105,105,105],"gold":1971,"neow_bonus":"TEN_PERCENT_HP_BONUS","is_daily":false,"chose_seed":false,"campfire_upgraded":0,"win_rate":0.0,"timestamp":1612216313,"path_taken":["WH","?","WH","WH","?","E","?","E","T","WH","?","WH","E","E","R","BOSS","M","WH","?","?","?","E","E","E","T","E","?","E","$","E","R","BOSS","M","M","?","?","?","E","E","E","T","E","?","E","E","M","R","BOSS"],"items_purchased_type":[],"build_version":"2020-12-22","purchased_purges":0,"victory":true,"max_hp_per_floor":[75,75,75,75,75,75,75,75,75,82,82,82,82,82,82,82,82,82,90,90,90,90,97,97,97,97,97,97,97,97,97,97,97,97,97,97,97,97,97,97,97,105,105,105,105,105,105,105,105,105],"card_choices":[{"not_picked":["Replay:Many Hands","Apotheosis"],"picked":"Panache","floor":6},{"not_picked":["Replay:Bag of Tricks","ReplayTheSpireMod:From All Sides"],"picked":"ReplayUltimateDefense","floor":8},{"not_picked":["Blade Dance","Ball Lightning"],"picked":"rorgmod:Fragmentation","floor":11},{"not_picked":["hubris:Prefetch","Secret Technique","rorgmod:Biogeneration"],"picked":"SKIP","floor":13},{"not_picked":["ReplayUltimateDefense","Replay:LoomingThreat"],"picked":"Eclipse","floor":14},{"not_picked":["hubris:SpecializedCircuitry","Demon Form"],"picked":"Echo Form","floor":16},{"not_picked":["Rebound","PiercingWail"],"picked":"Flash of Steel","floor":18},{"not_picked":["conspire:Charge+1","Escape Plan","Intimidate"],"picked":"SKIP","floor":22},{"not_picked":["Multi-Cast","Scrawl","DDmod:GrandUltimatumAttack"],"picked":"SKIP","floor":23},{"not_picked":["Brilliance","Bullet Time"],"picked":"hubris:DoWhile","floor":24},{"not_picked":["Brutality","rorgmod:Wraith Form 2"],"picked":"Seek","floor":25},{"not_picked":["SpiritShield","Wish"],"picked":"Feed","floor":27},{"not_picked":["Demon Form","Venomology"],"picked":"HandOfGreed","floor":28},{"not_picked":["DDmod:PotionAddictCard","Envenom","aspiration:Lunge"],"picked":"SKIP","floor":29},{"not_picked":["After Image","Chrysalis+1","Malaise+1"],"picked":"SKIP","floor":31},{"not_picked":["Consume+1","Wild Strike"],"picked":"BattleHymn+1","floor":35},{"not_picked":["All Out Attack","Cloak And Dagger+1"],"picked":"DDmod:EasePowerCard+1","floor":36},{"not_picked":["Darkness+1","rorgmod:LRU Cache"],"picked":"rorgmod:Slice+1","floor":37},{"not_picked":["hubris:SpecializedCircuitry","hubris:Prefetch+1"],"picked":"ReplayTheSpireMod:Necrogeddon","floor":40},{"not_picked":["Eclipse+1","Glass Knife"],"picked":"rorgmod:Biogeneration","floor":41},{"not_picked":["Doppelganger+1","ReplayTheSpireMod:Omega Cannon","Scrawl+1"],"picked":"SKIP","floor":42},{"not_picked":["rorgmod:Phantasmal Killer+1","Core Surge"],"picked":"Omniscience+1","floor":44},{"not_picked":["Magnetism","The Bomb+1"],"picked":"ReplayUltimateDefense","floor":45},{"not_picked":["Limit Break+1","Grand Finale"],"picked":"Doppelganger+1","floor":46},{"not_picked":["Atom Bomb","Magnetism"],"picked":"ReplayUltimateDefense","floor":47},{"not_picked":["rorgmod:Tendon Slice+1","Bandage Up+1"],"picked":"Dramatic Entrance+1","floor":48}],"player_experience":406824,"relics_obtained":[{"floor":6,"key":"Magic Flower"},{"floor":7,"key":"Omamori"},{"floor":8,"key":"reliquary:Aerogel"},{"floor":9,"key":"ReplayFunnel"},{"floor":13,"key":"DDmod:StuhbiRelic"},{"floor":14,"key":"Charon\u0027s Ashes"},{"floor":21,"key":"Necronomicon"},{"floor":23,"key":"Strawberry"},{"floor":24,"key":"Champion Belt"},{"floor":25,"key":"Self Forming Clay"},{"floor":26,"key":"Pocketwatch"},{"floor":27,"key":"Replay:Multitool"},{"floor":28,"key":"ReplayTheSpireMod:Lightbulb"},{"floor":29,"key":"Peace Pipe"},{"floor":31,"key":"Toxic Egg 2"},{"floor":40,"key":"relicPack:DarknessArmor"},{"floor":41,"key":"Ice Cream"},{"floor":42,"key":"hubris:Spice"},{"floor":43,"key":"StrikeDummy"},{"floor":44,"key":"aspiration:DSix"},{"floor":45,"key":"Gremlin Horn"},{"floor":46,"key":"Akabeko"},{"floor":47,"key":"Replay:Towering Pillar of Hats"}],"event_choices":[{"damage_healed":0,"gold_gain":175,"player_choice":"AGREE","damage_taken":0,"max_hp_gain":0,"max_hp_loss":0,"event_name":"Liars Game","floor":5,"gold_loss":0,"cards_obtained":["Doubt"]},{"cards_removed":["Doubt"],"damage_healed":0,"gold_gain":0,"player_choice":"Gave Gold","damage_taken":0,"max_hp_gain":0,"max_hp_loss":0,"event_name":"Beggar","floor":20,"gold_loss":75},{"damage_healed":0,"gold_gain":0,"player_choice":"Obtained Book","damage_taken":16,"max_hp_gain":0,"max_hp_loss":0,"event_name":"Cursed Tome","floor":21,"gold_loss":0},{"damage_healed":0,"gold_gain":0,"player_choice":"Invest 4","damage_taken":0,"max_hp_gain":0,"max_hp_loss":0,"event_name":"conspire:Investor","floor":39,"gold_loss":0},{"damage_healed":0,"gold_gain":0,"player_choice":"Ignored","damage_taken":0,"max_hp_gain":0,"max_hp_loss":0,"event_name":"NoteForYourself","floor":49,"gold_loss":0}],"is_beta":false,"boss_relics":[{"not_picked":["aspiration:DefectSkillbook","aspiration:PoetsPen"],"picked":"Replay:Wanted Poster"},{"not_picked":["hubris:RunicObelisk","SlaversCollar"],"picked":"energizedSpire:OgreHead"}],"items_purged_floors":[],"is_endless":false,"potions_floor_spawned":[6,8,14,16,18,22,24,25,33,36,41,44,47,48],"ascension_level":0}}