{"host":"z42sc0n2dozsmk72","time":1612149300,"event":{"mods":["AchievementEnabler","BaseMod","Better Third Choice","Colored Map","Curses Come First","Highlight Path","Minty Spire (QoL Compilation)","Permanent Neow","Quick Restart","Relic Stats","Shop Mod","StSLib","egg","slay the spire mod where everything is the same but ironclad has a cowboy hat"],"gold_per_floor":[117,42,57,57,77,109,109,139,166,17,17,54,82,92,92,92,92],"floor_reached":16,"language":"ENG","playtime":709,"items_purged":["Normality"],"score":138,"play_id":"3f25b952-40d1-450a-bedf-b671fb6f3395","local_time":"20210201161500","is_ascension_mode":true,"campfire_choices":[{"data":"Chaos","floor":7.0,"key":"SMITH"},{"data":"Capacitor","floor":15.0,"key":"SMITH"}],"circlet_count":0,"master_deck":["Strike_B","Strike_B","Strike_B","Strike_B","Defend_B","Defend_B","Defend_B","Defend_B","Zap","Dualcast","Conserve Battery","Chaos+1","Pain","Capacitor+1","Conserve Battery","Chaos"],"relics":["Cracked Core","Du-Vu Doll","WarpedTongs","MealTicket","Happy Flower","CeramicFish","Vajra","Bird Faced Urn","White Beast Statue"],"acts_visited":["Exordium"],"potions_floor_usage":[16,16],"damage_taken":[{"damage":7.0,"enemies":"Small Slimes","floor":1.0,"turns":3.0},{"damage":1.0,"enemies":"Cultist","floor":3.0,"turns":4.0},{"damage":6.0,"enemies":"Jaw Worm","floor":5.0,"turns":3.0},{"damage":28.0,"enemies":"3 Sentries","floor":6.0,"turns":7.0},{"damage":21.0,"enemies":"Lagavulin","floor":8.0,"turns":6.0},{"damage":14.0,"enemies":"3 Sentries","floor":12.0,"turns":6.0},{"damage":10.0,"enemies":"3 Louse","floor":13.0,"turns":4.0},{"damage":2.0,"enemies":"Exordium Wildlife","floor":14.0,"turns":3.0},{"damage":15,"enemies":"Slime Boss","floor":16,"turns":6}],"seed_played":"-2678666440111461284","potions_obtained":[{"floor":3.0,"key":"FearPotion"},{"floor":5.0,"key":"Dexterity Potion"},{"floor":8.0,"key":"Strength Potion"},{"floor":12.0,"key":"GamblersBrew"},{"floor":13.0,"key":"FearPotion"},{"floor":14.0,"key":"DistilledChaos"}],"is_trial":false,"path_per_floor":["M","$","M","?","M","E","R","E","T","$","T","E","M","M","R","B"],"character_chosen":"DEFECT","items_purchased":["Vajra"],"campfire_rested":0,"item_purchase_floors":[10],"current_hp_per_floor":[68,68,67,67,61,33,33,12,12,27,27,15,7,5,5,0,0],"gold":92,"neow_bonus":"ONE_RARE_RELIC","is_daily":false,"chose_seed":false,"campfire_upgraded":2,"win_rate":0.0,"timestamp":1612149300,"path_taken":["M","$","M","?","M","E","R","E","T","?","?","E","M","M","R","BOSS"],"items_purchased_type":["Relic"],"build_version":"2020-12-22","purchased_purges":1,"victory":false,"max_hp_per_floor":[75,75,75,75,75,75,75,75,75,75,75,75,75,75,75,75,75],"relic_stats":{"Happy Flower":[6],"counters":[9,42],"CeramicFish":18,"Bird Faced Urn":[6],"MealTicket":15,"obtain_stats":[{"Du-Vu Doll":0,"Happy Flower":8,"CeramicFish":9,"Bird Faced Urn":11,"Vajra":10,"MealTicket":6,"Cracked Core":0,"White Beast Statue":12,"WarpedTongs":4},{"Du-Vu Doll":0,"Happy Flower":5,"CeramicFish":5,"Bird Faced Urn":5,"Vajra":5,"MealTicket":4,"Cracked Core":0,"White Beast Statue":6,"WarpedTongs":2},{"Du-Vu Doll":0,"Happy Flower":23,"CeramicFish":23,"Bird Faced Urn":23,"Vajra":23,"MealTicket":17,"Cracked Core":0,"White Beast Statue":29,"WarpedTongs":7}],"WarpedTongs":[35]},"card_choices":[{"not_picked":["Compile Driver","Blizzard"],"picked":"Conserve Battery","floor":1.0},{"not_picked":["Gash","Ball Lightning"],"picked":"Chaos","floor":3.0},{"not_picked":["Hologram","Storm","Consume"],"picked":"SKIP","floor":5.0},{"not_picked":["Turbo","Stack","Steam"],"picked":"SKIP","floor":6.0},{"not_picked":["Leap","Darkness"],"picked":"Capacitor","floor":8.0},{"not_picked":["Steam","Thunder Strike"],"picked":"Conserve Battery","floor":12.0},{"not_picked":["Redo","Stack"],"picked":"Chaos","floor":13.0},{"not_picked":["Ball Lightning","Stack","Compile Driver"],"picked":"SKIP","floor":14.0}],"player_experience":893446,"relics_obtained":[{"floor":6.0,"key":"MealTicket"},{"floor":8.0,"key":"Happy Flower"},{"floor":9.0,"key":"CeramicFish"},{"floor":11.0,"key":"Bird Faced Urn"},{"floor":12.0,"key":"White Beast Statue"}],"event_choices":[{"damage_healed":0.0,"max_hp_gain":0.0,"max_hp_loss":0.0,"gold_gain":0.0,"event_name":"Accursed Blacksmith","player_choice":"Rummage","floor":4.0,"gold_loss":0.0,"damage_taken":0.0,"relics_obtained":["WarpedTongs"],"cards_obtained":["Pain"]}],"is_beta":false,"boss_relics":[],"items_purged_floors":[2],"is_endless":false,"potions_floor_spawned":[3,5,8,12,13,14],"killed_by":"Slime Boss","ascension_level":3}}