{"host":"2se5dq1do2gp0x9k","time":1612194946,"event":{"mods":["AchievementEnabler","BaseMod","Block Reminder","Colored Map","Colored Powertips","Minty Spire (QoL Compilation)","Relic Stats","StSLib","SuperFastMode"],"gold_per_floor":[113,133,98,98,23,23,23,57,108,140,54,54,54,67,67,162,162,178,178,148,164,188,188],"floor_reached":22,"language":"ENG","playtime":768,"items_purged":["Defend_P"],"score":460,"play_id":"07e18d9d-8ddb-48d1-bb41-4cf5da93a450","local_time":"20210201075546","is_ascension_mode":true,"campfire_choices":[{"data":"Wallop","floor":6,"key":"SMITH"},{"data":"WindmillStrike","floor":15,"key":"SMITH"}],"circlet_count":0,"master_deck":["AscendersBane","Strike_P","Strike_P","Strike_P","Defend_P","Defend_P","Eruption","Vigilance","Worship","Prostrate","Wallop+1","JustLucky","WindmillStrike+1","Worship","FlyingSleeves","Vault","JustLucky"],"relics":["Coffee Dripper","Yang","Nunchaku","Eternal Feather","Golden Idol","Philosopher\u0027s Stone"],"acts_visited":["Exordium","TheCity"],"potions_floor_usage":[10,18,22],"damage_taken":[{"damage":2,"enemies":"Small Slimes","floor":1,"turns":3},{"damage":14,"enemies":"Jaw Worm","floor":2,"turns":5},{"damage":38,"enemies":"3 Sentries","floor":8,"turns":10},{"damage":16,"enemies":"Gremlin Nob","floor":10,"turns":4},{"damage":0,"enemies":"2 Louse","floor":14,"turns":2},{"damage":0,"enemies":"Slime Boss","floor":16,"turns":3},{"damage":0,"enemies":"2 Thieves","floor":18,"turns":3},{"damage":5,"enemies":"Shell Parasite","floor":21,"turns":3},{"damage":19,"enemies":"Snecko","floor":22,"turns":5}],"seed_played":"-41382421886179792","potions_obtained":[{"floor":8,"key":"SpeedPotion"},{"floor":16,"key":"SkillPotion"},{"floor":20,"key":"SneckoOil"},{"floor":20,"key":"Explosive Potion"}],"is_trial":false,"path_per_floor":["M","M","?","?","$","R","?","E","T","E","$","?","$","M","R","B",null,"M","$","?","M","M"],"character_chosen":"WATCHER","items_purchased":["Worship"],"campfire_rested":0,"item_purchase_floors":[11],"current_hp_per_floor":[59,45,62,62,62,62,55,17,17,1,1,1,1,1,10,10,49,49,49,49,44,25,25],"gold":188,"neow_bonus":"BOSS_RELIC","is_daily":false,"chose_seed":false,"campfire_upgraded":2,"win_rate":0.0,"timestamp":1612194946,"path_taken":["M","M","?","?","?","R","?","E","T","E","$","?","$","?","R","BOSS","M","$","?","M","?"],"items_purchased_type":["Card"],"build_version":"2020-12-22","purchased_purges":1,"victory":false,"max_hp_per_floor":[68,68,68,68,68,68,68,68,68,68,68,62,62,62,62,62,62,62,62,62,62,62,62],"relic_stats":{"Nunchaku":[4],"counters":[9,38],"Golden Idol":33,"Yang":[44],"Eternal Feather":9,"obtain_stats":[{"Nunchaku":9,"Golden Idol":12,"Yang":8,"Eternal Feather":10,"Philosopher\u0027s Stone":17,"Coffee Dripper":0,"PureWater":0},{"Nunchaku":3,"Golden Idol":4,"Yang":3,"Eternal Feather":4,"Philosopher\u0027s Stone":6,"Coffee Dripper":0,"PureWater":0},{"Nunchaku":18,"Golden Idol":22,"Yang":18,"Eternal Feather":22,"Philosopher\u0027s Stone":27,"Coffee Dripper":0,"PureWater":0}]},"card_choices":[{"not_picked":["SashWhip","FollowUp"],"picked":"Worship","floor":1},{"not_picked":["Collect","DeceiveReality"],"picked":"Prostrate","floor":2},{"not_picked":["EmptyBody","ClearTheMind"],"picked":"JustLucky","floor":8},{"not_picked":["WheelKick","Indignation"],"picked":"WindmillStrike","floor":10},{"not_picked":["Crescendo","Fasting2"],"picked":"FlyingSleeves","floor":14},{"not_picked":["SpiritShield","Blasphemy"],"picked":"Vault","floor":16},{"not_picked":["Wireheading","Nirvana+1","ReachHeaven"],"picked":"SKIP","floor":18},{"not_picked":["FollowUp","EmptyFist"],"picked":"JustLucky","floor":21}],"player_experience":4044222,"relics_obtained":[{"floor":8,"key":"Yang"},{"floor":9,"key":"Nunchaku"},{"floor":10,"key":"Eternal Feather"}],"event_choices":[{"damage_healed":17,"gold_gain":0,"player_choice":"Healed","damage_taken":0,"max_hp_gain":0,"max_hp_loss":0,"event_name":"The Cleric","floor":3,"gold_loss":35},{"damage_healed":0,"gold_gain":0,"cards_transformed":["Strike_P"],"player_choice":"Change","damage_taken":0,"max_hp_gain":0,"max_hp_loss":0,"event_name":"Living Wall","floor":4,"gold_loss":0,"cards_obtained":["Wallop"]},{"cards_removed":["Defend_P"],"damage_healed":0,"gold_gain":0,"player_choice":"Card Removal","damage_taken":7,"max_hp_gain":0,"max_hp_loss":0,"event_name":"Golden Wing","floor":7,"gold_loss":0},{"damage_healed":0,"gold_gain":0,"player_choice":"Lose Max HP","damage_taken":0,"relics_obtained":["Golden Idol"],"max_hp_gain":0,"max_hp_loss":6,"event_name":"Golden Idol","floor":12,"gold_loss":0},{"damage_healed":0,"gold_gain":0,"player_choice":"Bought 2 Potions","damage_taken":0,"max_hp_gain":0,"max_hp_loss":0,"event_name":"The Woman in Blue","floor":20,"gold_loss":0}],"is_beta":false,"boss_relics":[{"not_picked":["Ectoplasm","Fusion Hammer"],"picked":"Philosopher\u0027s Stone"}],"items_purged_floors":[5],"is_endless":false,"potions_floor_spawned":[8,16,21],"killed_by":"Snecko","ascension_level":18}}