{"host":"lq2h7q9ca6uwu60x","time":1612168577,"event":{"mods":["Act Like it!","BaseMod","Gensokyo","Marisa£®ÏF”Í°°ƒß¿Ì…≥£©","Minty Spire (QoL Compilation)","Reimu£®≤©¿ˆ¡È√Œ£©","StSLib","Youmu£®ªÍ∆«—˝√Œ£©"],"gold_per_floor":[112,128,128,53,63,63,94,94,120,147,161,241,241,31,31,31,31],"floor_reached":16,"language":"ZHS","playtime":373,"items_purged":["Strike_Lin:ReiMu"],"score":182,"play_id":"519606d8-3ccc-4ca5-ad01-b0fb08d0d9ad","local_time":"20210201163617","is_ascension_mode":true,"campfire_choices":[{"data":"DoubleButterfly:ReiMu","floor":6,"key":"SMITH"},{"data":"SpiritualOutbreak2:ReiMu","floor":8,"key":"SMITH"},{"floor":15,"key":"RECALL"}],"circlet_count":0,"master_deck":["AscendersBane","Defend_Lin:ReiMu","Defend_Lin:ReiMu","Defend_Lin:ReiMu","Defend_Lin:ReiMu","NB:ReiMu+1","Stagnation:ReiMu","DoubleButterfly:ReiMu+1","SpiritualOutbreak2:ReiMu+1","Gensokyo:TarnishedGold","Gensokyo:RustyChest"],"relics":["Sozu","Bag of Marbles","Smiling Mask","Medical Kit"],"acts_visited":["Exordium"],"potions_floor_usage":[],"damage_taken":[{"damage":7,"enemies":"Gensokyo:3_Fairies","floor":1,"turns":6},{"damage":0,"enemies":"Gensokyo:Python","floor":2,"turns":4},{"damage":0,"enemies":"Gensokyo:Gryphon","floor":5,"turns":4},{"damage":6,"enemies":"Gensokyo:Cirno","floor":7,"turns":5},{"damage":0,"enemies":"Gensokyo:3_Kodama","floor":11,"turns":2},{"damage":12,"enemies":"Gensokyo:Reimu","floor":16,"turns":3}],"seed_played":"-6349818125276060850","potions_obtained":[],"is_trial":false,"path_per_floor":["M","M","?","$","M","R","E","R","T","T","M","?","?","COS","R","B"],"character_chosen":"REIMU","items_purchased":[],"campfire_rested":0,"item_purchase_floors":[],"current_hp_per_floor":[47,47,17,17,17,17,11,11,11,11,11,11,11,11,11,0,0],"gold":31,"neow_bonus":"BOSS_RELIC","is_daily":false,"chose_seed":false,"campfire_upgraded":2,"win_rate":0.0,"timestamp":1612168577,"path_taken":["M","?","?","$","M","R","E","R","T","?","?","?","?","COS","R","BOSS"],"items_purchased_type":[],"build_version":"2020-12-22","purchased_purges":1,"victory":false,"max_hp_per_floor":[60,60,60,60,60,60,60,60,60,60,60,60,60,60,60,60,60],"card_choices":[{"not_picked":["Amulet:ReiMu","EmergencyTakeOff:ReiMu"],"picked":"DoubleButterfly:ReiMu","floor":1},{"not_picked":["AirManeuver:ReiMu","OrbThrow:ReiMu"],"picked":"SpiritualOutbreak2:ReiMu","floor":2},{"not_picked":["YinYangSign:ReiMu","Intuition:ReiMu","OrbThrow:ReiMu"],"picked":"SKIP","floor":5},{"not_picked":["WonderfulDomain:ReiMu","Authority:ReiMu","LovePray:ReiMu"],"picked":"SKIP","floor":7},{"not_picked":["SafetyPray:ReiMu","AirStrike:ReiMu","CareerPray:ReiMu"],"picked":"SKIP","floor":11}],"player_experience":1039683,"relics_obtained":[{"floor":7,"key":"Bag of Marbles"},{"floor":10,"key":"Smiling Mask"}],"event_choices":[],"is_beta":false,"boss_relics":[],"items_purged_floors":[4],"is_endless":false,"potions_floor_spawned":[1,7],"killed_by":"Gensokyo:Reimu","ascension_level":19}}