{"host":"ifz8qk6i1wysca9i","time":1612160437,"event":{"mods":["Act Like it!","BaseMod","Colored Powertips","Duelist Mod","GifTheSpireLib","Hallownest","Hermit","Minty Spire (QoL Compilation)","Quick Restart","StSLib","The Bug Knight","The Senshi","The Wild Card"],"gold_per_floor":[211,226,46,56,56,56,87,87,87,105,105,70,70,89,89,185,185,202,212,212,229,229,229,263,263,263,280,195,209,44,144,144,246,246,256,256,306,306,306],"floor_reached":38,"language":"ENG","playtime":4000,"items_purged":[],"score":392,"play_id":"22ff40a9-cd42-4715-a03b-be51b0e470a9","local_time":"20210201002037","is_ascension_mode":false,"campfire_choices":[{"data":"Armaments","floor":6.0,"key":"SMITH"},{"data":"Bash","floor":8.0,"key":"SMITH"},{"data":"Inflame","floor":11.0,"key":"SMITH"},{"data":"Seeing Red","floor":15.0,"key":"SMITH"},{"data":"Feed","floor":23,"key":"SMITH"},{"floor":25,"key":"REST"},{"data":"Rampage","floor":32,"key":"SMITH"}],"circlet_count":0,"master_deck":["Strike_R","Strike_R","Strike_R","Strike_R","Strike_R","Defend_R","Defend_R","Defend_R","Bash+1","Anger","Heavy Blade","Metallicize","Armaments+1","Inflame+1","Clothesline","Seeing Red+1","Feed+1","Armaments+1","Cleave+1","Armaments","Twin Strike","Dropkick","Iron Wave","Whirlwind","Rampage+1","Flex","Thunderclap","Berserk+1","Warcry","Madness","Madness","Pommel Strike"],"relics":["Burning Blood","Lantern","Bottled Tornado","HollowMod:PaleOreRelic","Meat on the Bone","SlaversCollar","Frozen Egg 2","Bronze Scales","Juzu Bracelet","theSenshi:FeatherClipsRelic","Mark of Pain","Gambling Chip"],"acts_visited":["Exordium","TheCity","TheBeyond"],"potions_floor_usage":[27,29,29,29,33,33],"damage_taken":[{"damage":3.0,"enemies":"Cultist","floor":1.0,"turns":5.0},{"damage":7.0,"enemies":"Small Slimes","floor":2.0,"turns":4.0},{"damage":4.0,"enemies":"2 Louse","floor":4.0,"turns":3.0},{"damage":24.0,"enemies":"Gremlin Nob","floor":7.0,"turns":5.0},{"damage":8.0,"enemies":"Exordium Thugs","floor":10.0,"turns":4.0},{"damage":5.0,"enemies":"Gremlin Gang","floor":14.0,"turns":4.0},{"damage":30.0,"enemies":"Hexaghost","floor":16.0,"turns":9.0},{"damage":15.0,"enemies":"Chosen","floor":18.0,"turns":6.0},{"damage":16,"enemies":"2 Thieves","floor":19,"turns":5},{"damage":24,"enemies":"Snake Plant","floor":21,"turns":5},{"damage":21,"enemies":"theDuelist:KaibaA2","floor":24,"turns":5},{"damage":15,"enemies":"Snecko","floor":27,"turns":6},{"damage":9,"enemies":"Centurion and Healer","floor":29,"turns":6},{"damage":73,"enemies":"Automaton","floor":33,"turns":10},{"damage":10,"enemies":"Orb Walker","floor":35,"turns":3},{"damage":37,"enemies":"Mind Bloom Boss Battle","floor":37,"turns":7},{"damage":69,"enemies":"2 Orb Walkers","floor":38,"turns":5}],"seed_played":"-4273611972188377971","potions_obtained":[{"floor":2.0,"key":"DistilledChaos"},{"floor":16.0,"key":"DuplicationPotion"},{"floor":18.0,"key":"EntropicBrew"},{"floor":21,"key":"ColorlessPotion"},{"floor":27,"key":"LiquidMemories"},{"floor":29,"key":"Dexterity Potion"}],"is_trial":false,"path_per_floor":["M","M","$","M","?","R","E","R","T","M","R","$","?","M","R","B",null,"M","M","?","M","?","R","E","R","T","M","?","M","$","?","R","B",null,"M","?","?","?"],"character_chosen":"IRONCLAD","items_purchased":["Lantern","Metallicize","Infernal Blade","Rampage","Flex","Thunderclap"],"campfire_rested":1,"item_purchase_floors":[3,3,12,30,30,30],"current_hp_per_floor":[80,79,79,80,80,80,62,62,62,60,60,60,60,61,61,49,80,71,61,61,59,59,59,60,86,86,81,81,84,84,84,84,35,92,92,80,67,0,0],"gold":306,"neow_bonus":"HUNDRED_GOLD","is_daily":false,"chose_seed":false,"campfire_upgraded":6,"win_rate":0.0,"timestamp":1612160437,"path_taken":["M","?","$","M","?","R","E","R","T","M","R","?","?","M","R","BOSS","M","M","?","?","?","R","E","R","T","M","?","M","$","?","R","BOSS","M","?","?","?"],"items_purchased_type":["Relic","Card","Card","Card","Card","Card"],"build_version":"2020-12-22","purchased_purges":0,"victory":false,"max_hp_per_floor":[80,80,80,80,80,80,80,80,80,80,80,80,80,80,80,80,80,80,80,80,84,84,84,88,88,88,92,92,92,92,92,92,92,92,92,92,92,92,92],"card_choices":[{"not_picked":["Clash","Pommel Strike"],"picked":"Anger","floor":1.0},{"not_picked":["Reckless Charge","Perfected Strike"],"picked":"Heavy Blade","floor":2.0},{"not_picked":["Thunderclap","Twin Strike"],"picked":"Armaments","floor":4.0},{"not_picked":["Hemokinesis","Double Tap"],"picked":"Inflame","floor":7.0},{"not_picked":["Clash","Sword Boomerang"],"picked":"Clothesline","floor":10.0},{"not_picked":["Inflame","Warcry"],"picked":"Seeing Red","floor":14.0},{"not_picked":["Corruption","Impervious"],"picked":"Feed","floor":16.0},{"not_picked":["Shrug It Off","Anger"],"picked":"Armaments+1","floor":18.0},{"not_picked":["Pummel+1","Seeing Red"],"picked":"Cleave+1","floor":19},{"not_picked":["Shrug It Off","Offering"],"picked":"Twin Strike","floor":21},{"not_picked":["Pommel Strike","Flex"],"picked":"Dropkick","floor":24},{"not_picked":["Cleave","Body Slam"],"picked":"Iron Wave","floor":27},{"not_picked":["Flex","Dual Wield"],"picked":"Whirlwind","floor":29},{"not_picked":["Impervious","Limit Break"],"picked":"Berserk+1","floor":33},{"not_picked":["Anger","Pummel"],"picked":"Warcry","floor":35},{"not_picked":["True Grit","Sword Boomerang"],"picked":"Pommel Strike","floor":37}],"player_experience":137863,"relics_obtained":[{"floor":7.0,"key":"Bottled Tornado"},{"floor":9.0,"key":"HollowMod:PaleOreRelic"},{"floor":24,"key":"Bronze Scales"},{"floor":26,"key":"Juzu Bracelet"},{"floor":37,"key":"Gambling Chip"}],"event_choices":[{"damage_healed":0.0,"max_hp_gain":0.0,"max_hp_loss":0.0,"gold_gain":0.0,"event_name":"Purifier","player_choice":"Ignored","floor":5.0,"gold_loss":0.0,"damage_taken":0.0},{"cards_removed":["Infernal Blade"],"damage_healed":0.0,"max_hp_gain":0.0,"max_hp_loss":0.0,"gold_gain":0.0,"event_name":"WeMeetAgain","player_choice":"Gave Card","floor":13.0,"gold_loss":0.0,"damage_taken":0.0,"relics_obtained":["Meat on the Bone"]},{"damage_healed":0,"gold_gain":0,"cards_transformed":["Defend_R"],"player_choice":"Transformed","damage_taken":0,"max_hp_gain":0,"max_hp_loss":0,"event_name":"Transmorgrifier","floor":20,"gold_loss":0,"cards_obtained":["Armaments"]},{"damage_healed":0,"gold_gain":0,"player_choice":"Opened","damage_taken":0,"relics_obtained":["Frozen Egg 2"],"max_hp_gain":0,"max_hp_loss":0,"event_name":"The Mausoleum","floor":22,"gold_loss":0},{"damage_healed":0,"gold_gain":0,"player_choice":"Obtained Relic","damage_taken":0,"relics_obtained":["theSenshi:FeatherClipsRelic"],"max_hp_gain":0,"max_hp_loss":0,"event_name":"Addict","floor":28,"gold_loss":85},{"damage_healed":0,"gold_gain":100,"player_choice":"Pray","damage_taken":0,"max_hp_gain":0,"max_hp_loss":0,"event_name":"Golden Shrine","floor":31,"gold_loss":0},{"damage_healed":0,"gold_gain":0,"player_choice":"Embrace Madness","damage_taken":12,"max_hp_gain":0,"max_hp_loss":0,"event_name":"Winding Halls","floor":36,"gold_loss":0,"cards_obtained":["Madness","Madness"]},{"damage_healed":0,"gold_gain":0,"player_choice":"Fight","damage_taken":0,"max_hp_gain":0,"max_hp_loss":0,"event_name":"MindBloom","floor":37,"gold_loss":0},{"damage_healed":0,"gold_gain":0,"player_choice":"Fight","damage_taken":0,"max_hp_gain":0,"max_hp_loss":0,"event_name":"Mysterious Sphere","floor":38,"gold_loss":0}],"is_beta":false,"boss_relics":[{"not_picked":["Tiny House","Snecko Eye"],"picked":"SlaversCollar"},{"not_picked":["Sozu","SacredBark"],"picked":"Mark of Pain"}],"items_purged_floors":[],"is_endless":false,"potions_floor_spawned":[2,16,18,21,27,29],"killed_by":"2 Orb Walkers","ascension_level":0}}