{"host":"0fmi5fguj5lvt8pf","time":1612139218,"event":{"mods":["BaseMod","Colored Map","Curses Come First","Downfall","Minty Spire (QoL Compilation)","Permanent Neow","StSLib"],"gold_per_floor":[99,109,109,119,119,119,171,171,197,253,163,163,176,176,187,289,289,289,308,293,293,293,305,355,355,373,399,349,349,349,376,403,521,521,521,556,565,565,593,626,626,568,604,304,304,313,313,342,387,387,387,387],"floor_reached":50,"language":"ENG","playtime":3085,"items_purged":["hexamod:Strike"],"score":561,"play_id":"d1fed44c-6c44-40d3-8302-94f03ddc81f5","local_time":"20210131162658","is_ascension_mode":false,"campfire_choices":[{"data":"hexamod:Again","floor":1.0,"key":"SMITH"},{"data":"hexamod:RainOfEmbers","floor":6.0,"key":"SMITH"},{"data":"hexamod:HeatMetal","floor":8.0,"key":"SMITH"},{"data":"hexamod:FastForward","floor":18.0,"key":"SMITH"},{"floor":30.0,"key":"REST"},{"floor":35.0,"key":"RECALL"},{"floor":44.0,"key":"REST"},{"floor":47.0,"key":"REST"}],"circlet_count":0,"master_deck":["hexamod:Defend+1","hexamod:Defend+1","hexamod:Sear+1","hexamod:Float+1","hexamod:HeatMetal+1","hexamod:Again+1","hexamod:RainOfEmbers+1","hexamod:SixthSeal","hexamod:DynamicBlow+1","hexamod:FastForward+1","hexamod:Hexaguard+1","hexamod:FourthSeal","hexamod:TimeOfNeed+1","hexamod:SoulSteal+1","hexamod:Again+1","hexamod:SecondSeal","hexamod:Firestarter+1","hexamod:TimeWarp+1","hexamod:RadiantFlame+1","expansioncontent:PolyBeam+1","hexamod:RadiantFlame+1","hexamod:FirstSeal","hexamod:StepThrough","hexamod:TimeWarp+1","hexamod:GhostflameInferno+1","hexamod:ThirdSeal","hexamod:SkipABeat+1","hexamod:ExtraCrispy","hexamod:Hexaguard"],"relics":["hexamod:SpiritBrand","Juzu Bracelet","Gremlin Horn","hexamod:IceCube","Nloth\u0027s Gift","Boot","CeramicFish","StrikeDummy","Toy Ornithopter","Bottled Flame","downfall:HeartBlessingRed","downfall:HeartBlessingGreen","downfall:HeartBlessingBlue"],"acts_visited":["Exordium","TheCity","TheBeyond"],"potions_floor_usage":[50],"damage_taken":[{"damage":0.0,"enemies":"Small Slimes","floor":2.0,"turns":3.0},{"damage":1.0,"enemies":"Cultist","floor":4.0,"turns":3.0},{"damage":14.0,"enemies":"3 Sentries","floor":9.0,"turns":7.0},{"damage":19.0,"enemies":"3 Sentries","floor":10.0,"turns":7.0},{"damage":0.0,"enemies":"downfall:FleeingMerchant","floor":11.0,"turns":4.0},{"damage":0.0,"enemies":"2 Louse","floor":13.0,"turns":1.0},{"damage":1.0,"enemies":"Large Slime","floor":15.0,"turns":3.0},{"damage":23.0,"enemies":"WA_ARCHETYPE_RETAIN","floor":16.0,"turns":6.0},{"damage":5.0,"enemies":"Shell Parasite","floor":19.0,"turns":4.0},{"damage":0.0,"enemies":"downfall:FleeingMerchant","floor":20.0,"turns":4.0},{"damage":11.0,"enemies":"3 Byrds","floor":23.0,"turns":4.0},{"damage":15.0,"enemies":"Snake Plant","floor":26.0,"turns":4.0},{"damage":19.0,"enemies":"Gremlin Leader","floor":27.0,"turns":6.0},{"damage":4.0,"enemies":"Cultist and Chosen","floor":32.0,"turns":4.0},{"damage":48.0,"enemies":"DF_ARCHETYPE_CLAW","floor":33.0,"turns":8.0},{"damage":23.0,"enemies":"3 Darklings","floor":36.0,"turns":5.0},{"damage":3.0,"enemies":"3 Shapes","floor":39.0,"turns":6.0},{"damage":10.0,"enemies":"Spire Growth","floor":40.0,"turns":4.0},{"damage":10.0,"enemies":"downfall:FleeingMerchant","floor":42.0,"turns":4.0},{"damage":42.0,"enemies":"Giant Head","floor":43.0,"turns":8.0},{"damage":0.0,"enemies":"4 Shapes","floor":48.0,"turns":3.0},{"damage":26.0,"enemies":"Sphere and 2 Shapes","floor":49.0,"turns":6.0},{"damage":114,"enemies":"IC_BLOCK_ARCHETYPE","floor":50,"turns":4}],"seed_played":"1409624696214791613","potions_obtained":[{"floor":2.0,"key":"sneckomod:MuddlingPotion"},{"floor":13.0,"key":"hexamod:InfernoChargePotion"},{"floor":15.0,"key":"hexamod:EctoCoolerPotion"},{"floor":19.0,"key":"Fire Potion"},{"floor":26.0,"key":"GamblersBrew"},{"floor":27.0,"key":"LiquidMemories"},{"floor":29.0,"key":"CultistPotion"},{"floor":33.0,"key":"SkillPotion"},{"floor":33.0,"key":"PowerPotion"},{"floor":36.0,"key":"hexamod:SoulburnPotion"},{"floor":40.0,"key":"SneckoOil"},{"floor":40.0,"key":"Explosive Potion"},{"floor":42.0,"key":"SpeedPotion"},{"floor":43.0,"key":"Strength Potion"},{"floor":43.0,"key":"ColorlessPotion"},{"floor":48.0,"key":"Weak Potion"},{"floor":49.0,"key":"BlessingOfTheForge"}],"is_trial":false,"path_per_floor":["R","M","?","M","?","R","T","R","E","?","$","?","M","?","M","B",null,"R","M","$","?","?","M","T","?","M","E","?","?","R","T","M","B",null,"R","M","?","?","M","M","T","$","E","R","?","?","R","M","M","B"],"character_chosen":"THE_SPIRIT","items_purchased":["Toy Ornithopter","hexamod:StepThrough","hexamod:TimeWarp","Regen Potion"],"campfire_rested":3,"item_purchase_floors":[42,42,42,42],"current_hp_per_floor":[63,63,63,62,62,62,62,62,48,29,29,29,29,29,28,5,63,63,58,58,58,58,47,47,47,32,13,39,39,57,57,53,5,63,63,40,40,40,37,27,27,24,7,38,38,38,59,71,62,0,0,0],"gold":387,"neow_bonus":"TRANSFORM_TWO_CARDS","is_daily":false,"chose_seed":false,"campfire_upgraded":4,"win_rate":0.0,"timestamp":1612139218,"path_taken":["R","M","?","?","?","R","T","R","E","?","$","?","M","?","M","BOSS","R","M","$","?","?","M","T","?","M","E","?","?","R","?","M","BOSS","R","M","?","?","M","M","T","$","E","R","?","?","R","M","M","BOSS"],"items_purchased_type":["Relic","Card","Card","Potion"],"build_version":"2020-12-22","purchased_purges":1,"victory":false,"max_hp_per_floor":[63,63,63,63,63,63,63,63,63,63,63,63,63,63,63,63,63,63,63,63,63,63,63,63,63,63,63,63,63,63,63,63,63,63,63,63,63,63,63,63,63,63,63,73,73,73,73,73,73,73,73,73],"card_choices":[{"not_picked":["hexamod:SpectralAdrenaline","hexamod:NightmareGuise","hexamod:SpectersWail"],"picked":"SKIP","floor":2.0},{"not_picked":["hexamod:NightmareStrike","hexamod:ThermalTransfer"],"picked":"hexamod:RainOfEmbers","floor":4.0},{"not_picked":["hexamod:HeatMetal","hexamod:NightmareGuise"],"picked":"hexamod:SixthSeal","floor":9.0},{"not_picked":["hexamod:SpectralAdrenaline","hexamod:SuperheatedStrike"],"picked":"hexamod:DynamicBlow","floor":10.0},{"not_picked":["hexamod:EtherealExpedition","hexamod:BacktrackSmack"],"picked":"hexamod:FastForward","floor":11.0},{"not_picked":["hexamod:AdvancingGuard","hexamod:ShieldOfDarkness"],"picked":"hexamod:Hexaguard","floor":13.0},{"not_picked":["hexamod:BurningTouch","hexamod:SixthSeal"],"picked":"hexamod:FourthSeal","floor":15.0},{"not_picked":["hexamod:SixthSeal","hexamod:ApocalypticArmor"],"picked":"hexamod:TimeOfNeed","floor":16.0},{"not_picked":["hexamod:Rewind","hexamod:Firestarter"],"picked":"hexamod:SoulSteal+1","floor":19.0},{"not_picked":["hexamod:CatchUp","hexamod:BacktrackSmack"],"picked":"hexamod:Again","floor":20.0},{"not_picked":["hexamod:SuperheatedStrike","hexamod:Haunt","hexamod:FlamesFromBeyond+1"],"picked":"SKIP","floor":23.0},{"not_picked":["hexamod:BacktrackSmack","hexamod:DynamicBlow","hexamod:NightmareGuise"],"picked":"SKIP","floor":26.0},{"not_picked":["hexamod:InspiringFlames","hexamod:Again+1"],"picked":"hexamod:SecondSeal","floor":27.0},{"not_picked":["hexamod:Hexaguard","hexamod:InspiringFlames"],"picked":"hexamod:Firestarter+1","floor":32.0},{"not_picked":["hexamod:GhostOfSpirePresent","hexamod:HexaLevel"],"picked":"hexamod:TimeWarp","floor":33.0},{"not_picked":["hexamod:FastForward","hexamod:HeatMetal+1"],"picked":"hexamod:RadiantFlame+1","floor":36.0},{"not_picked":["expansioncontent:InvincibleStrength","expansioncontent:YouAreMine"],"picked":"expansioncontent:PolyBeam","floor":37.0},{"not_picked":["hexamod:Hexaguard+1","hexamod:PowerFromBeyond+1"],"picked":"hexamod:RadiantFlame+1","floor":39.0},{"not_picked":["hexamod:HauntingEcho","hexamod:HeatCrush+1"],"picked":"hexamod:FirstSeal","floor":40.0},{"not_picked":["hexamod:InspiringFlames+1","hexamod:GhostLash"],"picked":"hexamod:ThermalTransfer+1","floor":42.0},{"not_picked":["hexamod:Incineration","hexamod:AdvancingGuard"],"picked":"hexamod:GhostflameInferno","floor":43.0},{"not_picked":["hexamod:Rewind+1","hexamod:Firestarter+1"],"picked":"hexamod:SkipABeat+1","floor":48.0},{"not_picked":["hexamod:SwordOfDarkness+1","hexamod:VolcanoVisage"],"picked":"hexamod:ExtraCrispy","floor":49.0},{"not_picked":["hexamod:BacktrackSmack+1","hexamod:RadiantFlame"],"picked":"hexamod:Hexaguard","floor":49.0}],"player_experience":1474681,"relics_obtained":[{"floor":7.0,"key":"Orichalcum"},{"floor":9.0,"key":"Juzu Bracelet"},{"floor":10.0,"key":"Gremlin Horn"},{"floor":27.0,"key":"Boot"},{"floor":31.0,"key":"CeramicFish"},{"floor":41.0,"key":"StrikeDummy"},{"floor":43.0,"key":"Bottled Flame"}],"event_choices":[{"damage_healed":0.0,"max_hp_gain":0.0,"max_hp_loss":0.0,"gold_gain":0.0,"event_name":"NoteForYourself","player_choice":"Ignored","floor":3.0,"gold_loss":0.0,"damage_taken":0.0},{"cards_removed":["hexamod:Strike"],"damage_healed":0.0,"max_hp_gain":0.0,"max_hp_loss":0.0,"gold_gain":0.0,"event_name":"The Cleric","player_choice":"Card Removal","floor":5.0,"gold_loss":0.0,"damage_taken":0.0},{"cards_removed":["hexamod:Defend"],"damage_healed":0.0,"max_hp_gain":0.0,"max_hp_loss":0.0,"gold_gain":0.0,"event_name":"Wheel of Change","player_choice":"Card Removal","floor":12.0,"gold_loss":0.0,"damage_taken":0.0},{"damage_healed":0.0,"max_hp_gain":0.0,"max_hp_loss":0.0,"gold_gain":0.0,"event_name":"Vampires","player_choice":"Ignored","floor":21.0,"gold_loss":0.0,"damage_taken":0.0},{"damage_healed":0.0,"max_hp_gain":0.0,"max_hp_loss":0.0,"gold_gain":0.0,"event_name":"Mysterious Sphere","player_choice":"Ignored","floor":45.0,"gold_loss":0.0,"damage_taken":0.0}],"is_beta":false,"boss_relics":[{"not_picked":["Sozu","Cursed Key"],"picked":"hexamod:IceCube"},{"not_picked":["Velvet Choker","Runic Pyramid","Coffee Dripper"]}],"items_purged_floors":[11],"is_endless":false,"potions_floor_spawned":[2,13,15,23,27,33,40,43,48],"killed_by":"IC_BLOCK_ARCHETYPE","ascension_level":0}}