{"host":"b5jaqh8y266k2cz4","time":1612144328,"event":{"mods":["AchievementEnabler","Aspiration","BaseMod","Colored Powertips","Conspire","Downfall","Googly Eyes","Hermit","Highlight Path","Hubris","Infinite Spire","MarisaÅiñ∂âJÅ@ñÇóùçπÅj","Mimic Mod","Minty Spire (QoL Compilation)","Quick Restart","Replay The Spire","SOSÅiézîb?îVéqÅj","Spikes Relics","StSLib","Synergy Search","The Animator","The Cursed","The Jungle","The Necromancer","The Servant 0.9.4","The Wild Card","slay the spire mod where everything is the same but ironclad has a cowboy hat","Åyå˜î\ModÅz?ñæìIç≈?Boss"],"gold_per_floor":[215,225,236,81,97,122,122,122,153,188,363,363,363,378,378,477,527,547,547,180,180,199,199,199],"floor_reached":23,"language":"ENG","playtime":1302,"items_purged":["Doubt"],"score":269,"play_id":"ce2bbb5a-81ae-4ec1-b125-4395f2e06a7c","local_time":"20210131205208","is_ascension_mode":true,"campfire_choices":[{"data":"theWildCard:PowerOfTheArcana","floor":12,"key":"SMITH"}],"circlet_count":0,"master_deck":["theWildCard:BasicStrike","theWildCard:BasicStrike","theWildCard:BasicStrike","theWildCard:BasicStrike","theWildCard:BasicDefend+1","theWildCard:BasicDefend","theWildCard:BasicDefend","theWildCard:CallToAdventure","theWildCard:Arsene","theWildCard:Patience","theWildCard:ArcaneArts","theWildCard:MaskChange+1","theWildCard:TheArcanaUnleashed","theWildCard:SacrificialStroke","theWildCard:ArcanaArtistry","theWildCard:PowerOfTheArcana+1","theWildCard:Salvation","theWildCard:ArcaneArts","theWildCard:ArcanaArtistry","theWildCard:SeveringSlash+1","theWildCard:Attunement","theWildCard:Attunement","theWildCard:SeveringSlash"],"relics":["theWildCard:VelvetContract","Ornamental Fan","Potion Belt","Iron Hammer","Tiny House","Replay:Bottled Steam","aspiration:ChemicalBlood"],"acts_visited":["Exordium","TheCity"],"potions_floor_usage":[6,6,23,23],"damage_taken":[{"damage":4,"enemies":"conspire:RoseBush","floor":1,"turns":4},{"damage":0,"enemies":"Small Slimes","floor":2,"turns":3},{"damage":7,"enemies":"Jaw Worm","floor":3,"turns":3},{"damage":0,"enemies":"Large Slime","floor":5,"turns":7},{"damage":14,"enemies":"3 Sentries","floor":6,"turns":10},{"damage":5,"enemies":"2 Fungi Beasts","floor":9,"turns":7},{"damage":0,"enemies":"Lagavulin","floor":10,"turns":7},{"damage":0,"enemies":"2 Fungi Beasts","floor":14,"turns":4},{"damage":42,"enemies":"Slime Boss","floor":16,"turns":14},{"damage":39,"enemies":"Chosen","floor":18,"turns":8},{"damage":14,"enemies":"Spheric Guardian","floor":22,"turns":7},{"damage":0,"enemies":"Gremlin Leader","floor":23,"turns":4}],"seed_played":"4798177826628717690","potions_obtained":[{"floor":2,"key":"Adrenaline Potion"},{"floor":5,"key":"Block Potion"},{"floor":6,"key":"SpeedPotion"},{"floor":14,"key":"SpeedPotion"},{"floor":17,"key":"Languid Potion"},{"floor":18,"key":"Ancient Potion"}],"is_trial":false,"path_per_floor":["M","M","M","$","M","E","?","?","MIM","E","?","R","?","M","R","B",null,"M","?","$","T","M","E"],"character_chosen":"THE_WILD_CARD","items_purchased":["theWildCard:TheArcanaUnleashed","theWildCard:Attunement","Replay:Bottled Steam"],"campfire_rested":0,"item_purchase_floors":[4,20,20],"current_hp_per_floor":[56,56,49,49,49,35,55,55,50,50,50,50,50,50,60,18,65,26,26,26,26,12,12,12],"gold":199,"neow_bonus":"HUNDRED_GOLD","is_daily":false,"chose_seed":false,"campfire_upgraded":1,"win_rate":0.0,"timestamp":1612144328,"path_taken":["M","M","M","$","M","E","?","?","MIM","E","?","R","?","M","R","BOSS","M","?","$","?","M","E"],"items_purchased_type":["Card","Card","Relic"],"build_version":"2020-12-22","purchased_purges":1,"victory":false,"max_hp_per_floor":[60,60,60,60,60,60,60,60,60,60,60,60,60,60,60,60,65,65,65,65,65,65,65,65],"card_choices":[{"not_picked":["theWildCard:BladeOfGenerations","theWildCard:Michael"],"picked":"theWildCard:Patience","floor":1},{"not_picked":["theWildCard:Unburden","theWildCard:StalwartBlade"],"picked":"theWildCard:ArcaneArts","floor":2},{"not_picked":["theWildCard:EnergizedStroke","theWildCard:ArchaicAssault"],"picked":"theWildCard:MaskChange","floor":3},{"not_picked":["theWildCard:Michael","theWildCard:BladeOfGenerations"],"picked":"theWildCard:SacrificialStroke","floor":5},{"not_picked":["theWildCard:MagicalMight","theWildCard:UnendingRitual"],"picked":"theWildCard:ArcanaArtistry","floor":6},{"not_picked":["theWildCard:ArcanaArtistry","theWildCard:BladeOfGenerations"],"picked":"theWildCard:PowerOfTheArcana","floor":9},{"not_picked":["theWildCard:Metatron","theWildCard:ArcaneArts"],"picked":"theWildCard:Salvation","floor":10},{"not_picked":["theWildCard:FinalHour","theWildCard:StingingStrike"],"picked":"theWildCard:ArcaneArts","floor":14},{"not_picked":["theWildCard:StalwartBlade","theWildCard:Proficiency"],"picked":"theWildCard:ArcanaArtistry","floor":17},{"not_picked":["theWildCard:Sakuya","theWildCard:Salvation+1"],"picked":"theWildCard:SeveringSlash+1","floor":18},{"not_picked":["theWildCard:StingingStrike+1","theWildCard:Safeguard"],"picked":"theWildCard:SeveringSlash","floor":22}],"player_experience":342076,"relics_obtained":[{"floor":6,"key":"Ornamental Fan"},{"floor":9,"key":"Potion Belt"},{"floor":10,"key":"Iron Hammer"},{"floor":21,"key":"aspiration:ChemicalBlood"}],"event_choices":[{"damage_healed":20,"gold_gain":0,"player_choice":"Banana","damage_taken":0,"max_hp_gain":0,"max_hp_loss":0,"event_name":"Big Fish","floor":7,"gold_loss":0},{"damage_healed":0,"gold_gain":0,"player_choice":"Leave","damage_taken":0,"max_hp_gain":0,"max_hp_loss":0,"event_name":"The Cleric","floor":8,"gold_loss":0},{"damage_healed":0,"gold_gain":175,"player_choice":"AGREE","damage_taken":0,"max_hp_gain":0,"max_hp_loss":0,"event_name":"Liars Game","floor":11,"gold_loss":0,"cards_obtained":["Doubt"]},{"cards_removed":["theWildCard:BasicDefend"],"damage_healed":0,"gold_gain":0,"player_choice":"Offered Basic","damage_taken":0,"max_hp_gain":0,"max_hp_loss":0,"event_name":"Bonfire Elementals","floor":19,"gold_loss":0}],"is_beta":false,"boss_relics":[{"not_picked":["infinitespire:Cupcake","hubris:GrandSneckoEye"],"picked":"Tiny House"}],"items_purged_floors":[20],"is_endless":false,"potions_floor_spawned":[2,5,6,14,18],"killed_by":"Gremlin Leader","ascension_level":4}}