{"host":"gtv41eena9h15rk5","time":1612188873,"event":{"mods":["BaseMod","Colored Powertips","Downfall","Marisa£®ÏF”Í°°ƒß¿Ì…≥£©","Minty Spire (QoL Compilation)","Replay The Spire","Shop Mod","StSLib","The Bug Knight","The Construct","The Cursed","The Runesmith","The Servant 0.9.4","[IsaacMod]“‘»ˆº‚À˛"],"gold_per_floor":[116,129,139,18,118,118,151,151,197,197,232,232,259,259,259,361,411,423,10,10,24,24,24,24,24],"floor_reached":24,"language":"ZHS","playtime":773,"items_purged":["Strike_R"],"score":421,"play_id":"6e8c1c09-b861-4e7e-857c-3e43bedd616b","local_time":"20210201221433","is_ascension_mode":true,"campfire_choices":[{"floor":6.0,"key":"RECALL"},{"data":"Armaments","floor":10,"key":"SMITH"},{"data":"EpicFetus","floor":12,"key":"SMITH"},{"data":"Defend_R","floor":15,"key":"PURGE"},{"floor":23,"key":"REST"}],"circlet_count":0,"master_deck":["Strike_R","Strike_R","Strike_R","Strike_R","Defend_R","Defend_R","Defend_R","Bash","EpicFetus+1","Carnage","Rupture","Combust+1","ReplayTheSpireMod:Stacked","Pot Of Greed","Pot Of Greed+1","Armaments+1","Spot Weakness","Feed+1","Cleave","Whirlwind"],"relics":["Burning Blood","HushsDoor","UnicornStump","Grinning Jar","Frozen Egg 2","ReplayTheSpireMod:Lightbulb","Tiny House","MerchantsRug","Medical Kit"],"acts_visited":["Exordium","TheCity"],"potions_floor_usage":[16,16,22],"damage_taken":[{"damage":1.0,"enemies":"Cultist","floor":1.0,"turns":3.0},{"damage":7.0,"enemies":"Jaw Worm","floor":2.0,"turns":3.0},{"damage":4.0,"enemies":"Small Slimes","floor":3.0,"turns":4.0},{"damage":14.0,"enemies":"Lagavulin","floor":7.0,"turns":5.0},{"damage":24,"enemies":"Gremlin Nob","floor":11,"turns":4},{"damage":16,"enemies":"Lagavulin","floor":13,"turns":4},{"damage":40,"enemies":"The Guardian","floor":16,"turns":8},{"damage":33,"enemies":"Shell Parasite","floor":18,"turns":4},{"damage":6,"enemies":"3 Byrds","floor":21,"turns":3},{"damage":0,"enemies":"Sentry and Sphere","floor":22,"turns":2},{"damage":43,"enemies":"Snake Plant","floor":24,"turns":5}],"seed_played":"-1626984093354997197","potions_obtained":[{"floor":2.0,"key":"Ancient Potion"},{"floor":3.0,"key":"Fire Potion"},{"floor":16,"key":"FearPotion"},{"floor":17,"key":"Reflective Coating"},{"floor":18,"key":"SmokeBomb"},{"floor":21,"key":"Elixir"}],"is_trial":false,"path_per_floor":["M","M","M","$","?","R","E","?","T","R","E","R","E","?","R","B",null,"M","$","?","M","M","R","M"],"character_chosen":"IRONCLAD","items_purchased":["Combust+1","ReplayTheSpireMod:Stacked","MerchantsRug","Medical Kit","Whirlwind"],"campfire_rested":1,"item_purchase_floors":[4,4,19,19,19],"current_hp_per_floor":[77,76,78,78,78,78,70,70,70,70,52,52,42,42,42,8,67,40,40,24,24,30,57,14,14],"gold":24,"neow_bonus":"","is_daily":false,"chose_seed":false,"campfire_upgraded":2,"win_rate":0.0,"timestamp":1612188873,"path_taken":["M","?","M","$","?","R","E","?","T","R","E","R","E","?","R","BOSS","M","$","?","M","M","R","M"],"items_purchased_type":["Card","Card","Relic","Relic","Card"],"build_version":"2020-12-22","purchased_purges":1,"victory":false,"max_hp_per_floor":[80,80,80,80,80,80,80,80,80,80,80,80,80,80,80,80,85,85,85,90,90,90,90,90,90],"card_choices":[{"not_picked":[],"picked":"EpicFetus","floor":0.0},{"not_picked":["Pommel Strike","Searing Blow"],"picked":"Carnage","floor":1.0},{"not_picked":["Run Through","Wild Strike","Disarm"],"picked":"SKIP","floor":2.0},{"not_picked":["Fire Breathing","Replay:Undeath\u0027s Touch"],"picked":"Rupture","floor":3.0},{"not_picked":["Iron Wave","Clothesline"],"picked":"Armaments","floor":7.0},{"not_picked":["ReplayTheSpireMod:Corrosion Curse","Shockwave"],"picked":"Spot Weakness","floor":11},{"not_picked":["Sword Boomerang","Fire Breathing+1"],"picked":"Feed","floor":13},{"not_picked":["Sever Soul+1","Blood for Blood"],"picked":"Cleave","floor":18},{"not_picked":["Reckless Charge+1","Evolve+1","Entrench"],"picked":"SKIP","floor":21}],"player_experience":228127,"relics_obtained":[{"floor":7.0,"key":"Grinning Jar"},{"floor":11,"key":"Frozen Egg 2"},{"floor":13,"key":"ReplayTheSpireMod:Lightbulb"}],"event_choices":[{"damage_healed":0.0,"max_hp_gain":0.0,"max_hp_loss":0.0,"gold_gain":0.0,"event_name":"The Woman in Blue","player_choice":"Bought 0 Potions","floor":8.0,"gold_loss":0.0,"damage_taken":0.0},{"damage_healed":0,"gold_gain":0,"player_choice":"Grow","damage_taken":0,"max_hp_gain":0,"max_hp_loss":0,"event_name":"Living Wall","floor":14,"gold_loss":0,"cards_upgraded":["Feed"]},{"damage_healed":0,"gold_gain":0,"player_choice":"Shed Blood","damage_taken":21,"max_hp_gain":5,"max_hp_loss":0,"event_name":"Forgotten Altar","floor":20,"gold_loss":0}],"is_beta":false,"boss_relics":[{"not_picked":["Astrolabe","Cursed Key"],"picked":"Tiny House"},{"not_picked":[]}],"items_purged_floors":[19],"is_endless":false,"potions_floor_spawned":[2,3,16,18,21],"killed_by":"Snake Plant","ascension_level":7}}