{"host":"j4g6ia6asvpyu2b0","time":1612208987,"event":{"mods":["BaseMod","Colored Map","Minty Spire (QoL Compilation)","Permanent Neow","Quick Restart","Relic Stats","StSLib","Unceasing Turn Reminder"],"gold_per_floor":[361,536,75,90,104,132,132,132,156,156,169,169,200,216,216,312,312,327,34,54,14,14,48,66,66,116,148,180,215,215,241,241,338,338,355,355,230,249,150,179,179,210,237,237,262,278,278,293,293,293,293,293,0,35,35],"floor_reached":56,"language":"ENG","playtime":1753,"items_purged":["Doubt","Strike_G","Strike_G","Strike_G","Strike_G"],"score":1894,"play_id":"949c3a99-fcc5-4116-9460-4f9dee7a261d","local_time":"20210201124947","is_ascension_mode":true,"campfire_choices":[{"data":"Envenom","floor":8.0,"key":"SMITH"},{"data":"Dagger Spray","floor":10.0,"key":"SMITH"},{"data":"Blade Dance","floor":12.0,"key":"SMITH"},{"data":"Finisher","floor":15.0,"key":"SMITH"},{"data":"Blade Dance","floor":25.0,"key":"SMITH"},{"data":"Burst","floor":30.0,"key":"SMITH"},{"data":"Wraith Form v2","floor":32.0,"key":"SMITH"},{"data":"Blade Dance","floor":41,"key":"SMITH"},{"floor":44,"key":"RECALL"},{"data":"Footwork","floor":49,"key":"SMITH"},{"data":"Caltrops","floor":52,"key":"SMITH"}],"circlet_count":0,"master_deck":["Strike_G","Defend_G","Defend_G","Defend_G","Defend_G","Defend_G","Survivor","Neutralize","Envenom+1","Dagger Spray+1","Finisher+1","Backflip","Dodge and Roll","Dash","Blade Dance+1","Die Die Die","Blur","Wraith Form v2+1","Backflip","Blade Dance+1","Master of Strategy","Dodge and Roll","Flying Knee+1","Dagger Spray+1","Flying Knee","Burst+1","Backflip+1","Dash","Malaise","Flying Knee+1","Venomology","Slice","Blade Dance+1","Footwork+1","Caltrops+1","PiercingWail","Deadly Poison","Riddle With Holes","Parasite","Sucker Punch+1","Choke+1","Footwork","Finisher","Cloak And Dagger"],"relics":["Ring of the Snake","Membership Card","Shuriken","Potion Belt","Lantern","Oddly Smooth Stone","SacredBark","Ninja Scroll","Paper Crane","Blood Vial","Pear","Red Mask","Regal Pillow","InkBottle","Busted Crown","Bag of Marbles","HornCleat","Happy Flower","Thread and Needle","Kunai"],"acts_visited":["Exordium","TheCity","TheBeyond","TheEnding"],"potions_floor_usage":[38,42,45,45,46,55,55,55,55,55,55],"damage_taken":[{"damage":3.0,"enemies":"Jaw Worm","floor":1.0,"turns":4.0},{"damage":0.0,"enemies":"2 Louse","floor":4.0,"turns":2.0},{"damage":0.0,"enemies":"Cultist","floor":5.0,"turns":2.0},{"damage":22.0,"enemies":"3 Sentries","floor":6.0,"turns":5.0},{"damage":19.0,"enemies":"Exordium Thugs","floor":11.0,"turns":4.0},{"damage":16.0,"enemies":"Lagavulin","floor":13.0,"turns":6.0},{"damage":0.0,"enemies":"Blue Slaver","floor":14.0,"turns":3.0},{"damage":0.0,"enemies":"Slime Boss","floor":16.0,"turns":1.0},{"damage":2.0,"enemies":"Chosen","floor":18.0,"turns":5.0},{"damage":0.0,"enemies":"3 Byrds","floor":20.0,"turns":3.0},{"damage":8.0,"enemies":"Slavers","floor":23.0,"turns":3.0},{"damage":10.0,"enemies":"Snake Plant","floor":24.0,"turns":4.0},{"damage":12.0,"enemies":"Book of Stabbing","floor":27.0,"turns":4.0},{"damage":0.0,"enemies":"Masked Bandits","floor":28.0,"turns":2.0},{"damage":0.0,"enemies":"Slavers","floor":29.0,"turns":2.0},{"damage":12.0,"enemies":"Book of Stabbing","floor":31.0,"turns":3.0},{"damage":21.0,"enemies":"Collector","floor":33.0,"turns":6.0},{"damage":0.0,"enemies":"Orb Walker","floor":35.0,"turns":2.0},{"damage":0,"enemies":"3 Shapes","floor":38,"turns":3},{"damage":3,"enemies":"Giant Head","floor":40,"turns":4},{"damage":0,"enemies":"Nemesis","floor":42,"turns":1},{"damage":0,"enemies":"Giant Head","floor":45,"turns":5},{"damage":0,"enemies":"Writhing Mass","floor":46,"turns":6},{"damage":0,"enemies":"Spire Growth","floor":48,"turns":5},{"damage":73,"enemies":"Awakened One","floor":50,"turns":10},{"damage":46,"enemies":"Shield and Spear","floor":54,"turns":5},{"damage":27,"enemies":"The Heart","floor":55,"turns":7}],"seed_played":"-7158086903733233993","potions_obtained":[{"floor":5.0,"key":"ColorlessPotion"},{"floor":6.0,"key":"Swift Potion"},{"floor":14.0,"key":"FearPotion"},{"floor":16.0,"key":"CunningPotion"},{"floor":21.0,"key":"Dexterity Potion"},{"floor":21.0,"key":"Fire Potion"},{"floor":21.0,"key":"SkillPotion"},{"floor":23.0,"key":"Regen Potion"},{"floor":24.0,"key":"FairyPotion"},{"floor":28.0,"key":"Poison Potion"},{"floor":31.0,"key":"DuplicationPotion"},{"floor":38,"key":"EssenceOfSteel"},{"floor":42,"key":"Dexterity Potion"}],"is_trial":false,"path_per_floor":["M","?","$","M","M","E","?","R","T","R","M","R","E","M","R","B",null,"M","$","M","?","$","E","M","R","T","E","?","E","R","E","R","B",null,"M","?","$","M","$","E","R","E","T","R","E","M","?","M","R","B",null,"R","$","E","B",null],"character_chosen":"THE_SILENT","items_purchased":["Membership Card","Shuriken","Envenom","Dagger Spray","Finisher","PowerPotion","Ninja Scroll","Blade Dance","Master of Strategy","Blade Dance","Footwork","PiercingWail","Footwork","Finisher","Thread and Needle"],"campfire_rested":0,"item_purchase_floors":[3,3,3,3,3,3,19,19,19,37,37,39,53,53,53],"current_hp_per_floor":[60,60,60,60,60,38,43,43,43,43,24,24,8,8,8,8,53,51,51,51,51,51,43,33,33,33,60,62,64,64,54,54,35,67,69,69,69,71,71,70,70,72,72,72,74,76,76,78,78,5,60,60,60,16,44],"gold":35,"neow_bonus":"TWO_FIFTY_GOLD","is_daily":false,"chose_seed":false,"campfire_upgraded":10,"win_rate":0.0,"timestamp":1612208987,"path_taken":["M","?","$","M","M","E","?","R","T","R","M","R","E","M","R","BOSS","M","$","M","?","?","E","?","R","T","E","?","E","R","E","R","BOSS","M","?","$","M","?","E","R","E","T","R","E","?","?","M","R","BOSS","R","$","E","BOSS"],"items_purchased_type":["Relic","Relic","Card","Card","Card","Potion","Relic","Card","Card","Card","Card","Card","Card","Card","Relic"],"build_version":"2020-12-22","purchased_purges":5,"victory":true,"max_hp_per_floor":[63,63,63,63,63,63,68,68,68,68,68,68,68,68,68,68,68,68,68,68,68,68,68,68,68,68,78,78,78,78,78,78,78,78,78,78,78,78,78,78,78,78,78,78,78,78,78,78,78,78,78,78,78,78,78],"relic_stats":{"Blood Vial":28,"Regal Pillow":0,"Busted Crown":18,"Happy Flower":[11],"counters":[27,107],"Shuriken":[113],"Kunai":[12],"obtain_stats":[{"Potion Belt":6,"Lantern":9,"Regal Pillow":29,"Pear":27,"Happy Flower":45,"SacredBark":17,"Oddly Smooth Stone":13,"Thread and Needle":53,"Paper Crane":23,"Blood Vial":26,"Busted Crown":34,"HornCleat":42,"Shuriken":3,"Ninja Scroll":19,"Red Mask":28,"Bag of Marbles":40,"Membership Card":3,"Kunai":54,"InkBottle":31,"Ring of the Snake":0},{"Potion Belt":4,"Lantern":4,"Regal Pillow":15,"Pear":13,"Happy Flower":22,"SacredBark":8,"Oddly Smooth Stone":6,"Thread and Needle":25,"Paper Crane":11,"Blood Vial":12,"Busted Crown":17,"HornCleat":21,"Shuriken":1,"Ninja Scroll":9,"Red Mask":14,"Bag of Marbles":20,"Membership Card":1,"Kunai":26,"InkBottle":16,"Ring of the Snake":0},{"Potion Belt":13,"Lantern":13,"Regal Pillow":50,"Pear":46,"Happy Flower":74,"SacredBark":27,"Oddly Smooth Stone":23,"Thread and Needle":95,"Paper Crane":38,"Blood Vial":42,"Busted Crown":59,"HornCleat":69,"Shuriken":4,"Ninja Scroll":32,"Red Mask":48,"Bag of Marbles":68,"Membership Card":4,"Kunai":100,"InkBottle":53,"Ring of the Snake":0}],"InkBottle":[38],"Ring of the Snake":[54]},"card_choices":[{"not_picked":["Sucker Punch","Skewer"],"picked":"Dagger Spray","floor":1.0},{"not_picked":["Sucker Punch","Distraction"],"picked":"Backflip","floor":4.0},{"not_picked":["Distraction","Bane"],"picked":"Dodge and Roll","floor":5.0},{"not_picked":["Eviscerate","Dagger Throw"],"picked":"Dash","floor":6.0},{"not_picked":["Deadly Poison","Terror"],"picked":"Blade Dance","floor":11.0},{"not_picked":["Slice","Escape Plan"],"picked":"Die Die Die","floor":13.0},{"not_picked":["Caltrops","Deadly Poison"],"picked":"Blur","floor":14.0},{"not_picked":["Doppelganger","Bullet Time"],"picked":"Wraith Form v2","floor":16.0},{"not_picked":["Bouncing Flask","Underhanded Strike"],"picked":"Backflip","floor":18.0},{"not_picked":["Slice","Bane"],"picked":"Dodge and Roll","floor":20.0},{"not_picked":["Backflip","Acrobatics"],"picked":"Flying Knee+1","floor":23.0},{"not_picked":["Prepared","Calculated Gamble"],"picked":"Dagger Spray+1","floor":24.0},{"not_picked":["Skewer","Dodge and Roll"],"picked":"Flying Knee","floor":27.0},{"not_picked":["Underhanded Strike","Outmaneuver"],"picked":"Burst","floor":28.0},{"not_picked":["Underhanded Strike","Outmaneuver"],"picked":"Backflip+1","floor":29.0},{"not_picked":["Sucker Punch","Deadly Poison"],"picked":"Dash","floor":31.0},{"not_picked":["Die Die Die","Wraith Form v2"],"picked":"Malaise","floor":33.0},{"not_picked":[],"picked":"Flying Knee+1","floor":35},{"not_picked":[],"picked":"Caltrops","floor":38},{"not_picked":[],"picked":"Deadly Poison","floor":40},{"not_picked":["Unload"],"picked":"SKIP","floor":42},{"not_picked":[],"picked":"Riddle With Holes","floor":45},{"not_picked":[],"picked":"Sucker Punch+1","floor":46},{"not_picked":[],"picked":"Choke+1","floor":48},{"not_picked":[],"picked":"Cloak And Dagger","floor":54}],"player_experience":1087528,"relics_obtained":[{"floor":6.0,"key":"Potion Belt"},{"floor":9.0,"key":"Lantern"},{"floor":13.0,"key":"Oddly Smooth Stone"},{"floor":23.0,"key":"Paper Crane"},{"floor":26.0,"key":"Blood Vial"},{"floor":27.0,"key":"Pear"},{"floor":28.0,"key":"Red Mask"},{"floor":29.0,"key":"Regal Pillow"},{"floor":31.0,"key":"InkBottle"},{"floor":40,"key":"Bag of Marbles"},{"floor":42,"key":"HornCleat"},{"floor":45,"key":"Happy Flower"},{"floor":54,"key":"Kunai"}],"event_choices":[{"damage_healed":0.0,"max_hp_gain":0.0,"max_hp_loss":0.0,"gold_gain":175.0,"event_name":"Liars Game","player_choice":"AGREE","floor":2.0,"gold_loss":0.0,"damage_taken":0.0,"cards_obtained":["Doubt"]},{"damage_healed":0.0,"max_hp_gain":5.0,"max_hp_loss":0.0,"gold_gain":0.0,"event_name":"Big Fish","player_choice":"Donut","floor":7.0,"gold_loss":0.0,"damage_taken":0.0},{"damage_healed":0.0,"max_hp_gain":0.0,"max_hp_loss":0.0,"gold_gain":0.0,"event_name":"The Woman in Blue","player_choice":"Bought 3 Potions","floor":21.0,"gold_loss":0.0,"damage_taken":0.0},{"damage_healed":0.0,"max_hp_gain":0.0,"max_hp_loss":0.0,"gold_gain":0.0,"event_name":"Masked Bandits","player_choice":"Fought Bandits","floor":28.0,"gold_loss":0.0,"damage_taken":0.0},{"damage_healed":0,"gold_gain":0,"player_choice":"2 cards matched","damage_taken":0,"max_hp_gain":0,"max_hp_loss":0,"event_name":"Match and Keep!","floor":36,"gold_loss":0,"cards_obtained":["Venomology","Slice"]},{"cards_removed":["Dagger Spray"],"damage_healed":0,"gold_gain":0,"player_choice":"Removed Attack","damage_taken":0,"max_hp_gain":0,"max_hp_loss":0,"event_name":"Falling","floor":47,"gold_loss":0}],"is_beta":false,"boss_relics":[{"not_picked":["Empty Cage","HoveringKite"],"picked":"SacredBark"},{"not_picked":["Cursed Key","WristBlade"],"picked":"Busted Crown"}],"items_purged_floors":[3,19,37,39,53],"is_endless":false,"potions_floor_spawned":[5,6,14,16,23,24,28,31,38,42],"ascension_level":7}}