{"host":"2q82lssse0ckn8xu","time":1612180438,"event":{"mods":["AchievementEnabler","BaseMod","Colored Map","Colored Powertips","Minty Spire (QoL Compilation)","Permanent Neow","Quick Restart","StSLib","The Saiyan","Unceasing Turn Reminder"],"gold_per_floor":[116,129,142,152,211,211,237,237,284,284,312,326,341,261,261,333,333,351,351,351,384,399,399,419,419,445,445,479,498,210,224,224,298,298,315,315,333,333,49,77,90,90,90,124,134,134,149,35,35,35],"floor_reached":51,"language":"ENG","playtime":3884,"items_purged":[],"score":1425,"play_id":"4bc5f4a0-00c6-4815-8bb4-8a7b5e5c015b","local_time":"20210201172358","is_ascension_mode":true,"campfire_choices":[{"data":"True Grit","floor":6.0,"key":"SMITH"},{"floor":8.0,"key":"REST"},{"data":"Sever Soul","floor":10.0,"key":"SMITH"},{"data":"Metallicize","floor":15.0,"key":"SMITH"},{"data":"Armaments","floor":23.0,"key":"SMITH"},{"data":"Ghostly","floor":25.0,"key":"SMITH"},{"data":"Ghostly","floor":27.0,"key":"SMITH"},{"data":"Barricade","floor":32.0,"key":"SMITH"},{"floor":42.0,"key":"REST"},{"data":"Ghostly","floor":49.0,"key":"SMITH"}],"circlet_count":0,"master_deck":["AscendersBane","Strike_R+1","Strike_R+1","Strike_R+1","Strike_R+1","Strike_R+1","Defend_R+1","Defend_R+1","Defend_R+1","Defend_R+1","Bash","Sever Soul+1","True Grit+1","Infernal Blade","Warcry","Intimidate+1","Armaments+1","Pummel","Disarm+1","Metallicize+1","Fiend Fire","Shockwave+1","Ghostly+1","Ghostly+1","Ghostly+1","Cleave","Armaments+1","Inflame+1","Barricade+1","Exhume","Entrench","Reckless Charge","Iron Wave+1","Bludgeon","Body Slam","Body Slam","Shrug It Off+1"],"relics":["Burning Blood","Matryoshka","Bronze Scales","Nunchaku","Strawberry","Runic Pyramid","Red Mask","Smiling Mask","War Paint","CaptainsWheel","HornCleat","SlaversCollar","Bottled Tornado","Letter Opener","Pear","Dream Catcher"],"acts_visited":["Exordium","TheCity","TheBeyond"],"potions_floor_usage":[],"damage_taken":[{"damage":5.0,"enemies":"Small Slimes","floor":1.0,"turns":4.0},{"damage":7.0,"enemies":"2 Louse","floor":2.0,"turns":2.0},{"damage":7.0,"enemies":"Jaw Worm","floor":3.0,"turns":3.0},{"damage":30.0,"enemies":"Gremlin Gang","floor":4.0,"turns":7.0},{"damage":29.0,"enemies":"Gremlin Nob","floor":7.0,"turns":4.0},{"damage":11.0,"enemies":"3 Sentries","floor":11.0,"turns":3.0},{"damage":3.0,"enemies":"Exordium Thugs","floor":12.0,"turns":4.0},{"damage":6.0,"enemies":"Looter","floor":13.0,"turns":2.0},{"damage":7.0,"enemies":"The Guardian","floor":16.0,"turns":13.0},{"damage":22.0,"enemies":"Chosen","floor":18.0,"turns":5.0},{"damage":4.0,"enemies":"Masked Bandits","floor":21.0,"turns":5.0},{"damage":8.0,"enemies":"Shell Parasite","floor":22.0,"turns":5.0},{"damage":8.0,"enemies":"Centurion and Healer","floor":24.0,"turns":7.0},{"damage":1.0,"enemies":"Gremlin Leader","floor":28.0,"turns":9.0},{"damage":6.0,"enemies":"3 Cultists","floor":29.0,"turns":6.0},{"damage":0.0,"enemies":"Cultist and Chosen","floor":31.0,"turns":5.0},{"damage":3.0,"enemies":"Champ","floor":33.0,"turns":23.0},{"damage":0.0,"enemies":"Orb Walker","floor":35.0,"turns":3.0},{"damage":4.0,"enemies":"3 Shapes","floor":37.0,"turns":4.0},{"damage":54.0,"enemies":"Reptomancer","floor":40.0,"turns":8.0},{"damage":2.0,"enemies":"Spire Growth","floor":41.0,"turns":9.0},{"damage":0.0,"enemies":"Giant Head","floor":44.0,"turns":12.0},{"damage":1.0,"enemies":"Writhing Mass","floor":45.0,"turns":8.0},{"damage":0.0,"enemies":"Maw","floor":47.0,"turns":10.0},{"damage":2,"enemies":"Time Eater","floor":50,"turns":13}],"seed_played":"-4211871391802365313","potions_obtained":[{"floor":4.0,"key":"Energy Potion"},{"floor":7.0,"key":"ColorlessPotion"},{"floor":12.0,"key":"SteroidPotion"},{"floor":21.0,"key":"Fire Potion"},{"floor":22.0,"key":"LiquidMemories"},{"floor":29.0,"key":"Regen Potion"},{"floor":40.0,"key":"SpeedPotion"},{"floor":44.0,"key":"ColorlessPotion"}],"is_trial":false,"path_per_floor":["M","M","M","M","?","R","E","R","T","R","E","M","M","$","R","B",null,"M","?","?","?","M","R","M","R","T","R","E","M","$","M","R","B",null,"M","?","M","$","$","E","M","R","T","E","M","?","M","$","R","B",null],"character_chosen":"IRONCLAD","items_purchased":["Metallicize","HornCleat","Bottled Tornado","FairyPotion"],"campfire_rested":2,"item_purchase_floors":[14,30,39,48],"current_hp_per_floor":[76,75,74,50,50,50,27,51,51,51,53,56,56,56,56,55,81,65,44,44,44,42,42,40,40,40,40,44,44,44,44,44,44,44,44,44,44,44,44,11,15,28,38,44,49,54,54,54,54,54],"gold":35,"neow_bonus":"TEN_PERCENT_HP_BONUS","is_daily":false,"chose_seed":false,"campfire_upgraded":8,"win_rate":0.0,"timestamp":1612180438,"path_taken":["M","M","M","M","?","R","E","R","T","R","E","M","M","$","R","BOSS","M","?","?","?","?","R","M","R","T","R","E","M","$","?","R","BOSS","M","?","M","?","$","E","M","R","T","E","M","?","?","?","R","BOSS"],"items_purchased_type":["Card","Relic","Relic","Potion"],"build_version":"2020-12-22","purchased_purges":0,"victory":true,"max_hp_per_floor":[82,82,82,82,82,82,82,82,82,82,89,89,89,89,89,89,89,89,44,44,44,44,44,44,44,44,44,44,44,44,44,44,44,44,44,44,44,44,44,44,44,44,54,54,54,54,54,54,54,54],"card_choices":[{"not_picked":["Twin Strike","Warcry"],"picked":"Sever Soul","floor":1.0},{"not_picked":["Power Through","Rupture"],"picked":"True Grit","floor":2.0},{"not_picked":["Body Slam","Battle Trance"],"picked":"Infernal Blade","floor":3.0},{"not_picked":["Anger","Fire Breathing"],"picked":"Warcry","floor":4.0},{"not_picked":["Clash","True Grit"],"picked":"Intimidate","floor":7.0},{"not_picked":["Brutality","Perfected Strike"],"picked":"Armaments","floor":11.0},{"not_picked":["Perfected Strike","Twin Strike"],"picked":"Pummel","floor":12.0},{"not_picked":["Wild Strike","Cleave"],"picked":"Disarm","floor":13.0},{"not_picked":["Offering","Brutality"],"picked":"Fiend Fire","floor":16.0},{"not_picked":["True Grit","Infernal Blade"],"picked":"Shockwave+1","floor":18.0},{"not_picked":["Twin Strike","Sword Boomerang"],"picked":"Cleave","floor":21.0},{"not_picked":["Fire Breathing","Iron Wave","Body Slam"],"picked":"SKIP","floor":22.0},{"not_picked":["Dual Wield","Sever Soul"],"picked":"Whirlwind","floor":24.0},{"not_picked":["Intimidate","Havoc"],"picked":"Armaments+1","floor":28.0},{"not_picked":["Headbutt","Heavy Blade"],"picked":"Inflame+1","floor":29.0},{"not_picked":["Sentinel","Heavy Blade"],"picked":"Barricade","floor":31.0},{"not_picked":["Impervious","Double Tap"],"picked":"Exhume","floor":33.0},{"not_picked":["Heavy Blade+1","Cleave+1"],"picked":"Entrench","floor":35.0},{"not_picked":["Heavy Blade","Clash","Cleave+1"],"picked":"SKIP","floor":37.0},{"not_picked":["Perfected Strike+1","Headbutt"],"picked":"Iron Wave+1","floor":40.0},{"not_picked":["Havoc","Sword Boomerang"],"picked":"Bludgeon","floor":41.0},{"not_picked":["Sentinel","Shrug It Off"],"picked":"Body Slam","floor":44.0},{"not_picked":["Wild Strike+1","Carnage+1"],"picked":"Body Slam","floor":45.0},{"not_picked":["Twin Strike","Flex"],"picked":"Shrug It Off+1","floor":47.0}],"player_experience":648625,"relics_obtained":[{"floor":7.0,"key":"Matryoshka"},{"floor":9.0,"key":"Bronze Scales"},{"floor":9.0,"key":"Nunchaku"},{"floor":11.0,"key":"Strawberry"},{"floor":21.0,"key":"Red Mask"},{"floor":26.0,"key":"Smiling Mask"},{"floor":26.0,"key":"War Paint"},{"floor":28.0,"key":"CaptainsWheel"},{"floor":40.0,"key":"Letter Opener"},{"floor":43.0,"key":"Pear"},{"floor":44.0,"key":"Dream Catcher"}],"event_choices":[{"damage_healed":0.0,"max_hp_gain":0.0,"max_hp_loss":0.0,"gold_gain":59.0,"event_name":"Golden Wing","player_choice":"Gained Gold","floor":5.0,"gold_loss":0.0,"damage_taken":0.0},{"damage_healed":0.0,"max_hp_gain":0.0,"max_hp_loss":45.0,"gold_gain":0.0,"event_name":"Ghosts","player_choice":"Became a Ghost","floor":19.0,"gold_loss":0.0,"damage_taken":0.0,"cards_obtained":["Ghostly","Ghostly","Ghostly"]},{"damage_healed":0.0,"max_hp_gain":0.0,"max_hp_loss":0.0,"gold_gain":0.0,"event_name":"Back to Basics","player_choice":"Simplicity","floor":20.0,"gold_loss":0.0,"damage_taken":0.0,"cards_upgraded":["Strike_R","Strike_R","Strike_R","Strike_R","Strike_R","Defend_R","Defend_R","Defend_R","Defend_R"]},{"damage_healed":0.0,"max_hp_gain":0.0,"max_hp_loss":0.0,"gold_gain":0.0,"event_name":"Masked Bandits","player_choice":"Fought Bandits","floor":21.0,"gold_loss":0.0,"damage_taken":0.0},{"damage_healed":0.0,"max_hp_gain":0.0,"max_hp_loss":0.0,"gold_gain":0.0,"cards_transformed":["Whirlwind"],"event_name":"Transmorgrifier","player_choice":"Transformed","floor":36.0,"gold_loss":0.0,"damage_taken":0.0,"cards_obtained":["Reckless Charge"]},{"damage_healed":5.0,"max_hp_gain":0.0,"max_hp_loss":0.0,"gold_gain":0.0,"event_name":"Wheel of Change","player_choice":"Full Heal","floor":46.0,"gold_loss":0.0,"damage_taken":0.0}],"is_beta":false,"boss_relics":[{"not_picked":["Black Star","Empty Cage"],"picked":"Runic Pyramid"},{"not_picked":["Astrolabe","Sozu"],"picked":"SlaversCollar"}],"items_purged_floors":[],"is_endless":false,"potions_floor_spawned":[4,7,12,21,22,29,40,44],"ascension_level":18}}