{"host":"gfxjwtol062e9znw","time":1612185262,"event":{"mods":["BaseMod","Colored Map","Minty Spire (QoL Compilation)"],"gold_per_floor":[113,113,124,143,143,143,159,159,159,188,188,205,238,20,20,117,117,97,114,39,58,8,8,8,8,35,48,48,67,100,100,100,198,198,211,211,211,229,107,107,136,136,136,136,171,19,33,33,33,33],"floor_reached":51,"language":"ENG","playtime":2139,"items_purged":["Defend_R","Defend_R"],"score":1063,"play_id":"e71b9ef9-2ce1-4716-bcfa-414e56878d01","local_time":"20210202001422","is_ascension_mode":true,"campfire_choices":[{"data":"Uppercut","floor":6.0,"key":"SMITH"},{"data":"Double Tap","floor":8.0,"key":"SMITH"},{"data":"Spot Weakness","floor":11.0,"key":"SMITH"},{"data":"Heavy Blade","floor":15.0,"key":"SMITH"},{"data":"Demon Form","floor":23.0,"key":"SMITH"},{"floor":28.0,"key":"REST"},{"floor":32.0,"key":"REST"},{"data":"Corruption","floor":40.0,"key":"SMITH"},{"data":"Whirlwind","floor":42.0,"key":"SMITH"},{"floor":49,"key":"REST"}],"circlet_count":0,"master_deck":["Strike_R","Defend_R+1","Bash+1","Corruption+1","Power Through","Double Tap+1","Uppercut+1","Spot Weakness+1","Feed","Pommel Strike","Heavy Blade+1","Demon Form+1","Cleave","Fire Breathing+1","Whirlwind+1","Sword Boomerang","Immolate","Thunderclap","Wild Strike","Battle Trance","Disarm+1","Power Through","Power Through","Whirlwind"],"relics":["Burning Blood","Eternal Feather","Matryoshka","MealTicket","Akabeko","Mark of Pain","Potion Belt","Smiling Mask","Bag of Preparation","Juzu Bracelet","Strawberry","Empty Cage","Oddly Smooth Stone","Meat on the Bone","Toy Ornithopter"],"acts_visited":["Exordium","TheCity","TheBeyond"],"potions_floor_usage":[50,50,50,50],"damage_taken":[{"damage":10.0,"enemies":"2 Louse","floor":1.0,"turns":3.0},{"damage":6.0,"enemies":"Cultist","floor":3.0,"turns":5.0},{"damage":0.0,"enemies":"Small Slimes","floor":4.0,"turns":4.0},{"damage":0.0,"enemies":"Looter","floor":7.0,"turns":3.0},{"damage":2.0,"enemies":"Lagavulin","floor":10.0,"turns":5.0},{"damage":1.0,"enemies":"Blue Slaver","floor":12.0,"turns":3.0},{"damage":30.0,"enemies":"3 Sentries","floor":13.0,"turns":6.0},{"damage":46.0,"enemies":"Slime Boss","floor":16.0,"turns":12.0},{"damage":22.0,"enemies":"2 Thieves","floor":18.0,"turns":4.0},{"damage":12.0,"enemies":"Chosen","floor":19.0,"turns":5.0},{"damage":27.0,"enemies":"Snake Plant","floor":21.0,"turns":4.0},{"damage":10.0,"enemies":"Centurion and Healer","floor":27.0,"turns":4.0},{"damage":10.0,"enemies":"3 Cultists","floor":29.0,"turns":4.0},{"damage":20.0,"enemies":"Gremlin Leader","floor":30.0,"turns":5.0},{"damage":86.0,"enemies":"Automaton","floor":33.0,"turns":10.0},{"damage":0.0,"enemies":"3 Darklings","floor":35.0,"turns":2.0},{"damage":16.0,"enemies":"3 Shapes","floor":38.0,"turns":2.0},{"damage":34.0,"enemies":"Nemesis","floor":41.0,"turns":5.0},{"damage":32.0,"enemies":"Reptomancer","floor":45.0,"turns":5.0},{"damage":30,"enemies":"Jaw Worm Horde","floor":47,"turns":3},{"damage":114,"enemies":"Donu and Deca","floor":50,"turns":7}],"seed_played":"281956396322329641","potions_obtained":[{"floor":3.0,"key":"SpeedPotion"},{"floor":4.0,"key":"DistilledChaos"},{"floor":7.0,"key":"FearPotion"},{"floor":12.0,"key":"Dexterity Potion"},{"floor":27.0,"key":"FairyPotion"},{"floor":30.0,"key":"SpeedPotion"},{"floor":33.0,"key":"Regen Potion"},{"floor":37.0,"key":"EssenceOfSteel"},{"floor":37.0,"key":"Explosive Potion"},{"floor":37.0,"key":"EssenceOfSteel"},{"floor":45.0,"key":"Regen Potion"},{"floor":47,"key":"LiquidMemories"}],"is_trial":false,"path_per_floor":["M","?","M","M","?","R","M","R","T","E","R","M","E","$","R","B",null,"M","M","?","M","$","R","?","?","T","M","R","M","E","T","R","B",null,"M","?","?","M","$","R","E","R","T","?","E","$","M","?","R","B",null],"character_chosen":"IRONCLAD","items_purchased":["Akabeko","PowerPotion","Battle Trance","Energy Potion","BloodPotion","BloodPotion"],"campfire_rested":3,"item_purchase_floors":[14,22,39,39,46,46],"current_hp_per_floor":[68,52,52,58,50,50,56,56,56,60,69,77,56,71,80,40,75,59,56,56,38,53,62,44,44,44,40,81,77,63,70,104,24,84,90,90,90,80,95,104,88,100,100,100,74,89,65,65,107,66],"gold":33,"neow_bonus":"ONE_RANDOM_RARE_CARD","is_daily":false,"chose_seed":false,"campfire_upgraded":7,"win_rate":0.0,"timestamp":1612185262,"path_taken":["M","?","M","M","?","R","M","R","T","E","R","?","E","$","R","BOSS","M","M","?","M","$","R","?","?","T","M","R","M","E","?","R","BOSS","M","?","?","M","$","R","E","R","T","?","E","$","M","?","R","BOSS"],"items_purchased_type":["Relic","Potion","Card","Potion","Potion","Potion"],"build_version":"2020-12-22","purchased_purges":2,"victory":true,"max_hp_per_floor":[80,80,80,80,80,80,80,80,80,80,80,83,86,86,86,86,86,86,89,89,92,92,92,97,97,97,97,97,97,97,104,104,104,104,104,104,104,104,104,104,107,107,107,107,107,107,107,107,107,107],"card_choices":[{"not_picked":["Headbutt","Armaments"],"picked":"Power Through","floor":1.0},{"not_picked":["Havoc","Shrug It Off"],"picked":"Double Tap","floor":3.0},{"not_picked":["Wild Strike","Iron Wave"],"picked":"Uppercut","floor":4.0},{"not_picked":["Clothesline","Inflame"],"picked":"Spot Weakness","floor":7.0},{"not_picked":["Reckless Charge","Wild Strike"],"picked":"Feed","floor":10.0},{"not_picked":["Body Slam","Inflame"],"picked":"Pommel Strike","floor":12.0},{"not_picked":["Anger","Shrug It Off"],"picked":"Heavy Blade","floor":13.0},{"not_picked":["Feed","Barricade"],"picked":"Demon Form","floor":16.0},{"not_picked":["Infernal Blade","Rampage"],"picked":"Cleave","floor":18.0},{"not_picked":["Thunderclap","True Grit"],"picked":"Fire Breathing+1","floor":19.0},{"not_picked":["Body Slam","Dark Embrace","Warcry"],"picked":"SKIP","floor":21.0},{"not_picked":["Wild Strike","Cleave"],"picked":"Whirlwind","floor":27.0},{"not_picked":["Body Slam","Demon Form"],"picked":"Sword Boomerang","floor":29.0},{"not_picked":["Perfected Strike","Pommel Strike","True Grit"],"picked":"SKIP","floor":30.0},{"not_picked":["Corruption","Reaper"],"picked":"Immolate","floor":33.0},{"not_picked":["Rage+1","Warcry"],"picked":"Thunderclap","floor":35.0},{"not_picked":["Sword Boomerang","Body Slam"],"picked":"Wild Strike","floor":38.0},{"not_picked":["Twin Strike+1","Second Wind+1"],"picked":"Disarm+1","floor":41.0},{"not_picked":["Iron Wave","Dark Embrace+1"],"picked":"Power Through","floor":45.0},{"not_picked":["Dark Embrace+1","Sever Soul"],"picked":"Power Through","floor":47}],"player_experience":59560,"relics_obtained":[{"floor":9.0,"key":"Eternal Feather"},{"floor":10.0,"key":"Matryoshka"},{"floor":13.0,"key":"MealTicket"},{"floor":26.0,"key":"Potion Belt"},{"floor":26.0,"key":"Smiling Mask"},{"floor":30.0,"key":"Bag of Preparation"},{"floor":31.0,"key":"Juzu Bracelet"},{"floor":31.0,"key":"Strawberry"},{"floor":41.0,"key":"Oddly Smooth Stone"},{"floor":43.0,"key":"Meat on the Bone"},{"floor":45.0,"key":"Toy Ornithopter"}],"event_choices":[{"damage_healed":0.0,"max_hp_gain":0.0,"max_hp_loss":0.0,"gold_gain":0.0,"event_name":"Shining Light","player_choice":"Entered Light","floor":2.0,"gold_loss":0.0,"damage_taken":16.0,"cards_upgraded":["Bash","Defend_R"]},{"damage_healed":0.0,"max_hp_gain":0.0,"max_hp_loss":0.0,"gold_gain":0.0,"event_name":"Wheel of Change","player_choice":"Damaged","floor":5.0,"gold_loss":0.0,"damage_taken":8.0},{"cards_removed":["Strike_R"],"damage_healed":0.0,"max_hp_gain":0.0,"max_hp_loss":0.0,"gold_gain":0.0,"event_name":"Beggar","player_choice":"Gave Gold","floor":20.0,"gold_loss":75.0,"damage_taken":0.0},{"damage_healed":0.0,"max_hp_gain":5.0,"max_hp_loss":0.0,"gold_gain":0.0,"event_name":"Forgotten Altar","player_choice":"Shed Blood","floor":24.0,"gold_loss":0.0,"damage_taken":23.0},{"damage_healed":0.0,"max_hp_gain":0.0,"max_hp_loss":0.0,"gold_gain":0.0,"event_name":"Vampires","player_choice":"Ignored","floor":25.0,"gold_loss":0.0,"damage_taken":0.0},{"cards_removed":["Defend_R"],"damage_healed":0.0,"max_hp_gain":0.0,"max_hp_loss":0.0,"gold_gain":0.0,"event_name":"Falling","player_choice":"Removed Skill","floor":36.0,"gold_loss":0.0,"damage_taken":0.0},{"damage_healed":0.0,"max_hp_gain":0.0,"max_hp_loss":0.0,"gold_gain":0.0,"event_name":"Lab","player_choice":"Got Potions","floor":37.0,"gold_loss":0.0,"damage_taken":0.0},{"damage_healed":0.0,"max_hp_gain":0.0,"max_hp_loss":0.0,"gold_gain":0.0,"event_name":"Tomb of Lord Red Mask","player_choice":"Ignored","floor":44.0,"gold_loss":0.0,"damage_taken":0.0},{"damage_healed":0,"gold_gain":0,"cards_transformed":["Strike_R"],"player_choice":"Transformed","damage_taken":0,"max_hp_gain":0,"max_hp_loss":0,"event_name":"Transmorgrifier","floor":48,"gold_loss":0,"cards_obtained":["Whirlwind"]}],"is_beta":false,"boss_relics":[{"not_picked":["Black Star","Tiny House"],"picked":"Mark of Pain"},{"not_picked":["Coffee Dripper","Calling Bell"],"picked":"Empty Cage"}],"items_purged_floors":[14,46],"is_endless":false,"potions_floor_spawned":[3,4,7,12,27,30,33,45,47],"ascension_level":8}}