{"host":"mdczi372un7rsq30","time":1612150300,"event":{"mods":["BaseMod","Colored Map","Conspire","Downfall","Hubris","Infinite Spire","Minty Spire (QoL Compilation)","Replay The Spire","StSLib","The Animator","The Necromancer"],"gold_per_floor":[110,154,3,23,33,33,67,67,67,67,117,117,8,34,34,135,135,161,86,86,86,86,86,121,121,121,153,153,1,1,45,45,157,157,183,183,210,110,110,150,150,169,169,169,169,238,88,88,88,92,92],"floor_reached":50,"language":"ENG","playtime":2233,"items_purged":["Strike_W","Doubt"],"score":508,"play_id":"793f16ad-aab9-4fc6-94e6-05c6105afb5a","local_time":"20210201043140","is_ascension_mode":false,"campfire_choices":[{"data":"Negative_Energy_Arrows","floor":6,"key":"SMITH"},{"data":"Blood_Curse","floor":8,"key":"SMITH"},{"floor":10,"key":"REST"},{"data":"Cloudkill","floor":23,"key":"SMITH"},{"floor":25,"key":"REST"},{"data":"Finger_Of_Death","floor":28,"key":"SMITH"},{"data":"Summon_Vampire_Lady","floor":32,"key":"SMITH"},{"floor":41,"key":"REST"},{"data":"Spectral_Walk","floor":45,"key":"SMITH"},{"floor":49,"key":"RECALL"}],"circlet_count":0,"master_deck":["Defend_W","Defend_W","Defend_W","Defend_W","Negative_Energy_Arrows+1","Bone_Wall","Necrotic_Claws+1","Blood_Curse+1","Acid_Javelin+1","Spectral_Walk+1","Scare","Grasp_Heart","Summon_Vampire_Lady+1","Summon_Lich","Finger_Of_Death+1","Bone_Shift","Cloudkill+1","Pandemic+1","Spectral_Walk","Slimebound:Tackle+1","Slimebound:Tackle+1","Slimebound:Tackle+1","Blood_Curse+1","Finger_Of_Death+1","Scare","hubris:Sloth","Toxic_Smoke_Screen","Grasp_Heart","Bone_Armor+1","Vampiric_Strike+1","Scare","Vampiric_Strike+1","Bone_Armor+1"],"relics":["Vampire_Amulet","NeowsBlessing","ReplayTheSpireMod:Shallot","Whetstone","Replay:Bandana","Gremlin Horn","Replay:Ancient Bell","Juzu Bracelet","Blue Candle","Prayer Wheel","Durian","hubris:TenFootPole","hubris:PeanutButter","Lee\u0027s Waffle","hubris:CrystalStatue","infinitespire:BottledMercury","conspire:RoyalGoblet","hubris:Towel","Happy Flower","hubris:MedicalManual","hubris:Reverence","Strange Spoon","hubris:Icosahedron"],"acts_visited":["Exordium","TheCity","TheBeyond"],"potions_floor_usage":[14,31,31,40,42,50],"damage_taken":[{"damage":0,"enemies":"2 Louse","floor":1,"turns":1},{"damage":0,"enemies":"Cultist","floor":4,"turns":1},{"damage":0,"enemies":"Small Slimes","floor":5,"turns":1},{"damage":10,"enemies":"Gremlin Nob","floor":7,"turns":3},{"damage":25,"enemies":"3 Sentries","floor":11,"turns":7},{"damage":12,"enemies":"Exordium Thugs","floor":14,"turns":3},{"damage":42,"enemies":"The Guardian","floor":16,"turns":8},{"damage":18,"enemies":"Spheric Guardian","floor":18,"turns":4},{"damage":44,"enemies":"Book of Stabbing","floor":24,"turns":6},{"damage":0,"enemies":"Shell Parasite","floor":27,"turns":6},{"damage":3,"enemies":"Gremlin Leader","floor":31,"turns":5},{"damage":33,"enemies":"conspire:MysteriousRune","floor":33,"turns":9},{"damage":47,"enemies":"3 Darklings","floor":35,"turns":7},{"damage":17,"enemies":"Orb Walker","floor":37,"turns":5},{"damage":44,"enemies":"R_Hoarder","floor":40,"turns":7},{"damage":0,"enemies":"Transient","floor":42,"turns":5},{"damage":103,"enemies":"conspire:OrnateMirror","floor":50,"turns":10}],"seed_played":"-6008906060214119909","potions_obtained":[{"floor":7,"key":"SmokeBomb"},{"floor":11,"key":"Block Potion"},{"floor":16,"key":"Guardian:BlockOnCardUsePotion"},{"floor":24,"key":"Regen Potion"},{"floor":40,"key":"LifebloodPotion"},{"floor":42,"key":"AttackPotion"}],"is_trial":false,"path_per_floor":["M","?","$","M","M","R","E","R","T","R","E","?","$","M","R_BF","B",null,"M","?","?","AVR","?","R","E","R","T","M","R","$","?","E","R","B",null,"M","?","M","$","?","E","R","M","T","?","R","T","$","?","R_BF","B"],"character_chosen":"NECROMANCER","items_purchased":["Whetstone","Summon_Lich","Lee\u0027s Waffle","Strange Spoon"],"campfire_rested":3,"item_purchase_floors":[3,13,29,47],"current_hp_per_floor":[75,45,45,47,51,51,43,43,43,65,46,46,46,44,44,25,75,59,59,59,64,64,64,22,46,46,48,48,87,87,84,84,68,87,57,57,42,42,42,9,35,43,43,76,76,76,76,76,76,0,0],"gold":92,"neow_bonus":"THREE_ENEMY_KILL","is_daily":false,"chose_seed":false,"campfire_upgraded":6,"win_rate":0.0,"timestamp":1612150300,"path_taken":["M","?","$","?","M","R","E","R","T","R","E","?","?","?","R_BF","BOSS","M","?","?","AVR","?","R","E","R","T","M","R","$","?","E","R","BOSS","M","?","M","$","?","E","R","M","T","?","R","?","$","?","R_BF","BOSS"],"items_purchased_type":["Relic","Card","Relic","Relic"],"build_version":"2020-12-22","purchased_purges":2,"victory":false,"max_hp_per_floor":[75,75,75,75,75,75,75,75,75,75,75,75,75,75,75,75,75,75,75,75,80,80,80,80,80,80,80,80,87,87,87,87,87,87,87,87,87,87,87,87,87,87,87,76,76,76,76,76,76,76,76],"card_choices":[{"not_picked":["Negative_Energy_Burst","Blood_Whip"],"picked":"Necrotic_Claws","floor":1},{"not_picked":["Violent_Necrosis","Negative_Energy_Mist"],"picked":"Blood_Curse","floor":2},{"not_picked":["Consume_Illness","Negative_Energy_Burst"],"picked":"Acid_Javelin","floor":2},{"not_picked":["Chill_Blood","Spectral_Walk","Scare"],"picked":"SKIP","floor":4},{"not_picked":["Chill_Blood","Scare"],"picked":"Spectral_Walk","floor":4},{"not_picked":["Blood_Shield","Bone_Shift"],"picked":"Scare","floor":5},{"not_picked":["Negative_Energy_Javelin","Bone_Prison"],"picked":"Grasp_Heart","floor":7},{"not_picked":["Reap_The_Weak","Siphon_Strength"],"picked":"Summon_Vampire_Lady","floor":11},{"not_picked":["Blood_Curse","Thousand_Bone_Knives"],"picked":"Finger_Of_Death","floor":14},{"not_picked":["Hellfire","Blood_Wake"],"picked":"Cloudkill","floor":16},{"not_picked":["downfall:Malfunctioning","Clumsy"],"picked":"Decay","floor":17},{"not_picked":["Spreading Infection","Languid"],"picked":"Doubt","floor":17},{"not_picked":["Overencumbered","hubris:Greed"],"picked":"Shame","floor":17},{"not_picked":["Skeleton_Dragon","Negative_Energy_Mist+1"],"picked":"Pandemic+1","floor":18},{"not_picked":["Negative_Energy_Mist+1","Shackles_Of_Pain"],"picked":"Spectral_Walk","floor":18},{"not_picked":["Whirlwind_of_Bones","Deaths_Shadow"],"picked":"Blood_Curse","floor":24},{"not_picked":["Bone_Spikes+1","Uncharnel+1"],"picked":"Finger_Of_Death+1","floor":27},{"not_picked":["Death_Knell+1","Blood_Shield+1"],"picked":"Scare","floor":27},{"not_picked":["Plague_Bolt","Violent_Necrosis+1"],"picked":"Toxic_Smoke_Screen","floor":31},{"not_picked":["Detonate_Bones","Hellfire"],"picked":"Grasp_Heart","floor":33},{"not_picked":["Chill_Blood","Deaths_Shadow","Death_Coil"],"picked":"SKIP","floor":35},{"not_picked":["Bone_Shift","Strike_from_Beyond","Blood_Shield+1"],"picked":"SKIP","floor":35},{"not_picked":["Necromantic_Selection+1","Consume_Illness"],"picked":"Bone_Armor+1","floor":37},{"not_picked":["Bone_Spikes","Negative_Energy_Mist"],"picked":"Vampiric_Strike+1","floor":37},{"not_picked":["Consume_Illness+1","Bone_Prison"],"picked":"Scare","floor":40},{"not_picked":["Pandemic","Necrotic_Claws"],"picked":"Vampiric_Strike+1","floor":42},{"not_picked":["Blood_Whip","Necromantic_Selection"],"picked":"Bone_Armor+1","floor":42}],"player_experience":136414,"relics_obtained":[{"floor":2,"key":"ReplayTheSpireMod:Shallot"},{"floor":7,"key":"Replay:Bandana"},{"floor":11,"key":"Gremlin Horn"},{"floor":24,"key":"hubris:TenFootPole"},{"floor":26,"key":"hubris:PeanutButter"},{"floor":31,"key":"infinitespire:BottledMercury"},{"floor":40,"key":"Happy Flower"},{"floor":43,"key":"hubris:MedicalManual"},{"floor":46,"key":"hubris:Reverence"}],"event_choices":[{"cards_removed":["Strike_W"],"damage_healed":0,"gold_gain":0,"player_choice":"Offered Basic","damage_taken":0,"max_hp_gain":0,"max_hp_loss":0,"event_name":"Bonfire Elementals","floor":12,"gold_loss":0},{"cards_removed":["Decay"],"damage_healed":0,"gold_gain":0,"player_choice":"Gave Gold","damage_taken":0,"max_hp_gain":0,"max_hp_loss":0,"event_name":"Beggar","floor":19,"gold_loss":75},{"cards_removed":["Shame"],"damage_healed":0,"gold_gain":0,"player_choice":"Card Removal","damage_taken":0,"max_hp_gain":0,"max_hp_loss":0,"event_name":"Wheel of Change","floor":22,"gold_loss":0},{"damage_healed":0,"gold_gain":0,"player_choice":"Forge","damage_taken":0,"max_hp_gain":0,"max_hp_loss":0,"event_name":"Accursed Blacksmith","floor":36,"gold_loss":0,"cards_upgraded":["Blood_Curse"]},{"damage_healed":76,"gold_gain":0,"player_choice":"Heal","damage_taken":0,"max_hp_gain":0,"max_hp_loss":11,"event_name":"The Moai Head","floor":44,"gold_loss":0}],"is_beta":false,"boss_relics":[{"not_picked":["hubris:Stopwatch","Replay:Grab Bag"],"picked":"Replay:Ancient Bell"},{"not_picked":["Tiny Chest","MawBank"],"picked":"Juzu Bracelet"},{"not_picked":["ReplayTheSpireMod:Ninjato","Chameleon Ring"],"picked":"Blue Candle"},{"not_picked":["Gambling Chip","infinitespire:CursedDice"],"picked":"Prayer Wheel"},{"not_picked":["ReplayTheSpireMod:SealedPack","ReplayTheSpireMod:DimensionalGlitch"],"picked":"conspire:RoyalGoblet"}],"items_purged_floors":[13,38],"is_endless":false,"potions_floor_spawned":[7,11,16,24,27,40,42],"killed_by":"conspire:OrnateMirror","ascension_level":0}}