{"host":"jw4qy1ihmjslahm8","time":1612137798,"event":{"mods":["2.2 Compatiblity","Act Like it!","BaseMod","BetterRewards","Colored Map","Downfall","Duelist Mod","GifTheSpireLib","Hallownest","HololiveMod","Hubris","Infinite Spire","KinomotoSakuraMod(ñÿîVñ{?)","Minty Spire (QoL Compilation)","Replay The Spire","StSLib","The Animator","WarShipGirlsR/??è≠èóR mod"],"gold_per_floor":[125,142,153,153,166,151,176,5,21,86,106,122,122,141,158,254,254,254,269,279,279,114,114,114,114,114,114,114,127,127,160,173,268,268,268,268,283,283,283,300,327,352,302,302,334,351,351,378,390,390,390],"floor_reached":50,"language":"ENG","playtime":4430,"items_purged":[],"score":637,"play_id":"c2af7ac2-9945-4e03-a4a1-fcc5c7c69299","local_time":"20210131160318","is_ascension_mode":false,"campfire_choices":[{"data":"theDuelist:LesserDragon","floor":1,"key":"SMITH"},{"data":"theDuelist:TyrantWing","floor":13,"key":"SMITH"},{"data":"theDuelist:WaterDragon","floor":18,"key":"SMITH"},{"data":"theDuelist:Mountain","floor":28,"key":"SMITH"},{"data":"theDuelist:CaveDragon","floor":30,"key":"SMITH"},{"data":"theDuelist:ForbiddenLance+1","floor":35,"key":"SMITH"},{"floor":44,"key":"REST"},{"floor":47,"key":"REST"}],"circlet_count":0,"master_deck":["theDuelist:BabyDragon","theDuelist:CastleWalls","theDuelist:CaveDragon","theDuelist:CaveDragon+1","theDuelist:LesserDragon","theDuelist:LesserDragon+1","theDuelist:Sparks","theDuelist:Sparks","theDuelist:YamataDragon","theDuelist:Raigeki+1","theDuelist:AncientPixieDragon","theDuelist:Nameless:Power:KamionTimelord","theDuelist:TyrantWing+1","theDuelist:WhiteNightDragon","theDuelist:GaiaDragonChamp+1","theDuelist:YamataDragon","theDuelist:LightningDarts","theDuelist:ScrapIronScarecrow","theDuelist:Mountain+1","theDuelist:MoltenDestruction","theDuelist:StrayLambs","theDuelist:WaterDragon+1","theDuelist:BarrelDragon","theDuelist:MaskedDragon","theDuelist:EvolutionBurst","Hallownest:curseDreamersLament","theDuelist:ForbiddenLance+2","theDuelist:ThreateningRoar","theDuelist:InfernityDoomDragon+1","theDuelist:WingedDragonRa","theDuelist:SummoningCurse","theDuelist:DarkHorus+1","theDuelist:DragonCaptureJar+2"],"relics":["theDuelist:MillenniumPuzzle","theDuelist:CardPoolRelic","theDuelist:CardPoolBasicRelic","theDuelist:BoosterPackPoolRelic","theDuelist:CardPoolAddRelic","theDuelist:CardPoolMinusRelic","theDuelist:CardPoolSaveRelic","theDuelist:CardPoolOptionsRelic","ReplayTheSpireMod:TigerMarble","Bag of Marbles","Strawberry","Snecko Eye","theDuelist:CursedHealer","Sling","ReplayTheSpireMod:Ring of Challenge","theDuelist:GoldenScale","Red Mask","Hallownest:WatcherSealRelic","hubris:Icosahedron","hubris:AncientText","Ooze Armor","Red Skull","theDuelist:MillenniumSymbol","theDuelist:DuelistOrichalcum","Whetstone","hubris:SphereOfDissonance","infinitespire:Lucky Rock","CaptainsWheel","Pen Nib"],"acts_visited":["Exordium","Hallownest:CityofTears","TheBeyond"],"potions_floor_usage":[10,14,16,16,31,33,45,46,46],"damage_taken":[{"damage":0,"enemies":"2 Louse","floor":2,"turns":1},{"damage":0,"enemies":"Cultist","floor":3,"turns":2},{"damage":2,"enemies":"Jaw Worm","floor":5,"turns":2},{"damage":0,"enemies":"downfall:FleeingMerchant","floor":6,"turns":5},{"damage":9,"enemies":"downfall:FleeingMerchant","floor":8,"turns":4},{"damage":0,"enemies":"Exordium Thugs","floor":9,"turns":3},{"damage":1,"enemies":"Lagavulin Event","floor":10,"turns":5},{"damage":6,"enemies":"Lots of Slimes","floor":11,"turns":2},{"damage":4,"enemies":"2 Fungi Beasts","floor":12,"turns":2},{"damage":2,"enemies":"Large Slime","floor":14,"turns":3},{"damage":4,"enemies":"Red Slaver","floor":15,"turns":2},{"damage":13,"enemies":"WA_ARCHETYPE_RETAIN","floor":16,"turns":6},{"damage":7,"enemies":"Hallownest:Flukemon_and_Top","floor":19,"turns":6},{"damage":19,"enemies":"Hallownest:3_Youths","floor":20,"turns":5},{"damage":12,"enemies":"downfall:FleeingMerchant","floor":22,"turns":4},{"damage":3,"enemies":"Hallownest:2_Flukemon","floor":29,"turns":7},{"damage":33,"enemies":"Nightmare","floor":31,"turns":5},{"damage":20,"enemies":"Hallownest:Master_and_Novice","floor":32,"turns":5},{"damage":32,"enemies":"DF_ARCHETYPE_CLAW","floor":33,"turns":6},{"damage":14,"enemies":"Orb Walker","floor":37,"turns":4},{"damage":15,"enemies":"3 Darklings","floor":40,"turns":5},{"damage":12,"enemies":"downfall:FleeingMerchant","floor":43,"turns":4},{"damage":33,"enemies":"Nightmare","floor":45,"turns":8},{"damage":60,"enemies":"Transient","floor":46,"turns":5},{"damage":16,"enemies":"Reptomancer","floor":48,"turns":4},{"damage":9,"enemies":"4 Shapes","floor":49,"turns":4},{"damage":46,"enemies":"IC_BLOCK_ARCHETYPE","floor":50,"turns":2}],"seed_played":"-8890744817346246569","potions_obtained":[{"floor":0,"key":"theDuelist:ReducerPotion"},{"floor":0,"key":"ColorlessPotion"},{"floor":0,"key":"sneckomod:MuddlingPotion"},{"floor":2,"key":"theDuelist:StunPotion"},{"floor":3,"key":"theDuelist:DragonfirePotion"},{"floor":10,"key":"Energy Potion"},{"floor":16,"key":"hexamod:SoulburnPotion"},{"floor":29,"key":"champ:CounterPotion"},{"floor":33,"key":"LiquidBronze"},{"floor":37,"key":"PowerPotion"},{"floor":45,"key":"LifebloodPotion"},{"floor":49,"key":"champ:CounterPotion"}],"is_trial":false,"path_per_floor":["R","M","M","?","M","$","T","$","M","?","M","M","R","M","M","B",null,"R","M","M","?","$","?","T","?","?","?","R","M","R","NM","M","B",null,"R","T","M","?","?","M","T","T","$","R","NM","M","R","E","M","B"],"character_chosen":"THE_DUELIST","items_purchased":["Bag of Marbles","Sling","hubris:SphereOfDissonance","infinitespire:Lucky Rock"],"campfire_rested":2,"item_purchase_floors":[8,22,43,43],"current_hp_per_floor":[80,80,80,98,96,96,96,87,87,93,87,83,83,81,77,64,105,105,98,79,104,92,92,92,92,92,92,92,89,89,56,36,4,105,105,105,91,91,91,76,76,76,64,95,62,2,33,17,8,0,0],"gold":390,"neow_bonus":"THREE_SMALL_POTIONS","is_daily":false,"chose_seed":false,"campfire_upgraded":6,"win_rate":0.0,"timestamp":1612137798,"path_taken":["R","M","M","?","?","$","T","?","M","?","M","M","R","M","M","BOSS","R","M","M","?","?","?","T","?","?","?","R","M","R","NM","M","BOSS","R","?","M","?","?","M","T","?","$","R","NM","M","R","E","M","BOSS"],"items_purchased_type":["Relic","Relic","Relic","Relic"],"build_version":"2020-12-22","purchased_purges":0,"victory":false,"max_hp_per_floor":[80,80,80,98,98,98,98,98,98,105,105,105,105,105,105,105,105,105,105,105,105,105,105,105,105,105,105,105,105,105,105,105,105,105,105,105,105,105,105,105,105,105,105,105,105,105,105,105,105,105,105],"card_choices":[{"not_picked":["theDuelist:BattleguardKing","theDuelist:BigFire","theDuelist:LightningDarts","theDuelist:RainbowOverdragon"],"picked":"theDuelist:Raigeki","floor":2},{"not_picked":["theDuelist:CyberDinosaur","theDuelist:BlackStego","theDuelist:CaveDragon","theDuelist:HazyFlameHydra"],"picked":"theDuelist:AncientPixieDragon","floor":3},{"not_picked":["theDuelist:CyberValley","theDuelist:BabyDragon","theDuelist:CloudianGhost","theDuelist:ScrapIronScarecrow"],"picked":"theDuelist:TyrantWing","floor":5},{"not_picked":["theDuelist:WaterDragonCluster","theDuelist:FrostflameDragon","theDuelist:DragonZombie","theDuelist:BackgroundDragon"],"picked":"theDuelist:WhiteNightDragon","floor":6},{"not_picked":["theDuelist:SurvivalFittest","theDuelist:DragonMastery"],"picked":"theDuelist:GaiaDragonChamp","floor":8},{"not_picked":["theDuelist:TwinHeadedFire","theDuelist:TwinBarrelDragon","theDuelist:CyberValley","theDuelist:BlackStego"],"picked":"theDuelist:YamataDragon","floor":9},{"not_picked":["theDuelist:BattleguardKing","theDuelist:Hinotama","theDuelist:RainbowOverdragon","theDuelist:SmashingGround"],"picked":"theDuelist:LightningDarts","floor":10},{"not_picked":["theDuelist:MaskedDragon","theDuelist:Earthquake","theDuelist:DragonPiper","theDuelist:Mountain"],"picked":"theDuelist:ScrapIronScarecrow","floor":11},{"not_picked":["theDuelist:StampingDestruction","theDuelist:MoltenDestruction","theDuelist:DragonTreasure","theDuelist:SilverWing"],"picked":"theDuelist:Mountain","floor":12},{"not_picked":["theDuelist:LesserDragon","theDuelist:FrostflameDragon","theDuelist:BabyDragon","theDuelist:FireDarts"],"picked":"theDuelist:MoltenDestruction","floor":14},{"not_picked":["theDuelist:BattleguardKing","theDuelist:ScrapFactory","theDuelist:Jinzo","theDuelist:BlueBloodedOni"],"picked":"theDuelist:StrayLambs","floor":15},{"not_picked":["theDuelist:TailSwipe","theDuelist:StardustDragon","theDuelist:SliferSky","theDuelist:BlasterDragonInfernos"],"picked":"theDuelist:WaterDragon","floor":16},{"not_picked":["theDuelist:Kabazauls","theDuelist:CyberTwinDragon","theDuelist:BlackPtera","theDuelist:TrihornedDragon"],"picked":"theDuelist:BarrelDragon","floor":19},{"not_picked":["theDuelist:MadSwordBeast","theDuelist:BlackPtera","theDuelist:TwinHeadedBehemoth","theDuelist:CyberDragon"],"picked":"theDuelist:MaskedDragon","floor":20},{"not_picked":["theDuelist:SpiralSpearStrike","theDuelist:GravityLash","theDuelist:Scapegoat","theDuelist:BerserkScales"],"picked":"theDuelist:EvolutionBurst","floor":22},{"not_picked":["theDuelist:BattleguardKing","theDuelist:Hinotama+1","theDuelist:LightningDarts","theDuelist:RainbowOverdragon"],"picked":"theDuelist:ForbiddenLance+1","floor":29},{"not_picked":["theDuelist:MirageDragon","theDuelist:CloudianGhost","theDuelist:HazyFlameHydra","theDuelist:CurseDragon+1"],"picked":"theDuelist:ThreateningRoar","floor":31},{"not_picked":["theDuelist:TwinBarrelDragon+1","theDuelist:Hydrogeddon","theDuelist:SnowdustDragon","theDuelist:AncientGearGadjiltron"],"picked":"theDuelist:InfernityDoomDragon+1","floor":32},{"not_picked":["theDuelist:WaterDragon","theDuelist:SurvivalFittest","theDuelist:SeismicShockwave","theDuelist:ChimeratechOverdragon"],"picked":"theDuelist:WingedDragonRa","floor":33},{"not_picked":["theDuelist:BlackPtera+1","theDuelist:HazyFlameHydra","theDuelist:DragonPiper+1","theDuelist:DefenseZone+1","theDuelist:BusterDrake"],"picked":"SKIP","floor":37},{"not_picked":["theDuelist:Pyrorex+1","theDuelist:Destroyersaurus","theDuelist:CyberDinosaur+1","theDuelist:BlackPtera+1","theDuelist:Babycerasaurus"],"picked":"SKIP","floor":40},{"not_picked":["theDuelist:Hydrogeddon","theDuelist:CyberValley","theDuelist:CurseDragon+1","theDuelist:BlackTyranno"],"picked":"theDuelist:DarkHorus+1","floor":43},{"not_picked":["theDuelist:VeilDarkness+1","theDuelist:TyrantWing","theDuelist:SpiralSpearStrike+1","theDuelist:DefenseZone+1"],"picked":"theDuelist:DragonCaptureJar+2","floor":45},{"not_picked":["theDuelist:TrihornedDragon","theDuelist:CyberTwinDragon","theDuelist:BarrelDragon","theDuelist:BlackPtera","theDuelist:BlackBrachios"],"picked":"SKIP","floor":46},{"not_picked":["theDuelist:MadFlameKaiju","theDuelist:Destroyersaurus+1","theDuelist:BlackStego+1","theDuelist:BlackPtera","theDuelist:Lancephorhynchus"],"picked":"SKIP","floor":48},{"not_picked":["theDuelist:TrihornedDragon","theDuelist:MadFlameKaiju+1","theDuelist:BlackStego","theDuelist:MadSwordBeast+1","theDuelist:BlackTyranno"],"picked":"SKIP","floor":49}],"player_experience":52449,"relics_obtained":[{"floor":7,"key":"ReplayTheSpireMod:TigerMarble"},{"floor":23,"key":"ReplayTheSpireMod:Ring of Challenge"},{"floor":24,"key":"theDuelist:GoldenScale"},{"floor":31,"key":"hubris:AncientText"},{"floor":36,"key":"Red Skull"},{"floor":41,"key":"theDuelist:DuelistOrichalcum"},{"floor":42,"key":"Whetstone"},{"floor":45,"key":"CaptainsWheel"},{"floor":48,"key":"Pen Nib"}],"event_choices":[{"power_reward":4,"total_magic_score":34,"gold_gain":0,"duelist":true,"damage_taken":0,"relics_obtained":[],"points":8,"max_hp_gain":18,"max_hp_loss":0,"spent_points":{"magic":0,"greed":0,"war":0,"power":4,"hunger":4},"event_name":"Nameless Tomb","hunger_reward":4,"floor":4,"gold_loss":0,"cards_obtained":["theDuelist:Nameless:Power:KamionTimelord"]},{"damage_healed":0,"gold_gain":0,"player_choice":"Succumb - +25HP/Cursed Relic","duelist":true,"damage_taken":0,"max_hp_gain":0,"max_hp_loss":0,"event_name":"Tomb of the Nameless","floor":21,"gold_loss":0},{"cards_removed":["theDuelist:CastleWalls"],"damage_healed":0,"gold_gain":0,"player_choice":"Removed Skill","damage_taken":0,"max_hp_gain":0,"max_hp_loss":0,"event_name":"Falling","floor":38,"gold_loss":0},{"damage_healed":0,"gold_gain":0,"player_choice":"Took item - Received: Millennium Symbol","duelist":true,"damage_taken":0,"max_hp_gain":0,"max_hp_loss":0,"event_name":"Millennium Items","floor":39,"gold_loss":0}],"is_beta":false,"boss_relics":[{"not_picked":["Empty Cage","infinitespire:Cupcake"],"picked":"Snecko Eye"},{"not_picked":["ChewingGum","Electric Blood"],"picked":"Ooze Armor"}],"items_purged_floors":[],"is_endless":false,"potions_floor_spawned":[2,3,10,11,16,29,33,37,45,49],"killed_by":"IC_BLOCK_ARCHETYPE","ascension_level":0}}