{"host":"c97twqu0op5dg8i4","time":1612143074,"event":{"mods":["AchievementEnabler","BaseMod","Colored Map","Minty Spire (QoL Compilation)","Permanent Neow"],"gold_per_floor":[113,78,150,167,179,179,206,123,123,150,170,199,199,215,215,215,215],"floor_reached":16,"language":"ENG","playtime":458,"items_purged":[],"score":218,"play_id":"a7683ed3-99c9-42cf-bc55-ccf17d3f96c6","local_time":"20210131203114","is_ascension_mode":true,"campfire_choices":[{"floor":13,"key":"REST"},{"floor":15,"key":"REST"}],"circlet_count":0,"master_deck":["AscendersBane","Strike_B","Strike_B","Strike_B","Defend_B","Defend_B","Defend_B","Defend_B","Zap","Dualcast","Hyperbeam","Sweeping Beam","Conserve Battery","Reinforced Body","Turbo","Steam","Leap","Biased Cognition","Beam Cell"],"relics":["Cracked Core","Sundial","Cables","InkBottle","Blood Vial","Meat on the Bone"],"acts_visited":["Exordium"],"potions_floor_usage":[12,12],"damage_taken":[{"damage":7,"enemies":"Jaw Worm","floor":1,"turns":2},{"damage":0,"enemies":"Cultist","floor":4,"turns":2},{"damage":0,"enemies":"Small Slimes","floor":5,"turns":2},{"damage":30,"enemies":"Lagavulin","floor":7,"turns":5},{"damage":28,"enemies":"Gremlin Nob","floor":10,"turns":4},{"damage":0,"enemies":"Exordium Wildlife","floor":11,"turns":2},{"damage":0,"enemies":"3 Sentries","floor":12,"turns":2},{"damage":8,"enemies":"Large Slime","floor":14,"turns":8},{"damage":22,"enemies":"The Guardian","floor":16,"turns":8}],"seed_played":"-5310943259908266763","potions_obtained":[{"floor":5,"key":"DuplicationPotion"},{"floor":7,"key":"DistilledChaos"},{"floor":11,"key":"FocusPotion"},{"floor":12,"key":"Weak Potion"}],"is_trial":false,"path_per_floor":["M","?","T","M","M","?","E","$","T","E","M","E","R","M","R","B"],"character_chosen":"DEFECT","items_purchased":["Reinforced Body","Turbo"],"campfire_rested":2,"item_purchase_floors":[8,8],"current_hp_per_floor":[43,61,61,61,61,61,31,31,31,3,5,7,29,35,57,37,37],"gold":215,"neow_bonus":"THREE_RARE_CARDS","is_daily":false,"chose_seed":false,"campfire_upgraded":0,"win_rate":0.0,"timestamp":1612143074,"path_taken":["M","?","?","?","M","?","E","$","T","E","?","E","R","M","R","BOSS"],"items_purchased_type":["Card","Card"],"build_version":"2020-12-22","purchased_purges":0,"victory":false,"max_hp_per_floor":[75,75,75,75,75,75,75,75,75,75,75,75,75,75,75,75,75],"card_choices":[{"not_picked":["All For One","Seek"],"picked":"Hyperbeam","floor":0},{"not_picked":["Barrage","Darkness","Hello World"],"picked":"SKIP","floor":1},{"not_picked":["Rebound","Heatsinks","Compile Driver"],"picked":"SKIP","floor":4},{"not_picked":["Recycle","Blizzard"],"picked":"Sweeping Beam","floor":5},{"not_picked":["Amplify","Hello World"],"picked":"Conserve Battery","floor":7},{"not_picked":["Cold Snap","Barrage"],"picked":"Steam","floor":10},{"not_picked":["Rebound","Streamline"],"picked":"Leap","floor":11},{"not_picked":["Steam Power","Redo"],"picked":"Biased Cognition","floor":12},{"not_picked":["Cold Snap","Sweeping Beam"],"picked":"Beam Cell","floor":14}],"player_experience":334770,"relics_obtained":[{"floor":3,"key":"Sundial"},{"floor":7,"key":"Cables"},{"floor":9,"key":"InkBottle"},{"floor":10,"key":"Blood Vial"},{"floor":12,"key":"Meat on the Bone"}],"event_choices":[{"damage_healed":18,"gold_gain":0,"player_choice":"Healed","damage_taken":0,"max_hp_gain":0,"max_hp_loss":0,"event_name":"The Cleric","floor":2,"gold_loss":35},{"cards_removed":["Strike_B"],"damage_healed":0,"gold_gain":0,"player_choice":"Purged","damage_taken":0,"max_hp_gain":0,"max_hp_loss":0,"event_name":"Purifier","floor":6,"gold_loss":0}],"is_beta":false,"boss_relics":[],"items_purged_floors":[],"is_endless":false,"potions_floor_spawned":[5,7,11,12],"killed_by":"The Guardian","ascension_level":10}}