{"host":"61y0z9o9vf3ujftj","time":1612163018,"event":{"mods":["BaseMod","Colored Map","Colored Powertips","GifTheSpireLib","HexUI Lib","Highlight Path","Minty Spire (QoL Compilation)","Relic Stats","StSLib","ojb\u0027s Info Mod"],"gold_per_floor":[110,123,140,156,3,3,29,29,55,82,101,119,119,132,132,229,229,240,78,96,96,116,116,145,145,145,145,165,9,9,41,41,137,137,148,161,176,31,51,51,79,79,103,116,16,51,51,81,81,81,81],"floor_reached":50,"language":"ENG","playtime":4526,"items_purged":["Strike_B","Strike_B"],"score":980,"play_id":"c666375a-3886-4eb0-93c5-0e49e25a5e9a","local_time":"20210201010338","is_ascension_mode":true,"campfire_choices":[{"data":"Zap","floor":6.0,"key":"SMITH"},{"data":"Defragment","floor":8.0,"key":"SMITH"},{"data":"Tempest","floor":13,"key":"SMITH"},{"data":"Creative AI","floor":15,"key":"SMITH"},{"floor":23,"key":"REST"},{"data":"Double Energy","floor":25,"key":"SMITH"},{"floor":27,"key":"REST"},{"data":"Seek","floor":32,"key":"SMITH"},{"data":"Amplify","floor":40,"key":"SMITH"},{"data":"Self Repair","floor":42,"key":"SMITH"},{"data":"Capacitor","floor":49,"key":"SMITH"}],"circlet_count":0,"master_deck":["AscendersBane","Defend_B","Defend_B","Defend_B","Defend_B","Zap+1","Dualcast","Metamorphosis","Tempest+1","Capacitor+1","Ball Lightning","Steam Power","Defragment+1","Self Repair+1","Conserve Battery","Double Energy+1","Undo","Creative AI+1","Seek+1","Barrage+1","Core Surge","Skim","BootSequence+1","Chill+1","Undo+1","Skim+1","Stack","Amplify+1","Seek","Conserve Battery+1","Leap+1","Skim+1","Chaos"],"relics":["Cracked Core","Oddly Smooth Stone","Blood Vial","Regal Pillow","Nuclear Battery","Bag of Preparation","Blue Candle","Orrery","Bottled Lightning","Busted Crown","PreservedInsect","Akabeko","Vajra","Orichalcum","Juzu Bracelet"],"acts_visited":["Exordium","TheCity","TheBeyond"],"potions_floor_usage":[11,22,37,50,50],"damage_taken":[{"damage":8.0,"enemies":"Jaw Worm","floor":1.0,"turns":4.0},{"damage":1.0,"enemies":"Cultist","floor":2.0,"turns":3.0},{"damage":0.0,"enemies":"Small Slimes","floor":3.0,"turns":3.0},{"damage":2.0,"enemies":"2 Fungi Beasts","floor":4.0,"turns":4.0},{"damage":40.0,"enemies":"3 Sentries","floor":7.0,"turns":6.0},{"damage":0.0,"enemies":"Lagavulin","floor":10.0,"turns":4.0},{"damage":12,"enemies":"Gremlin Gang","floor":11,"turns":5},{"damage":10,"enemies":"Large Slime","floor":12,"turns":4},{"damage":0,"enemies":"Looter","floor":14,"turns":3},{"damage":12,"enemies":"Hexaghost","floor":16,"turns":10},{"damage":6,"enemies":"Chosen","floor":18,"turns":3},{"damage":31,"enemies":"3 Byrds","floor":20,"turns":5},{"damage":36,"enemies":"3 Cultists","floor":22,"turns":6},{"damage":41,"enemies":"Book of Stabbing","floor":24,"turns":5},{"damage":28,"enemies":"Snake Plant","floor":28,"turns":3},{"damage":1,"enemies":"Slavers","floor":31,"turns":6},{"damage":23,"enemies":"Automaton","floor":33,"turns":8},{"damage":0,"enemies":"3 Shapes","floor":35,"turns":4},{"damage":2,"enemies":"Orb Walker","floor":36,"turns":4},{"damage":17,"enemies":"Maw","floor":37,"turns":7},{"damage":0,"enemies":"Sphere and 2 Shapes","floor":39,"turns":5},{"damage":23,"enemies":"Nemesis","floor":41,"turns":5},{"damage":14,"enemies":"Transient","floor":44,"turns":5},{"damage":35,"enemies":"Giant Head","floor":46,"turns":8},{"damage":0,"enemies":"Nemesis","floor":48,"turns":5},{"damage":51,"enemies":"Awakened One","floor":50,"turns":11}],"seed_played":"-932742123395088158","potions_obtained":[{"floor":2.0,"key":"EssenceOfSteel"},{"floor":3.0,"key":"Dexterity Potion"},{"floor":7.0,"key":"SpeedPotion"},{"floor":11,"key":"Ancient Potion"},{"floor":12,"key":"Weak Potion"},{"floor":18,"key":"Block Potion"},{"floor":31,"key":"Block Potion"},{"floor":41,"key":"PowerPotion"},{"floor":44,"key":"DuplicationPotion"}],"is_trial":false,"path_per_floor":["M","M","M","M","$","R","E","R","T","E","M","M","R","M","R","B",null,"M","$","M","?","M","R","E","R","T","R","M","$","$","E","R","B",null,"M","M","M","$","M","R","E","R","T","M","$","E","?","E","R","B"],"character_chosen":"DEFECT","items_purchased":["Defragment","Core Surge","Orrery","PreservedInsect"],"campfire_rested":2,"item_purchase_floors":[5,19,29,38],"current_hp_per_floor":[60,59,59,57,57,57,17,17,17,26,23,22,22,31,31,28,58,61,61,39,39,12,47,15,15,15,50,31,31,31,39,39,25,57,66,66,58,58,67,67,52,52,52,50,50,27,27,49,49,0,0],"gold":81,"neow_bonus":"RANDOM_COLORLESS_2","is_daily":false,"chose_seed":false,"campfire_upgraded":9,"win_rate":0.0,"timestamp":1612163018,"path_taken":["M","M","M","M","$","R","E","R","T","E","M","M","R","M","R","BOSS","M","$","M","?","M","R","E","R","T","R","M","?","$","E","R","BOSS","M","M","M","$","M","R","E","R","T","M","$","E","?","E","R","BOSS"],"items_purchased_type":["Card","Card","Relic","Relic"],"build_version":"2020-12-22","purchased_purges":2,"victory":false,"max_hp_per_floor":[68,68,68,68,68,68,68,68,68,68,68,68,68,68,68,68,68,68,68,68,68,68,68,68,68,68,68,68,68,68,68,68,68,68,68,68,68,68,68,68,68,68,68,68,68,68,68,68,68,68,68],"relic_stats":{"Blood Vial":41,"Regal Pillow":30,"Busted Crown":16,"counters":[26,136],"Blue Candle":[0],"PreservedInsect":230,"Bag of Preparation":[24],"Juzu Bracelet":0,"Orichalcum":[0],"obtain_stats":[{"Regal Pillow":10,"Blue Candle":26,"Oddly Smooth Stone":7,"Vajra":43,"PreservedInsect":38,"Bag of Preparation":24,"Juzu Bracelet":48,"Orichalcum":46,"Akabeko":41,"Nuclear Battery":17,"Blood Vial":9,"Busted Crown":34,"Orrery":29,"Bottled Lightning":31,"Cracked Core":0},{"Regal Pillow":6,"Blue Candle":14,"Oddly Smooth Stone":5,"Vajra":22,"PreservedInsect":20,"Bag of Preparation":14,"Juzu Bracelet":25,"Orichalcum":24,"Akabeko":22,"Nuclear Battery":10,"Blood Vial":5,"Busted Crown":17,"Orrery":15,"Bottled Lightning":16,"Cracked Core":0},{"Regal Pillow":24,"Blue Candle":65,"Oddly Smooth Stone":20,"Vajra":107,"PreservedInsect":97,"Bag of Preparation":65,"Juzu Bracelet":125,"Orichalcum":120,"Akabeko":107,"Nuclear Battery":46,"Blood Vial":20,"Busted Crown":82,"Orrery":68,"Bottled Lightning":74,"Cracked Core":0}]},"card_choices":[{"not_picked":["Sadistic Nature","Chrysalis"],"picked":"Metamorphosis","floor":0.0},{"not_picked":["Barrage","Capacitor"],"picked":"Tempest","floor":1.0},{"not_picked":["Sweeping Beam","Cold Snap"],"picked":"Capacitor","floor":2.0},{"not_picked":["Stack","Gash"],"picked":"Ball Lightning","floor":3.0},{"not_picked":["Stack","Go for the Eyes"],"picked":"Steam Power","floor":4.0},{"not_picked":["Creative AI","Stack"],"picked":"Self Repair","floor":7.0},{"not_picked":["Cold Snap","Stack"],"picked":"Conserve Battery","floor":10.0},{"not_picked":["Sunder","Steam Power"],"picked":"Double Energy","floor":11},{"not_picked":["Double Energy","Ball Lightning"],"picked":"Undo","floor":12},{"not_picked":["Redo","Leap"],"picked":"Creative AI","floor":14},{"not_picked":["Multi-Cast","Amplify"],"picked":"Seek","floor":16},{"not_picked":["Beam Cell+1","Reprogram"],"picked":"Barrage+1","floor":18},{"not_picked":["Beam Cell","Melter","Rebound"],"picked":"SKIP","floor":20},{"not_picked":["Scrape+1","Conserve Battery"],"picked":"Skim","floor":22},{"not_picked":["Barrage+1","Rebound","Gash"],"picked":"SKIP","floor":24},{"not_picked":["Barrage","Stack"],"picked":"BootSequence+1","floor":28},{"not_picked":["Genetic Algorithm+1","BootSequence+1"],"picked":"Chill+1","floor":29},{"not_picked":["Double Energy","Steam"],"picked":"Undo+1","floor":29},{"not_picked":["White Noise","Reinforced Body"],"picked":"Skim+1","floor":29},{"not_picked":["Static Discharge","Streamline"],"picked":"Stack","floor":29},{"not_picked":["Rip and Tear","Turbo"],"picked":"Amplify","floor":31},{"not_picked":["Reboot","Core Surge"],"picked":"Seek","floor":33},{"not_picked":[],"picked":"Conserve Battery+1","floor":35},{"not_picked":["Redo+1"],"picked":"SKIP","floor":36},{"not_picked":[],"picked":"Leap+1","floor":37},{"not_picked":["Reprogram"],"picked":"SKIP","floor":39},{"not_picked":[],"picked":"Skim+1","floor":41},{"not_picked":["Genetic Algorithm"],"picked":"SKIP","floor":44},{"not_picked":["Static Discharge"],"picked":"SKIP","floor":46},{"not_picked":["Beam Cell"],"picked":"SKIP","floor":48}],"player_experience":461811,"relics_obtained":[{"floor":7.0,"key":"Oddly Smooth Stone"},{"floor":9.0,"key":"Blood Vial"},{"floor":10.0,"key":"Regal Pillow"},{"floor":24,"key":"Bag of Preparation"},{"floor":26,"key":"Blue Candle"},{"floor":31,"key":"Bottled Lightning"},{"floor":41,"key":"Akabeko"},{"floor":43,"key":"Vajra"},{"floor":46,"key":"Orichalcum"},{"floor":48,"key":"Juzu Bracelet"}],"event_choices":[{"cards_removed":["Strike_B"],"damage_healed":0,"gold_gain":0,"player_choice":"Purged","damage_taken":0,"max_hp_gain":0,"max_hp_loss":0,"event_name":"Purifier","floor":21,"gold_loss":0},{"damage_healed":0,"gold_gain":0,"cards_transformed":["Strike_B"],"player_choice":"Transformed","damage_taken":0,"max_hp_gain":0,"max_hp_loss":0,"event_name":"Transmorgrifier","floor":47,"gold_loss":0,"cards_obtained":["Chaos"]}],"is_beta":false,"boss_relics":[{"not_picked":["Velvet Choker","Empty Cage"],"picked":"Nuclear Battery"},{"not_picked":["SacredBark","Fusion Hammer"],"picked":"Busted Crown"}],"items_purged_floors":[5,45],"is_endless":false,"potions_floor_spawned":[2,3,7,11,12,18,31,33,36,41,44],"killed_by":"Awakened One","ascension_level":11}}