{"host":"xes75gx807s8gyhc","time":1612223744,"event":{"mods":["AchievementEnabler","BaseMod","Colored Powertips","Curses Come First","Minty Spire (QoL Compilation)","Rare Cards Sparkle","Relic Stats","StSLib","Unceasing Turn Reminder","everything is the same but u backflip on backflip"],"gold_per_floor":[114,127,142,14,30,63,63,94,94,114,128,128,128,145,145,247,247,264,264,264,278,377,408,148,148,171,171,181,215,3,3,3,3,3],"floor_reached":33,"language":"ENG","playtime":1190,"items_purged":["Strike_G","Strike_G","Strike_G"],"score":325,"play_id":"a3be5ed4-7d68-44bd-943b-3e528e54fe57","local_time":"20210201155544","is_ascension_mode":true,"campfire_choices":[{"data":"Deadly Poison","floor":7,"key":"SMITH"},{"floor":13,"key":"REST"},{"data":"Neutralize","floor":15,"key":"SMITH"},{"data":"Caltrops","floor":25,"key":"SMITH"},{"data":"Malaise","floor":27,"key":"SMITH"},{"data":"Leg Sweep","floor":32,"key":"SMITH"}],"circlet_count":0,"master_deck":["Strike_G","Strike_G","Defend_G","Defend_G","Defend_G","Defend_G","Defend_G","Survivor","Neutralize+1","Poisoned Stab","Calculated Gamble","Deadly Poison+1","Blade Dance","Phantasmal Killer","Dash+1","Poisoned Stab+1","Caltrops+1","Malaise+1","Blade Dance","Choke+1","Skewer+1","Envenom","Finisher+1","Acrobatics+1","Leg Sweep+1"],"relics":["Ring of the Snake","Molten Egg 2","Letter Opener","Gremlin Horn","Coffee Dripper","Lantern","Anchor","Bag of Preparation"],"acts_visited":["Exordium","TheCity"],"potions_floor_usage":[6,11,16,23,28,29,33,33],"damage_taken":[{"damage":0,"enemies":"Cultist","floor":1,"turns":4},{"damage":4,"enemies":"Small Slimes","floor":2,"turns":3},{"damage":7,"enemies":"Jaw Worm","floor":3,"turns":3},{"damage":6,"enemies":"Red Slaver","floor":5,"turns":5},{"damage":16,"enemies":"Lagavulin","floor":6,"turns":5},{"damage":32,"enemies":"Gremlin Nob","floor":8,"turns":4},{"damage":1,"enemies":"Looter","floor":10,"turns":3},{"damage":0,"enemies":"Exordium Wildlife","floor":11,"turns":2},{"damage":0,"enemies":"Large Slime","floor":14,"turns":4},{"damage":17,"enemies":"Hexaghost","floor":16,"turns":7},{"damage":3,"enemies":"3 Byrds","floor":18,"turns":5},{"damage":0,"enemies":"Chosen","floor":21,"turns":4},{"damage":17,"enemies":"Book of Stabbing","floor":23,"turns":5},{"damage":15,"enemies":"Snecko","floor":28,"turns":6},{"damage":7,"enemies":"Slavers","floor":29,"turns":5},{"damage":53,"enemies":"Champ","floor":33,"turns":8}],"seed_played":"1823817616518477298","potions_obtained":[{"floor":1,"key":"Strength Potion"},{"floor":5,"key":"CunningPotion"},{"floor":11,"key":"FearPotion"},{"floor":14,"key":"SpeedPotion"},{"floor":16,"key":"AttackPotion"},{"floor":18,"key":"Dexterity Potion"},{"floor":28,"key":"SkillPotion"}],"is_trial":false,"path_per_floor":["M","M","M","$","M","E","R","E","T","M","M","?","R","M","R","B",null,"M","?","?","M","?","E","$","R","T","R","M","E","$","$","R","B"],"character_chosen":"THE_SILENT","items_purchased":["Blade Dance","Envenom","Leg Sweep","Energy Potion"],"campfire_rested":1,"item_purchase_floors":[4,24,30,30],"current_hp_per_floor":[70,66,59,59,53,37,37,5,5,4,4,4,25,25,25,8,70,67,54,75,75,75,58,58,58,58,58,43,36,36,36,36,0,0],"gold":3,"neow_bonus":"THREE_CARDS","is_daily":false,"chose_seed":false,"campfire_upgraded":5,"win_rate":0.0,"timestamp":1612223744,"path_taken":["M","M","M","$","?","E","R","E","T","M","M","?","R","M","R","BOSS","M","?","?","?","?","E","$","R","T","R","M","E","?","$","R","BOSS"],"items_purchased_type":["Card","Card","Card","Potion"],"build_version":"2020-12-22","purchased_purges":3,"victory":false,"max_hp_per_floor":[70,70,70,70,70,70,70,70,70,70,70,70,70,70,70,70,70,70,75,75,75,75,75,75,75,75,75,75,75,75,75,75,75,75],"relic_stats":{"Gremlin Horn":[6,6],"counters":[16,73],"Bag of Preparation":[2],"Letter Opener":[35],"obtain_stats":[{"Lantern":23,"Anchor":26,"Gremlin Horn":9,"Molten Egg 2":6,"Coffee Dripper":17,"Bag of Preparation":29,"Letter Opener":8,"Ring of the Snake":0},{"Lantern":13,"Anchor":13,"Gremlin Horn":6,"Molten Egg 2":5,"Coffee Dripper":10,"Bag of Preparation":15,"Letter Opener":6,"Ring of the Snake":0},{"Lantern":54,"Anchor":54,"Gremlin Horn":24,"Molten Egg 2":20,"Coffee Dripper":40,"Bag of Preparation":65,"Letter Opener":24,"Ring of the Snake":0}],"Ring of the Snake":[32]},"card_choices":[{"not_picked":["PiercingWail","Acrobatics"],"picked":"Poisoned Stab","floor":0},{"not_picked":["Sucker Punch","Reflex"],"picked":"Calculated Gamble","floor":1},{"not_picked":["Poisoned Stab","Quick Slash"],"picked":"Deadly Poison","floor":2},{"not_picked":["Outmaneuver","Choke","Slice"],"picked":"SKIP","floor":3},{"not_picked":["Outmaneuver","Masterful Stab","Dagger Throw"],"picked":"SKIP","floor":5},{"not_picked":["Caltrops","Heel Hook+1"],"picked":"Phantasmal Killer","floor":6},{"not_picked":["Acrobatics","Dagger Throw+1","Dodge and Roll"],"picked":"SKIP","floor":8},{"not_picked":["Dagger Spray+1","Quick Slash+1"],"picked":"Dash+1","floor":10},{"not_picked":["Bouncing Flask","Heel Hook+1"],"picked":"Poisoned Stab+1","floor":11},{"not_picked":["Dash+1","Flechettes+1"],"picked":"Caltrops","floor":14},{"not_picked":["After Image","Venomology"],"picked":"Malaise","floor":16},{"not_picked":["Reflex","Outmaneuver+1"],"picked":"Blade Dance","floor":18},{"not_picked":["Dodge and Roll","Prepared"],"picked":"Choke+1","floor":21},{"not_picked":["Blade Dance","Calculated Gamble"],"picked":"Skewer+1","floor":23},{"not_picked":["Bane+1","Dagger Throw+1"],"picked":"Finisher+1","floor":28},{"not_picked":["Flying Knee+1","Dagger Throw+1"],"picked":"Acrobatics+1","floor":29}],"player_experience":24902,"relics_obtained":[{"floor":6,"key":"Molten Egg 2"},{"floor":8,"key":"Letter Opener"},{"floor":9,"key":"Gremlin Horn"},{"floor":23,"key":"Lantern"},{"floor":26,"key":"Anchor"},{"floor":29,"key":"Bag of Preparation"}],"event_choices":[{"damage_healed":0,"gold_gain":0,"player_choice":"Ignored","damage_taken":0,"max_hp_gain":0,"max_hp_loss":0,"event_name":"Liars Game","floor":12,"gold_loss":0},{"damage_healed":0,"gold_gain":0,"player_choice":"Shed Blood","damage_taken":18,"max_hp_gain":5,"max_hp_loss":0,"event_name":"Forgotten Altar","floor":19,"gold_loss":0},{"damage_healed":21,"gold_gain":0,"player_choice":"Full Heal","damage_taken":0,"max_hp_gain":0,"max_hp_loss":0,"event_name":"Wheel of Change","floor":20,"gold_loss":0},{"damage_healed":0,"gold_gain":99,"player_choice":"Stole From Cult","damage_taken":0,"max_hp_gain":0,"max_hp_loss":0,"event_name":"Nest","floor":22,"gold_loss":0}],"is_beta":false,"boss_relics":[{"not_picked":["Velvet Choker","Ectoplasm"],"picked":"Coffee Dripper"}],"items_purged_floors":[4,24,30],"is_endless":false,"potions_floor_spawned":[1,5,11,14,16,18,28],"killed_by":"Champ","ascension_level":2}}