{"host":"3y2rtlgteqp2nuo3","time":1612192113,"event":{"mods":["2.2 Compatiblity","AchievementEnabler","BaseMod","Colored Map","DeckTracker","Highlight Path","Keyboard Shortcuts","Minty Spire (QoL Compilation)","Permanent Neow","Quick Restart","StSLib","SuperFastMode","everything is the same but u backflip on backflip"],"gold_per_floor":[118,130,130,146,146,146,166,166,166,180,8,8,21,33,33,110,110,125,145,70,83,83,83,101,101,146,175,175,192,30,41,41,119,119,139,156,168,40,60,60,91,91,115,115,131,150,150,200,200,200],"floor_reached":51,"language":"KOR","playtime":1162,"items_purged":["Strike_G","All Out Attack+1"],"score":1252,"play_id":"aa961000-9bda-4bde-8888-0812956424d3","local_time":"20210202000833","is_ascension_mode":true,"campfire_choices":[{"data":"Deadly Poison","floor":6.0,"key":"SMITH"},{"floor":8.0,"key":"REST"},{"data":"Crippling Poison","floor":12.0,"key":"SMITH"},{"data":"Catalyst","floor":15.0,"key":"SMITH"},{"data":"Burst","floor":23.0,"key":"SMITH"},{"floor":25.0,"key":"REST"},{"floor":28.0,"key":"REST"},{"floor":32.0,"key":"REST"},{"floor":40,"key":"REST"},{"data":"Catalyst","floor":42,"key":"SMITH"},{"data":"Night Terror","floor":44,"key":"SMITH"},{"data":"Deadly Poison","floor":47,"key":"SMITH"},{"data":"Malaise","floor":49,"key":"SMITH"}],"circlet_count":0,"master_deck":["AscendersBane","Defend_G","Defend_G","Defend_G","Defend_G","Survivor","Neutralize","Tactician","Blur","Catalyst+1","Deadly Poison+1","Deadly Poison+1","Crippling Poison+1","Burst+1","Catalyst+1","Malaise+1","Masterful Stab+1","Corpse Explosion+1","PiercingWail","Noxious Fumes","Backflip","Dodge and Roll+1","Leg Sweep+1","Burst+1","Die Die Die","Night Terror+1","Acrobatics","Decay","Leg Sweep+1","Escape Plan"],"relics":["Ring of the Snake","InkBottle","Orichalcum","Astrolabe","Juzu Bracelet","Blood Vial","DollysMirror","Cursed Key","Anchor","Lantern","Turnip"],"acts_visited":["Exordium","TheCity","TheBeyond"],"potions_floor_usage":[33,33],"damage_taken":[{"damage":3.0,"enemies":"Jaw Worm","floor":1.0,"turns":9.0},{"damage":3.0,"enemies":"2 Louse","floor":2.0,"turns":3.0},{"damage":4.0,"enemies":"Small Slimes","floor":4.0,"turns":4.0},{"damage":12.0,"enemies":"Gremlin Gang","floor":7.0,"turns":6.0},{"damage":2.0,"enemies":"Exordium Thugs","floor":10.0,"turns":4.0},{"damage":0.0,"enemies":"2 Fungi Beasts","floor":13.0,"turns":2.0},{"damage":5.0,"enemies":"Large Slime","floor":14.0,"turns":6.0},{"damage":12.0,"enemies":"Hexaghost","floor":16.0,"turns":4.0},{"damage":2.0,"enemies":"Chosen","floor":18.0,"turns":4.0},{"damage":6.0,"enemies":"Shell Parasite","floor":19.0,"turns":4.0},{"damage":0.0,"enemies":"Cultist and Chosen","floor":21.0,"turns":4.0},{"damage":17.0,"enemies":"Shelled Parasite and Fungi","floor":24.0,"turns":5.0},{"damage":35.0,"enemies":"Book of Stabbing","floor":27.0,"turns":4.0},{"damage":8.0,"enemies":"3 Cultists","floor":29.0,"turns":3.0},{"damage":22.0,"enemies":"Centurion and Healer","floor":31.0,"turns":9.0},{"damage":15,"enemies":"Collector","floor":33,"turns":8},{"damage":15,"enemies":"3 Darklings","floor":35,"turns":3},{"damage":4,"enemies":"Orb Walker","floor":36,"turns":3},{"damage":0,"enemies":"Transient","floor":37,"turns":5},{"damage":0,"enemies":"3 Darklings","floor":39,"turns":2},{"damage":10,"enemies":"Nemesis","floor":41,"turns":5},{"damage":0,"enemies":"Spire Growth","floor":45,"turns":2},{"damage":0,"enemies":"Transient","floor":46,"turns":5},{"damage":9,"enemies":"2 Orb Walkers","floor":48,"turns":2},{"damage":13,"enemies":"Time Eater","floor":50,"turns":4}],"seed_played":"-575030856434021840","potions_obtained":[{"floor":1.0,"key":"SpeedPotion"},{"floor":4.0,"key":"PowerPotion"},{"floor":14.0,"key":"LiquidBronze"},{"floor":16.0,"key":"Poison Potion"},{"floor":27.0,"key":"Regen Potion"},{"floor":35,"key":"ColorlessPotion"},{"floor":36,"key":"FearPotion"},{"floor":41,"key":"Poison Potion"}],"is_trial":false,"path_per_floor":["M","M","?","M","?","R","M","R","T","M","$","R","M","M","R","B",null,"M","M","$","M","?","R","M","R","T","E","R","M","$","M","R","B",null,"M","M","M","$","M","R","E","R","T","R","M","M","R","?","R","B",null],"character_chosen":"THE_SILENT","items_purchased":["Burst","DollysMirror","Acrobatics"],"campfire_rested":5,"item_purchase_floors":[11,30,38],"current_hp_per_floor":[56,53,53,49,38,38,26,44,44,42,42,42,42,37,37,25,51,49,43,43,43,43,43,26,44,44,9,27,21,21,1,19,20,50,37,35,37,37,39,57,49,49,49,49,51,53,53,46,46,35],"gold":200,"neow_bonus":"TRANSFORM_TWO_CARDS","is_daily":false,"chose_seed":false,"campfire_upgraded":8,"win_rate":0.0,"timestamp":1612192113,"path_taken":["M","M","?","M","?","R","M","R","T","M","$","R","M","M","R","BOSS","M","M","$","M","?","R","M","R","T","E","R","M","$","M","R","BOSS","M","M","M","$","M","R","E","R","T","R","M","M","R","?","R","BOSS"],"items_purchased_type":["Card","Relic","Card"],"build_version":"2020-12-22","purchased_purges":2,"victory":true,"max_hp_per_floor":[60,60,60,60,60,60,60,60,60,60,60,60,60,60,60,60,60,60,60,60,60,60,60,60,60,60,60,60,60,60,60,60,60,60,60,60,60,60,60,60,60,60,60,60,60,60,60,60,60,60],"card_choices":[{"not_picked":["Predator","Heel Hook"],"picked":"Catalyst","floor":1.0},{"not_picked":["Dodge and Roll","Flying Knee"],"picked":"Deadly Poison","floor":2.0},{"not_picked":["Slice","Caltrops"],"picked":"Deadly Poison","floor":4.0},{"not_picked":["Cloak And Dagger","Endless Agony","Accuracy"],"picked":"SKIP","floor":7.0},{"not_picked":["Cloak And Dagger","Reflex"],"picked":"Crippling Poison","floor":10.0},{"not_picked":["Caltrops","Reflex"],"picked":"Catalyst","floor":13.0},{"not_picked":["Dagger Throw","Dagger Spray","Deflect"],"picked":"SKIP","floor":14.0},{"not_picked":["Glass Knife","Grand Finale"],"picked":"Malaise","floor":16.0},{"not_picked":["Blade Dance","Deflect+1"],"picked":"PiercingWail","floor":18.0},{"not_picked":["Masterful Stab","Deadly Poison","Blade Dance"],"picked":"SKIP","floor":19.0},{"not_picked":["Poisoned Stab","Flying Knee"],"picked":"Noxious Fumes","floor":21.0},{"not_picked":["Grand Finale","Deflect"],"picked":"Backflip","floor":24.0},{"not_picked":["Backflip","Phantasmal Killer"],"picked":"Dodge and Roll+1","floor":27.0},{"not_picked":["Quick Slash","Cloak And Dagger"],"picked":"Leg Sweep+1","floor":29.0},{"not_picked":["Flying Knee","Outmaneuver","Acrobatics"],"picked":"SKIP","floor":31.0},{"not_picked":["Malaise","Unload"],"picked":"Die Die Die","floor":33},{"not_picked":["Blade Dance","Sucker Punch","Flying Knee+1"],"picked":"SKIP","floor":35},{"not_picked":["Deadly Poison","Quick Slash","Predator+1"],"picked":"SKIP","floor":36},{"not_picked":["Catalyst+1","Backstab"],"picked":"Night Terror","floor":37},{"not_picked":["Outmaneuver","Heel Hook","Underhanded Strike"],"picked":"SKIP","floor":39},{"not_picked":["Bane","Blade Dance+1","Underhanded Strike"],"picked":"SKIP","floor":41},{"not_picked":["Deadly Poison","Dodge and Roll","Leg Sweep+1"],"picked":"SKIP","floor":45},{"not_picked":["Deadly Poison","Dodge and Roll"],"picked":"Leg Sweep+1","floor":45},{"not_picked":["Dash","Dagger Throw"],"picked":"Escape Plan","floor":46}],"player_experience":741550,"relics_obtained":[{"floor":9.0,"key":"Orichalcum"},{"floor":26.0,"key":"Juzu Bracelet"},{"floor":27.0,"key":"Blood Vial"},{"floor":41,"key":"Anchor"},{"floor":43,"key":"Lantern"},{"floor":48,"key":"Turnip"}],"event_choices":[{"damage_healed":0.0,"max_hp_gain":0.0,"max_hp_loss":0.0,"gold_gain":0.0,"event_name":"Shining Light","player_choice":"Ignored","floor":3.0,"gold_loss":0.0,"damage_taken":0.0},{"damage_healed":0.0,"max_hp_gain":0.0,"max_hp_loss":0.0,"gold_gain":0.0,"event_name":"Scrap Ooze","player_choice":"Success","floor":5.0,"gold_loss":0.0,"damage_taken":11.0,"relics_obtained":["InkBottle"]},{"damage_healed":0.0,"max_hp_gain":0.0,"max_hp_loss":0.0,"gold_gain":0.0,"event_name":"Ghosts","player_choice":"Ignored","floor":22.0,"gold_loss":0.0,"damage_taken":0.0},{"damage_healed":0,"gold_gain":0,"player_choice":"Fight","damage_taken":0,"max_hp_gain":0,"max_hp_loss":0,"event_name":"Mysterious Sphere","floor":48,"gold_loss":0}],"is_beta":false,"boss_relics":[{"not_picked":["Busted Crown","Empty Cage"],"picked":"Astrolabe"},{"not_picked":["Velvet Choker","Snecko Eye"],"picked":"Cursed Key"}],"items_purged_floors":[20,38],"is_endless":false,"potions_floor_spawned":[1,4,7,13,14,16,21,24,27,35,36,41,46],"ascension_level":16}}