{"host":"h2977v3ax51ohsow","time":1612165487,"event":{"mods":["Act Like it!","BaseMod","Colored Powertips","Koishi","Lobotomy","Marisa£®ÏF”Í°°ƒß¿Ì…≥£©","Minty Spire (QoL Compilation)","Remilia£®¿Ÿ√◊¿Ú—«£©","StSLib","The Servant 0.9.4"],"gold_per_floor":[113,131,206,206,224,257,257,286,286,286,286],"floor_reached":10,"language":"ZHS","playtime":608,"items_purged":[],"score":126,"play_id":"c7f69ba6-0ddd-42ee-b958-4ef4ea0e8665","local_time":"20210201154447","is_ascension_mode":false,"campfire_choices":[],"circlet_count":0,"master_deck":["SpecialBullet","SpecialBullet","SpecialBullet","SpecialBullet","SpecialBullet","SpecialBullet","SpecialBullet","ExtractionCode","TrainingCode","RecordCode","Tough","Penitence","ShyLook","GreenStem","WristCuter","MeatLantern","LifeForTheDareDevil","Gaze","ControlCode","OSAHOGD","Penitence"],"relics":["CogitoBucket","Omamori","Bottled Tornado"],"acts_visited":["Exordium"],"potions_floor_usage":[6,8],"damage_taken":[{"damage":11,"enemies":"Jaw Worm","floor":1,"turns":3},{"damage":6,"enemies":"2 Louse","floor":2,"turns":2},{"damage":0,"enemies":"Cultist","floor":5,"turns":3},{"damage":0,"enemies":"Gremlin Nob","floor":6,"turns":3},{"damage":0,"enemies":"3 Sentries","floor":8,"turns":4},{"damage":50,"enemies":"Gremlin Nob","floor":10,"turns":1}],"seed_played":"2851488206740597746","potions_obtained":[{"floor":0,"key":"Fire Potion"},{"floor":0,"key":"EssenceOfSteel"},{"floor":0,"key":"SteroidPotion"}],"is_trial":false,"path_per_floor":["M","M","?","?","M","E","R","E","T","E"],"character_chosen":"Angela","items_purchased":[],"campfire_rested":0,"item_purchase_floors":[],"current_hp_per_floor":[59,53,42,42,42,42,42,42,42,0,0],"gold":286,"neow_bonus":"THREE_SMALL_POTIONS","is_daily":false,"chose_seed":false,"campfire_upgraded":0,"win_rate":0.0,"timestamp":1612165487,"path_taken":["M","M","?","?","M","E","R","E","T","E"],"items_purchased_type":[],"build_version":"2020-12-22","purchased_purges":0,"victory":false,"max_hp_per_floor":[70,70,70,70,70,70,70,70,70,70,70],"card_choices":[{"not_picked":["RapturousDream"],"picked":"Tough","floor":1},{"not_picked":["RedEyes"],"picked":"Penitence","floor":1},{"not_picked":["LittlePrince","OSAHOGD"],"picked":"ShyLook","floor":2},{"not_picked":["Lantern"],"picked":"GreenStem","floor":2},{"not_picked":["Pleasure"],"picked":"WristCuter","floor":5},{"not_picked":["Murderer","MHz"],"picked":"MeatLantern","floor":5},{"not_picked":["Logging","CherryBlossom"],"picked":"SKIP","floor":5},{"not_picked":["CherryBlossom"],"picked":"LifeForTheDareDevil","floor":6},{"not_picked":["Pleasure"],"picked":"Gaze","floor":6},{"not_picked":["Scorched","Alriune"],"picked":"OSAHOGD","floor":8},{"not_picked":["Pleasure"],"picked":"Penitence","floor":8}],"player_experience":106474,"relics_obtained":[{"floor":6,"key":"Omamori"},{"floor":8,"key":"Bottled Tornado"}],"event_choices":[{"damage_healed":0,"gold_gain":75,"player_choice":"Gather Gold","damage_taken":11,"max_hp_gain":0,"max_hp_loss":0,"event_name":"World of Goop","floor":3,"gold_loss":0},{"cards_removed":["SpecialBullet"],"damage_healed":0,"gold_gain":0,"player_choice":"Offered Basic","damage_taken":0,"max_hp_gain":0,"max_hp_loss":0,"event_name":"Bonfire Elementals","floor":4,"gold_loss":0}],"is_beta":false,"boss_relics":[],"items_purged_floors":[],"is_endless":false,"potions_floor_spawned":[2,5],"killed_by":"Gremlin Nob","ascension_level":0}}