{"host":"f5gffvlv6a66yqkd","time":1612181372,"event":{"mods":["2.2 Compatiblity","BaseMod","Colored Map","Custom Start","DeckTracker","Keyboard Shortcuts","Minty Spire (QoL Compilation)","Permanent Neow","Quick Restart","Relic Stats","StSLib","SuperFastMode"],"gold_per_floor":[119,119,168,178,189,189,219,219,245,245,261,186,216,229,229,229,229],"floor_reached":16,"language":"KOR","playtime":636,"items_purged":["Strike_P"],"score":270,"play_id":"6dbbc58d-e84a-445b-b376-3bdbd2e88e33","local_time":"20210201210932","is_ascension_mode":true,"campfire_choices":[{"data":"FollowUp","floor":6.0,"key":"SMITH"},{"data":"Fasting2","floor":8.0,"key":"SMITH"},{"data":"Consecrate","floor":10.0,"key":"SMITH"},{"data":"Wallop","floor":15,"key":"SMITH"}],"circlet_count":0,"master_deck":["AscendersBane","Strike_P","Strike_P","Strike_P","Defend_P","Defend_P","Defend_P","Eruption+1","Vigilance","DeceiveReality","FollowUp+1","Consecrate+1","Fasting2+1","FlurryOfBlows","Wallop+1","TalkToTheHand"],"relics":["PureWater","Toy Ornithopter","Blue Candle","Bronze Scales","Letter Opener"],"acts_visited":["Exordium"],"potions_floor_usage":[13,16],"damage_taken":[{"damage":7.0,"enemies":"Jaw Worm","floor":1.0,"turns":3.0},{"damage":0.0,"enemies":"2 Louse","floor":4.0,"turns":3.0},{"damage":0.0,"enemies":"Small Slimes","floor":5.0,"turns":2.0},{"damage":16.0,"enemies":"Gremlin Nob","floor":7.0,"turns":3.0},{"damage":4,"enemies":"Red Slaver","floor":11,"turns":4},{"damage":0,"enemies":"3 Sentries","floor":13,"turns":2},{"damage":0,"enemies":"2 Fungi Beasts","floor":14,"turns":2},{"damage":17,"enemies":"Hexaghost","floor":16,"turns":4}],"seed_played":"5273554132662771110","potions_obtained":[{"floor":1.0,"key":"GamblersBrew"},{"floor":7.0,"key":"Explosive Potion"},{"floor":13,"key":"CultistPotion"}],"is_trial":false,"path_per_floor":["M","?","T","M","M","R","E","R","T","R","M","$","E","M","R","B"],"character_chosen":"WATCHER","items_purchased":[],"campfire_rested":0,"item_purchase_floors":[],"current_hp_per_floor":[54,47,47,47,47,47,31,31,31,31,27,27,32,32,32,20,20],"gold":229,"neow_bonus":"UPGRADE_CARD","is_daily":false,"chose_seed":false,"campfire_upgraded":4,"win_rate":0.0,"timestamp":1612181372,"path_taken":["M","?","?","M","M","R","E","R","T","R","M","$","E","M","R","BOSS"],"items_purchased_type":[],"build_version":"2020-12-22","purchased_purges":1,"victory":false,"max_hp_per_floor":[68,68,68,68,68,68,68,68,68,68,68,68,68,68,68,68,68],"relic_stats":{"counters":[8,23],"Blue Candle":[0],"Bronze Scales":[31],"Letter Opener":[0],"obtain_stats":[{"Blue Candle":7,"Bronze Scales":9,"Letter Opener":13,"PureWater":0,"Toy Ornithopter":3},{"Blue Candle":4,"Bronze Scales":4,"Letter Opener":6,"PureWater":0,"Toy Ornithopter":1},{"Blue Candle":11,"Bronze Scales":11,"Letter Opener":17,"PureWater":0,"Toy Ornithopter":3}],"Toy Ornithopter":10},"card_choices":[{"not_picked":["Study","Prostrate"],"picked":"DeceiveReality","floor":1.0},{"not_picked":["PathToVictory","ThirdEye"],"picked":"FollowUp","floor":4.0},{"not_picked":["BowlingBash","Prostrate"],"picked":"Consecrate","floor":5.0},{"not_picked":["ClearTheMind","SashWhip"],"picked":"Fasting2","floor":7.0},{"not_picked":["Perseverance","WreathOfFlame"],"picked":"FlurryOfBlows","floor":11},{"not_picked":["JustLucky","ForeignInfluence"],"picked":"Wallop","floor":13},{"not_picked":["LikeWater","Vengeance"],"picked":"TalkToTheHand","floor":14}],"player_experience":1633270,"relics_obtained":[{"floor":3.0,"key":"Toy Ornithopter"},{"floor":7.0,"key":"Blue Candle"},{"floor":9.0,"key":"Bronze Scales"},{"floor":13,"key":"Letter Opener"}],"event_choices":[{"cards_removed":["Defend_P"],"damage_healed":0.0,"max_hp_gain":0.0,"max_hp_loss":0.0,"gold_gain":0.0,"event_name":"Golden Wing","player_choice":"Card Removal","floor":2.0,"gold_loss":0.0,"damage_taken":7.0}],"is_beta":false,"boss_relics":[],"items_purged_floors":[12],"is_endless":false,"potions_floor_spawned":[1,7,13],"killed_by":"Hexaghost","ascension_level":20}}