{"host":"Jay","time":1612207642,"event":{"mods":["BaseMod","Colored Map","Hermit","Minty Spire (QoL Compilation)","Replay The Spire","Shop Mod","StSLib"],"gold_per_floor":[112,36,50,50,50,50,82,82,107,126,138,155,155,155,155,257,257,275,288,288,288,288,315,315,326,326,18,18,30,30],"floor_reached":29,"language":"ENG","playtime":1553,"items_purged":[],"score":266,"play_id":"423b597e-a37a-4db3-889d-cee029db8c05","local_time":"20210201142722","is_ascension_mode":false,"campfire_choices":[{"data":"hermit:CursedWeapon","floor":6.0,"key":"SMITH"},{"data":"hermit:Snapshot","floor":8.0,"key":"SMITH"},{"floor":13,"key":"REST"},{"data":"hermit:WideOpen","floor":15,"key":"SMITH"},{"floor":24,"key":"REST"}],"circlet_count":0,"master_deck":["hermit:Strike_Hermit","hermit:Strike_Hermit","hermit:Strike_Hermit","hermit:Strike_Hermit","hermit:Defend_Hermit","hermit:Defend_Hermit","hermit:Defend_Hermit","hermit:Defend_Hermit","hermit:Snapshot+1","hermit:Covet","hermit:ShadowCloak","hermit:Gambit","hermit:CursedWeapon+1","hermit:TrackingShot","hermit:Ricochet","hermit:TrackingShot","hermit:WideOpen+1","hermit:HeroicBravado","CurseOfTheBell","hermit:Snipe","hermit:Grudge","Decay","hermit:Gambit","hermit:Gestalt+1"],"relics":["hermit:Momento","NeowsBlessing","Pen Nib","Replay:Rubber Ducky","Calling Bell","Strawberry","Mirror","CaptainsWheel","Meat on the Bone","Replay:Bottled Steam","hermit:PetGhost","Replay:Bandana","Nloth\u0027s Gift"],"acts_visited":["Exordium","TheCity"],"potions_floor_usage":[16,23,25],"damage_taken":[{"damage":0.0,"enemies":"Small Slimes","floor":1.0,"turns":2.0},{"damage":0.0,"enemies":"Cultist","floor":3.0,"turns":1.0},{"damage":2.0,"enemies":"Lagavulin","floor":7.0,"turns":2.0},{"damage":2.0,"enemies":"2 Louse","floor":10.0,"turns":2.0},{"damage":8,"enemies":"Red Slaver","floor":11,"turns":2},{"damage":12,"enemies":"Exordium Thugs","floor":12,"turns":2},{"damage":48,"enemies":"Fading Forest","floor":16,"turns":11},{"damage":10,"enemies":"2 Thieves","floor":18,"turns":4},{"damage":3,"enemies":"Spheric Guardian","floor":19,"turns":3},{"damage":34,"enemies":"Book of Stabbing","floor":23,"turns":5},{"damage":11,"enemies":"Shelled Parasite and Fungi","floor":25,"turns":4},{"damage":100096,"enemies":"Gremlin Leader","floor":29,"turns":8}],"seed_played":"-8352826784757091054","potions_obtained":[{"floor":1.0,"key":"Swift Potion"},{"floor":10.0,"key":"Dexterity Potion"},{"floor":11,"key":"Languid Potion"},{"floor":14,"key":"Block Potion"},{"floor":18,"key":"PowerPotion"}],"is_trial":false,"path_per_floor":["M","$","M","$","?","R","E","R","T","M","M","M","R","?","R","B",null,"M","M","$","?","?","E","R","M","T","$","?","E"],"character_chosen":"HERMIT","items_purchased":["hermit:Gambit","hermit:PetGhost","Replay:Bandana"],"campfire_rested":2,"item_purchase_floors":[2,27,27],"current_hp_per_floor":[75,75,75,75,75,75,73,73,73,71,63,51,73,73,73,37,82,72,69,69,69,69,47,71,60,60,60,60,0,0],"gold":30,"neow_bonus":"THREE_ENEMY_KILL","is_daily":false,"chose_seed":false,"campfire_upgraded":3,"win_rate":0.0,"timestamp":1612207642,"path_taken":["M","$","M","$","?","R","E","R","T","M","?","M","R","?","R","BOSS","M","M","$","?","?","E","R","M","T","$","?","E"],"items_purchased_type":["Card","Relic","Relic"],"build_version":"2020-12-18","purchased_purges":0,"victory":false,"max_hp_per_floor":[75,75,75,75,75,75,75,75,75,75,75,75,75,75,75,75,82,82,82,82,82,82,82,82,82,82,82,82,82,82],"card_choices":[{"not_picked":["hermit:GhostlyPresence","hermit:BodyArmor"],"picked":"hermit:ShadowCloak","floor":1.0},{"not_picked":["hermit:Midnight","hermit:Cheat"],"picked":"hermit:CursedWeapon","floor":3.0},{"not_picked":["hermit:Dive","hermit:Feint"],"picked":"hermit:TrackingShot","floor":7.0},{"not_picked":["hermit:Coalescence","hermit:HoleUp"],"picked":"hermit:Ricochet","floor":10.0},{"not_picked":["hermit:ItchyTrigger","hermit:CalledShot"],"picked":"hermit:TrackingShot","floor":11},{"not_picked":["hermit:Maintenance","hermit:Feint"],"picked":"hermit:WideOpen","floor":12},{"not_picked":["hermit:Gambit","hermit:RoundhouseKick"],"picked":"hermit:HeroicBravado","floor":16},{"not_picked":["hermit:Maintenance","hermit:Feint"],"picked":"hermit:Snipe","floor":18},{"not_picked":["hermit:HighCaliber","hermit:Feint"],"picked":"hermit:Grudge","floor":19},{"not_picked":["hermit:LoneWolf","hermit:TrackingShot"],"picked":"hermit:Gambit","floor":23},{"not_picked":["hermit:TrackingShot","hermit:NoHoldsBarred+1"],"picked":"hermit:Gestalt+1","floor":25}],"player_experience":618381,"relics_obtained":[{"floor":7.0,"key":"Pen Nib"},{"floor":9.0,"key":"Replay:Rubber Ducky"},{"floor":17,"key":"Strawberry"},{"floor":17,"key":"Mirror"},{"floor":17,"key":"CaptainsWheel"},{"floor":23,"key":"Replay:Bottled Steam"},{"floor":26,"key":"Potion Belt"}],"event_choices":[{"damage_healed":0.0,"max_hp_gain":0.0,"max_hp_loss":0.0,"gold_gain":0.0,"event_name":"The Woman in Blue","player_choice":"Bought 0 Potions","floor":5.0,"gold_loss":0.0,"damage_taken":0.0},{"damage_healed":0,"gold_gain":0,"player_choice":"Got Potions","damage_taken":0,"max_hp_gain":0,"max_hp_loss":0,"event_name":"Lab","floor":14,"gold_loss":0},{"damage_healed":0,"gold_gain":0,"player_choice":"Opened","damage_taken":0,"relics_obtained":["Meat on the Bone"],"max_hp_gain":0,"max_hp_loss":0,"event_name":"The Mausoleum","floor":21,"gold_loss":0},{"damage_healed":0,"gold_gain":0,"player_choice":"Smashed Altar","damage_taken":0,"max_hp_gain":0,"max_hp_loss":0,"event_name":"Forgotten Altar","floor":22,"gold_loss":0,"cards_obtained":["Decay"]},{"damage_healed":0,"gold_gain":0,"player_choice":"Traded Relic","damage_taken":0,"relics_obtained":["Nloth\u0027s Gift"],"max_hp_gain":0,"max_hp_loss":0,"event_name":"N\u0027loth","floor":28,"relics_lost":["Potion Belt"],"gold_loss":0}],"is_beta":true,"boss_relics":[{"not_picked":["Velvet Choker","Philosopher\u0027s Stone"],"picked":"Calling Bell"}],"items_purged_floors":[],"is_endless":false,"potions_floor_spawned":[1,10,11,18,19],"killed_by":"Gremlin Leader","ascension_level":0}}