{"host":"mw3dmj42qtkbha4b","time":1612190410,"event":{"mods":["BaseMod","Colored Map","Colored Powertips","DeckTracker","Minty Spire (QoL Compilation)","StSLib","SuperFastMode"],"gold_per_floor":[116,116,116,41,64,104,117,117,169,169,205,225,225,225],"floor_reached":13,"language":"KOR","playtime":231,"items_purged":["Defend_P"],"score":236,"play_id":"d7182376-426e-4725-8c48-b316cf10bd8c","local_time":"20210201234010","is_ascension_mode":true,"campfire_choices":[{"data":"Eruption","floor":10.0,"key":"SMITH"}],"circlet_count":0,"master_deck":["AscendersBane","Strike_P","Strike_P","Strike_P","Strike_P","Defend_P","Defend_P","Defend_P","Eruption+1","Vigilance","BattleHymn"],"relics":["PureWater","NeowsBlessing","Golden Idol","Vajra","Regal Pillow","Sundial"],"acts_visited":["Exordium"],"potions_floor_usage":[13,13],"damage_taken":[{"damage":0.0,"enemies":"Jaw Worm","floor":1.0,"turns":1.0},{"damage":0.0,"enemies":"2 Louse","floor":5.0,"turns":1.0},{"damage":0.0,"enemies":"Gremlin Nob","floor":6.0,"turns":1.0},{"damage":0.0,"enemies":"Cultist","floor":7.0,"turns":2.0},{"damage":25,"enemies":"3 Sentries","floor":11,"turns":5},{"damage":10,"enemies":"Looter","floor":12,"turns":4},{"damage":15,"enemies":"Gremlin Nob","floor":13,"turns":2}],"seed_played":"6543694449510255585","potions_obtained":[{"floor":5.0,"key":"EssenceOfSteel"},{"floor":11,"key":"LiquidBronze"},{"floor":12,"key":"Dexterity Potion"}],"is_trial":false,"path_per_floor":["M","$","?","$","M","E","M","?","T","R","E","M","E"],"character_chosen":"WATCHER","items_purchased":[],"campfire_rested":0,"item_purchase_floors":[],"current_hp_per_floor":[61,61,38,38,38,38,38,38,38,38,13,3,0,0],"gold":225,"neow_bonus":"THREE_ENEMY_KILL","is_daily":false,"chose_seed":false,"campfire_upgraded":1,"win_rate":0.0,"timestamp":1612190410,"path_taken":["M","$","?","?","M","E","M","?","T","R","E","M","E"],"items_purchased_type":[],"build_version":"2020-12-22","purchased_purges":1,"victory":false,"max_hp_per_floor":[68,68,68,68,68,68,68,68,68,68,68,68,68,68],"card_choices":[{"not_picked":["CrushJoints","ClearTheMind","Halt"],"picked":"SKIP","floor":1.0},{"not_picked":["Weave","PathToVictory","CutThroughFate"],"picked":"SKIP","floor":5.0},{"not_picked":["ForeignInfluence","EmptyFist","Devotion"],"picked":"SKIP","floor":6.0},{"not_picked":["ThirdEye","BattleHymn","FlurryOfBlows"],"picked":"SKIP","floor":7.0},{"not_picked":["ThirdEye","FlurryOfBlows"],"picked":"BattleHymn","floor":7.0},{"not_picked":["SashWhip","Collect","CrushJoints"],"picked":"SKIP","floor":11},{"not_picked":["JustLucky","BowlingBash","EmptyBody"],"picked":"SKIP","floor":12}],"player_experience":1778542,"relics_obtained":[{"floor":6.0,"key":"Vajra"},{"floor":11,"key":"Sundial"}],"event_choices":[{"damage_healed":0.0,"max_hp_gain":0.0,"max_hp_loss":0.0,"gold_gain":0.0,"event_name":"Golden Idol","player_choice":"Take Damage","floor":3.0,"gold_loss":0.0,"damage_taken":23.0,"relics_obtained":["Golden Idol"]},{"damage_healed":0.0,"max_hp_gain":0.0,"max_hp_loss":0.0,"gold_gain":0.0,"event_name":"WeMeetAgain","player_choice":"Gave Potion","floor":8.0,"gold_loss":0.0,"damage_taken":0.0,"relics_obtained":["Regal Pillow"]}],"is_beta":false,"boss_relics":[],"items_purged_floors":[4],"is_endless":false,"potions_floor_spawned":[5,11,12],"killed_by":"Gremlin Nob","ascension_level":20}}