{"host":"rk1e5mmpnpniq13w","time":1612142867,"event":{"mods":["BaseMod","Colored Powertips","Hubris","Minty Spire (QoL Compilation)","Replay The Spire","StSLib","The Bug Knight"],"gold_per_floor":[111,122,134,18,18,50,50,50,50],"floor_reached":8,"language":"ENG","playtime":413,"items_purged":[],"score":70,"play_id":"feb769ef-f722-46bb-9dee-4b2ce03f6e66","local_time":"20210131202747","is_ascension_mode":true,"campfire_choices":[{"data":"Replay:Poison Smokescreen","floor":7,"key":"SMITH"}],"circlet_count":0,"master_deck":["Strike_G","Strike_G","Strike_G","Strike_G","Strike_G","Defend_G","Defend_G","Defend_G","Defend_G","Defend_G","Survivor","Neutralize","Toxin Wave","Replay:Poison Smokescreen+1","Poisoned Stab","Fluid Movement","Hidden Blade","Distraction"],"relics":["Ring of the Snake","Toy Ornithopter","Boot"],"acts_visited":["Exordium"],"potions_floor_usage":[8],"damage_taken":[{"damage":0,"enemies":"Cultist","floor":1,"turns":4},{"damage":3,"enemies":"Jaw Worm","floor":2,"turns":7},{"damage":0,"enemies":"2 Louse","floor":3,"turns":3},{"damage":30,"enemies":"Lagavulin","floor":6,"turns":8},{"damage":50,"enemies":"3 Sentries","floor":8,"turns":9}],"seed_played":"1575215281488909365","potions_obtained":[{"floor":1,"key":"Explosive Potion"}],"is_trial":false,"path_per_floor":["M","M","M","$","?","E","R","E"],"character_chosen":"THE_SILENT","items_purchased":["Fluid Movement","Hidden Blade"],"campfire_rested":0,"item_purchase_floors":[4,4],"current_hp_per_floor":[77,74,74,74,71,41,41,0,0],"gold":50,"neow_bonus":"TEN_PERCENT_HP_BONUS","is_daily":false,"chose_seed":false,"campfire_upgraded":1,"win_rate":0.0,"timestamp":1612142867,"path_taken":["M","M","M","$","?","E","R","E"],"items_purchased_type":["Card","Card"],"build_version":"2020-12-22","purchased_purges":0,"victory":false,"max_hp_per_floor":[77,77,77,77,77,77,77,77,77],"card_choices":[{"not_picked":["Flying Knee","PiercingWail"],"picked":"Toxin Wave","floor":1},{"not_picked":["Slice","Deflect"],"picked":"Replay:Poison Smokescreen","floor":2},{"not_picked":["PiercingWail","ReplayTheSpireMod:Exploit Weakness"],"picked":"Poisoned Stab","floor":3},{"not_picked":["Hidden Blade","PiercingWail"],"picked":"Distraction","floor":6}],"player_experience":412142,"relics_obtained":[{"floor":6,"key":"Boot"}],"event_choices":[{"damage_healed":0,"gold_gain":0,"player_choice":"Success","damage_taken":3,"relics_obtained":["Toy Ornithopter"],"max_hp_gain":0,"max_hp_loss":0,"event_name":"Scrap Ooze","floor":5,"gold_loss":0}],"is_beta":false,"boss_relics":[],"items_purged_floors":[],"is_endless":false,"potions_floor_spawned":[1],"killed_by":"3 Sentries","ascension_level":5}}