{"host":"zwezhz46a5cjkxff","time":1612146508,"event":{"mods":["AchievementEnabler","BaseMod","Colored Map","Colored Powertips","DeckTracker","Hermit","Minty Spire (QoL Compilation)","Permanent Neow","Quick Restart","Rare Cards Sparkle","Relic Stats","Robot Space Explorer","StSLib","SuperFastMode","The Hierophant","The Servant 0.9.4","Weighted Paths","slay the spire mod where everything is the same but ironclad has a cowboy hat"],"gold_per_floor":[111,122,141,141,160,185,185,201,201,201,151,76,76,104,104,202,202,217,233,233,233,245,274,274,300,323,323,248,67,67,139,139,236,236,248,260,260,279,293,322,334,334,334,334,334],"floor_reached":44,"language":"ENG","playtime":1427,"items_purged":["Defend_P","Strike_P"],"score":611,"play_id":"1337fdc0-f5ed-4bfa-9f82-c22664018fc8","local_time":"20210131202828","is_ascension_mode":false,"campfire_choices":[{"floor":7,"key":"RECALL"},{"data":"Ragnarok","floor":10,"key":"SMITH"},{"data":"WindmillStrike","floor":13,"key":"SMITH"},{"data":"Tantrum","floor":15,"key":"SMITH"},{"floor":24,"key":"DIG"},{"floor":27,"key":"REST"},{"floor":30,"key":"DIG"},{"floor":32,"key":"DIG"},{"floor":42,"key":"DIG"}],"circlet_count":0,"master_deck":["Strike_P+1","Strike_P+1","Defend_P+1","Defend_P+1","Eruption+1","Vigilance+1","Tantrum+1","WindmillStrike+1","Ragnarok+1","CutThroughFate","DevaForm","CurseOfTheBell","Conclude+1","LessonLearned+1","BattleHymn+1","Dramatic Entrance+1","FlurryOfBlows+1","TalkToTheHand+1","ThirdEye+1","TalkToTheHand+1","BattleHymn+1"],"relics":["PureWater","Oddly Smooth Stone","Mango","War Paint","Vajra","Mummified Hand","Calling Bell","PreservedInsect","Question Card","TungstenRod","Shovel","Regal Pillow","Boot","Blue Candle","Letter Opener","Omamori","Cursed Key","Darkstone Periapt","Art of War","Whetstone"],"acts_visited":["Exordium","TheCity","TheBeyond"],"potions_floor_usage":[8,16,16,22,33,33,33,33,33,36,40,44],"damage_taken":[{"damage":22,"enemies":"Jaw Worm","floor":1,"turns":2},{"damage":0,"enemies":"2 Louse","floor":2,"turns":2},{"damage":0,"enemies":"Cultist","floor":3,"turns":2},{"damage":12,"enemies":"2 Fungi Beasts","floor":5,"turns":2},{"damage":0,"enemies":"Gremlin Nob","floor":6,"turns":2},{"damage":0,"enemies":"Lots of Slimes","floor":8,"turns":2},{"damage":0,"enemies":"Lagavulin","floor":14,"turns":3},{"damage":0,"enemies":"Slime Boss","floor":16,"turns":3},{"damage":28,"enemies":"2 Thieves","floor":18,"turns":3},{"damage":3,"enemies":"Chosen","floor":19,"turns":3},{"damage":14,"enemies":"Snake Plant","floor":22,"turns":3},{"damage":0,"enemies":"Gremlin Leader","floor":23,"turns":3},{"damage":35,"enemies":"Slavers","floor":25,"turns":3},{"damage":41,"enemies":"Collector","floor":33,"turns":6},{"damage":22,"enemies":"3 Shapes","floor":35,"turns":3},{"damage":0,"enemies":"Orb Walker","floor":36,"turns":2},{"damage":0,"enemies":"Jaw Worm Horde","floor":38,"turns":2},{"damage":30,"enemies":"3 Darklings","floor":39,"turns":4},{"damage":16,"enemies":"Nemesis","floor":40,"turns":3},{"damage":0,"enemies":"Maw","floor":41,"turns":5},{"damage":24,"enemies":"Reptomancer","floor":44,"turns":3}],"seed_played":"564441496165046015","potions_obtained":[{"floor":1,"key":"BottledMiracle"},{"floor":3,"key":"PowerPotion"},{"floor":5,"key":"Dexterity Potion"},{"floor":8,"key":"PowerPotion"},{"floor":18,"key":"SkillPotion"},{"floor":23,"key":"EntropicBrew"},{"floor":25,"key":"LiquidMemories"},{"floor":33,"key":"SkillPotion"},{"floor":39,"key":"Ambrosia"},{"floor":40,"key":"LiquidBronze"}],"is_trial":false,"path_per_floor":["M","M","M","?","M","E","R","M","T","R","?","$","R","E","R","B",null,"M","M","?","?","M","E","R","E","T","R","?","$","R","T","R","B",null,"M","M","?","M","M","E","M","R","T","E"],"character_chosen":"WATCHER","items_purchased":["Dramatic Entrance"],"campfire_rested":1,"item_purchase_floors":[29],"current_hp_per_floor":[50,50,50,57,45,45,45,45,45,45,45,45,45,45,45,45,86,58,55,55,55,41,41,41,6,6,46,46,46,46,46,46,5,86,64,64,64,64,34,18,18,18,18,0,0],"gold":334,"neow_bonus":"RANDOM_COMMON_RELIC","is_daily":false,"chose_seed":false,"campfire_upgraded":3,"win_rate":0.0,"timestamp":1612146508,"path_taken":["M","M","M","?","M","E","R","M","T","R","?","$","R","E","R","BOSS","M","M","?","?","M","E","R","E","T","R","?","$","R","?","R","BOSS","M","M","?","?","M","E","M","R","T","E"],"items_purchased_type":["Card"],"build_version":"2020-12-22","purchased_purges":2,"victory":false,"max_hp_per_floor":[72,72,72,86,86,86,86,86,86,86,86,86,86,86,86,86,86,86,86,86,86,86,86,86,86,86,86,86,86,86,86,86,86,86,86,86,86,86,86,86,86,86,86,86,86],"relic_stats":{"Darkstone Periapt":0,"Regal Pillow":15,"counters":[21,61],"Blue Candle":[4],"PreservedInsect":189,"Letter Opener":[0],"Whetstone":["Eruption","LessonLearned"],"War Paint":["Defend_P","Defend_P"],"Question Card":12,"Boot":[76],"Cursed Key":1,"Shovel":4,"Mummified Hand":[25],"Art of War":[0],"obtain_stats":[{"Darkstone Periapt":40,"Regal Pillow":24,"Blue Candle":30,"Oddly Smooth Stone":0,"Vajra":9,"Mango":4,"PreservedInsect":17,"Omamori":32,"Letter Opener":31,"Whetstone":43,"War Paint":6,"Question Card":17,"Boot":25,"Cursed Key":34,"Calling Bell":17,"Shovel":23,"Mummified Hand":14,"Art of War":42,"PureWater":0,"TungstenRod":17},{"Darkstone Periapt":19,"Regal Pillow":12,"Blue Candle":13,"Oddly Smooth Stone":0,"Vajra":6,"Mango":3,"PreservedInsect":8,"Omamori":13,"Letter Opener":13,"Whetstone":20,"War Paint":5,"Question Card":8,"Boot":13,"Cursed Key":14,"Calling Bell":8,"Shovel":12,"Mummified Hand":7,"Art of War":20,"PureWater":0,"TungstenRod":8},{"Darkstone Periapt":53,"Regal Pillow":30,"Blue Candle":33,"Oddly Smooth Stone":0,"Vajra":12,"Mango":6,"PreservedInsect":18,"Omamori":33,"Letter Opener":33,"Whetstone":58,"War Paint":10,"Question Card":18,"Boot":33,"Cursed Key":39,"Calling Bell":18,"Shovel":30,"Mummified Hand":15,"Art of War":58,"PureWater":0,"TungstenRod":18}],"TungstenRod":35},"card_choices":[{"not_picked":["Adaptation","Swivel","InnerPeace"],"picked":"SKIP","floor":1},{"not_picked":["FlurryOfBlows","FollowUp"],"picked":"Tantrum","floor":2},{"not_picked":["Halt","EmptyFist"],"picked":"WindmillStrike","floor":3},{"not_picked":["Crescendo","SandsOfTime"],"picked":"Ragnarok","floor":5},{"not_picked":["Perseverance","PathToVictory"],"picked":"CutThroughFate","floor":6},{"not_picked":["FollowUp","EmptyBody","InnerPeace"],"picked":"SKIP","floor":8},{"not_picked":["Ragnarok","BowlingBash","Worship"],"picked":"SKIP","floor":14},{"not_picked":["MasterReality","Ragnarok"],"picked":"DevaForm","floor":16},{"not_picked":["Prostrate","DeceiveReality","ThirdEye+1","EmptyBody"],"picked":"SKIP","floor":18},{"not_picked":["EmptyBody+1","Consecrate","Prostrate+1"],"picked":"Conclude+1","floor":19},{"not_picked":["FlyingSleeves","SandsOfTime","Tantrum+1","Prostrate"],"picked":"SKIP","floor":22},{"not_picked":["Swivel","CutThroughFate","BowlingBash"],"picked":"BattleHymn+1","floor":23},{"not_picked":["EmptyBody","EmptyMind","Pray","BowlingBash+1"],"picked":"SKIP","floor":25},{"not_picked":["WreathOfFlame","EmptyBody+1","ReachHeaven+1"],"picked":"FlurryOfBlows+1","floor":35},{"not_picked":["Worship","SashWhip","FlurryOfBlows"],"picked":"TalkToTheHand+1","floor":36},{"not_picked":["Weave+1","Swivel","ThirdEye","Consecrate"],"picked":"SKIP","floor":38},{"not_picked":["Halt","SashWhip","SandsOfTime"],"picked":"ThirdEye+1","floor":39},{"not_picked":["FollowUp+1","CrushJoints","JustLucky"],"picked":"TalkToTheHand+1","floor":40},{"not_picked":["Wallop","SashWhip+1","CarveReality+1"],"picked":"BattleHymn+1","floor":41}],"player_experience":55689,"relics_obtained":[{"floor":6,"key":"War Paint"},{"floor":9,"key":"Vajra"},{"floor":14,"key":"Mummified Hand"},{"floor":17,"key":"PreservedInsect"},{"floor":17,"key":"Question Card"},{"floor":17,"key":"TungstenRod"},{"floor":23,"key":"Shovel"},{"floor":24,"key":"Regal Pillow"},{"floor":25,"key":"Boot"},{"floor":30,"key":"Blue Candle"},{"floor":31,"key":"Letter Opener"},{"floor":32,"key":"Omamori"},{"floor":40,"key":"Darkstone Periapt"},{"floor":42,"key":"Art of War"},{"floor":43,"key":"Whetstone"}],"event_choices":[{"damage_healed":0,"gold_gain":0,"player_choice":"Success","damage_taken":7,"relics_obtained":["Mango"],"max_hp_gain":0,"max_hp_loss":0,"event_name":"Scrap Ooze","floor":4,"gold_loss":0},{"cards_removed":["Strike_P"],"damage_healed":0,"gold_gain":0,"player_choice":"Card Removal","damage_taken":0,"max_hp_gain":0,"max_hp_loss":0,"event_name":"The Cleric","floor":11,"gold_loss":50},{"damage_healed":0,"gold_gain":0,"player_choice":"Read","damage_taken":0,"max_hp_gain":0,"max_hp_loss":0,"event_name":"The Library","floor":20,"gold_loss":0,"cards_obtained":["LessonLearned"]},{"damage_healed":0,"gold_gain":0,"player_choice":"Ignored","damage_taken":0,"max_hp_gain":0,"max_hp_loss":0,"event_name":"Ghosts","floor":21,"gold_loss":0},{"cards_removed":["Defend_P"],"damage_healed":0,"gold_gain":0,"player_choice":"Gave Gold","damage_taken":0,"max_hp_gain":0,"max_hp_loss":0,"event_name":"Beggar","floor":28,"gold_loss":75},{"damage_healed":0,"gold_gain":0,"player_choice":"Upgraded","damage_taken":0,"max_hp_gain":0,"max_hp_loss":0,"event_name":"Upgrade Shrine","floor":37,"gold_loss":0,"cards_upgraded":["Dramatic Entrance"]}],"is_beta":false,"boss_relics":[{"not_picked":["Tiny House","Pandora\u0027s Box"],"picked":"Calling Bell"},{"not_picked":["VioletLotus","Velvet Choker"],"picked":"Cursed Key"}],"items_purged_floors":[12,29],"is_endless":false,"potions_floor_spawned":[1,3,5,8,18,23,25,33,39,40],"killed_by":"Reptomancer","ascension_level":0}}