{"host":"l2dnabsh5e0fsksb","time":1612145141,"event":{"mods":["2.2 Compatiblity","BaseMod","Downfall","Minty Spire (QoL Compilation)","Quick Restart","StSLib"],"gold_per_floor":[99,99,199,199,199,199,269,302,86,100,116,126,126,154,170,170,170,170],"floor_reached":16,"language":"ENG","playtime":430,"items_purged":[],"score":238,"play_id":"4fd64b9a-d73d-432d-a496-64dfe444d6e5","local_time":"20210201123541","is_ascension_mode":true,"campfire_choices":[{"floor":1.0,"key":"RECALL"}],"circlet_count":0,"master_deck":["AscendersBane","bronze:Strike","bronze:Strike","bronze:Strike","bronze:Strike","bronze:Defend","bronze:Defend","bronze:Defend","bronze:Defend","bronze:Replicate","bronze:OilSpill","bronze:Iterate","bronze:Iterate","bronze:FineTuning+1","bronze:BuggyMess+1","bronze:FineTuning+1","bronze:Constructor+1","bronze:ChosenStrike","bronze:Repulsor","bronze:OilSpill"],"relics":["bronze:BronzeCore","downfall:HeartsMalice","Toxic Egg 2","Ice Cream","Tiny Chest","Potion Belt","Juzu Bracelet"],"acts_visited":["Exordium"],"potions_floor_usage":[12,16],"damage_taken":[{"damage":0.0,"enemies":"Jaw Worm","floor":2.0,"turns":1.0},{"damage":0.0,"enemies":"Small Slimes","floor":5.0,"turns":1.0},{"damage":0.0,"enemies":"Gremlin Nob","floor":8.0,"turns":1.0},{"damage":5.0,"enemies":"downfall:FleeingMerchant","floor":9.0,"turns":4.0},{"damage":0.0,"enemies":"Cultist","floor":10.0,"turns":2.0},{"damage":5.0,"enemies":"2 Fungi Beasts","floor":11.0,"turns":3.0},{"damage":15,"enemies":"Gremlin Gang","floor":12,"turns":6},{"damage":27,"enemies":"3 Sentries","floor":14,"turns":9},{"damage":22,"enemies":"Lots of Slimes","floor":15,"turns":5},{"damage":10,"enemies":"SI_SHIV_ARCHETYPE","floor":16,"turns":3}],"seed_played":"-4792399726824349249","potions_obtained":[{"floor":10.0,"key":"Fruit Juice"},{"floor":11.0,"key":"SkillPotion"},{"floor":14,"key":"SmokeBomb"},{"floor":15,"key":"SpeedPotion"}],"is_trial":false,"path_per_floor":["R","M","?","?","M","?","T","E","$","M","M","M","?","E","M","B"],"character_chosen":"THE_AUTOMATON","items_purchased":["bronze:BuggyMess+1","Tiny Chest"],"campfire_rested":0,"item_purchase_floors":[9,9],"current_hp_per_floor":[63,63,63,63,63,80,80,80,75,75,70,55,52,25,3,0,0,0],"gold":170,"neow_bonus":"THREE_ENEMY_KILL","is_daily":false,"chose_seed":false,"campfire_upgraded":0,"win_rate":0.0,"timestamp":1612145141,"path_taken":["R","M","?","?","?","?","T","E","$","?","M","?","?","E","M","BOSS"],"items_purchased_type":["Card","Relic"],"build_version":"2020-12-22","purchased_purges":0,"victory":false,"max_hp_per_floor":[70,70,70,70,70,80,80,80,80,80,80,80,80,80,80,85,85,85],"card_choices":[{"not_picked":["bronze:Overheat","bronze:BuggyMess"],"picked":"bronze:OilSpill","floor":2.0},{"not_picked":["bronze:BugBarrage","bronze:DarkDash"],"picked":"bronze:Iterate","floor":5.0},{"not_picked":["bronze:Repulsor","bronze:Shield+1"],"picked":"bronze:Iterate","floor":8.0},{"not_picked":["bronze:SpaghettiCode+1","bronze:Fortify"],"picked":"bronze:FineTuning+1","floor":9.0},{"not_picked":["bronze:Separator","bronze:Turbo+1"],"picked":"bronze:FineTuning+1","floor":10.0},{"not_picked":["bronze:Shield+1","bronze:Return+1"],"picked":"bronze:Constructor+1","floor":11.0},{"not_picked":["bronze:OilSpill","bronze:Frontload+1"],"picked":"bronze:ChosenStrike","floor":12},{"not_picked":["bronze:Allocate+1","bronze:BugBarrage"],"picked":"bronze:Repulsor","floor":14},{"not_picked":["bronze:BugBarrage","bronze:Overheat"],"picked":"bronze:OilSpill","floor":15}],"player_experience":1884487,"relics_obtained":[{"floor":7.0,"key":"Toxic Egg 2"},{"floor":8.0,"key":"Ice Cream"},{"floor":14,"key":"Juzu Bracelet"}],"event_choices":[{"cards_removed":["bronze:HardenedForm"],"damage_healed":7.0,"max_hp_gain":10.0,"max_hp_loss":0.0,"gold_gain":0.0,"event_name":"Bonfire Elementals","player_choice":"Offered Rare","floor":6.0,"gold_loss":0.0,"damage_taken":0.0},{"damage_healed":0,"gold_gain":0,"player_choice":"Success","damage_taken":3,"relics_obtained":["Potion Belt"],"max_hp_gain":0,"max_hp_loss":0,"event_name":"Scrap Ooze","floor":13,"gold_loss":0}],"is_beta":false,"boss_relics":[],"items_purged_floors":[],"is_endless":false,"potions_floor_spawned":[10,11,14,15],"killed_by":"SI_SHIV_ARCHETYPE","ascension_level":12}}