{"host":"xwgrz7y3g1a3iikb","time":1612139746,"event":{"mods":["BaseMod","Minty Spire (QoL Compilation)","Permanent Neow","Quick Restart","Relic Stats","StSLib"],"gold_per_floor":[109,109,123,123,135,165,165,240,240,258,258,258],"floor_reached":11,"language":"ENG","playtime":3538,"items_purged":[],"score":146,"play_id":"dccfa64c-a1b4-4b4d-89ef-367cd7d19170","local_time":"20210131163546","is_ascension_mode":true,"campfire_choices":[{"floor":7,"key":"REST"}],"circlet_count":0,"master_deck":["AscendersBane","Strike_G+1","Strike_G","Strike_G","Strike_G","Defend_G+1","Defend_G","Defend_G","Defend_G","Survivor","Neutralize","Choke","Blade Dance","Terror","Slice","Infinite Blades"],"relics":["Empty Cage","Kunai","Mummified Hand"],"acts_visited":["Exordium"],"potions_floor_usage":[6,11],"damage_taken":[{"damage":5,"enemies":"Jaw Worm","floor":1,"turns":6},{"damage":2,"enemies":"2 Louse","floor":3,"turns":4},{"damage":0,"enemies":"Small Slimes","floor":5,"turns":2},{"damage":20,"enemies":"Lagavulin","floor":6,"turns":6},{"damage":10,"enemies":"3 Louse","floor":10,"turns":4},{"damage":17,"enemies":"3 Sentries","floor":11,"turns":2}],"seed_played":"-4887342843040060465","potions_obtained":[{"floor":5,"key":"Strength Potion"},{"floor":10,"key":"CultistPotion"}],"is_trial":false,"path_per_floor":["M","?","M","?","M","E","R","?","T","M","E"],"character_chosen":"THE_SILENT","items_purchased":[],"campfire_rested":1,"item_purchase_floors":[],"current_hp_per_floor":[54,59,57,36,36,16,37,26,26,16,0,0],"gold":258,"neow_bonus":"BOSS_RELIC","is_daily":false,"chose_seed":false,"campfire_upgraded":0,"win_rate":0.0,"timestamp":1612139746,"path_taken":["M","?","M","?","M","E","R","?","T","M","E"],"items_purchased_type":[],"build_version":"2020-12-22","purchased_purges":0,"victory":false,"max_hp_per_floor":[66,71,71,71,71,71,71,71,71,71,71,71],"relic_stats":{"counters":[6,24],"Mummified Hand":[0],"Kunai":[3],"obtain_stats":[{"Mummified Hand":9,"Kunai":6,"Empty Cage":0,"Ring of the Snake":0},{"Mummified Hand":4,"Kunai":4,"Empty Cage":0,"Ring of the Snake":0},{"Mummified Hand":18,"Kunai":18,"Empty Cage":0,"Ring of the Snake":0}]},"card_choices":[{"not_picked":["Prepared","Setup"],"picked":"Choke","floor":1},{"not_picked":["Poisoned Stab","Expertise"],"picked":"Blade Dance","floor":3},{"not_picked":["Distraction","Dagger Spray"],"picked":"Terror","floor":5},{"not_picked":["Quick Slash","Blur"],"picked":"Slice","floor":6},{"not_picked":["Flechettes","Cloak And Dagger"],"picked":"Infinite Blades","floor":10}],"player_experience":303866,"relics_obtained":[{"floor":6,"key":"Kunai"},{"floor":9,"key":"Mummified Hand"}],"event_choices":[{"damage_healed":0,"gold_gain":0,"player_choice":"Donut","damage_taken":0,"max_hp_gain":5,"max_hp_loss":0,"event_name":"Big Fish","floor":2,"gold_loss":0},{"damage_healed":0,"gold_gain":0,"player_choice":"Entered Light","damage_taken":21,"max_hp_gain":0,"max_hp_loss":0,"event_name":"Shining Light","floor":4,"gold_loss":0,"cards_upgraded":["Defend_G","Strike_G"]},{"damage_healed":0,"gold_gain":75,"player_choice":"Gather Gold","damage_taken":11,"max_hp_gain":0,"max_hp_loss":0,"event_name":"World of Goop","floor":8,"gold_loss":0}],"is_beta":false,"boss_relics":[],"items_purged_floors":[],"is_endless":false,"potions_floor_spawned":[5,10],"killed_by":"3 Sentries","ascension_level":20}}