{"host":"vyiqbz5w606ur92t","time":1612217117,"event":{"mods":["BaseMod","Downfall","Minty Spire (QoL Compilation)","StSLib"],"gold_per_floor":[99,114,130,40,50,82,82,101,132,17,17,49,64,84,104,203,203,103,103,203,203,223,123,123,154,54,67,52,84,84,102,116,217,217,217,270,270,270,287,250,250,260,295,295,321,371,402,422,433,433,433,460,20,20,20,20],"floor_reached":57,"language":"ENG","playtime":7975,"items_purged":["hexamod:Strike","hexamod:Strike","hexamod:Defend","hexamod:Defend"],"score":1620,"play_id":"73ace71b-3efa-4fd0-8b7a-3a534820b023","local_time":"20210201220517","is_ascension_mode":true,"campfire_choices":[{"data":"Metamorphosis","floor":1,"key":"SMITH"},{"data":"hexamod:GhostOfSpirePast","floor":11,"key":"SMITH"},{"floor":18,"key":"RECALL"},{"data":"hexamod:Rewind","floor":23,"key":"SMITH"},{"data":"hexamod:TimeWarp","floor":26,"key":"SMITH"},{"data":"hexamod:Float","floor":30,"key":"SMITH"},{"data":"hexamod:WildfireWeapon","floor":35,"key":"SMITH"},{"data":"hexamod:WildfireWeapon","floor":44,"key":"SMITH"},{"data":"hexamod:RainOfEmbers","floor":54,"key":"SMITH"}],"circlet_count":0,"master_deck":["hexamod:Defend","hexamod:Defend","hexamod:Sear","hexamod:Float+1","Metamorphosis+1","hexamod:Rewind+1","hexamod:HauntingEcho","hexamod:SpectersWail+1","hexamod:NightmareGuise","hexamod:ChargedBarrage+1","hexamod:Rewind+1","hexamod:EtherealExpedition+1","hexamod:GhostOfSpirePast+1","hexamod:RetreatToShadows+1","hexamod:GhostflameBarrier+1","hexamod:Hexaguard+1","hexamod:BurningTouch+1","hexamod:TimeWarp+1","hexamod:Haunt+1","J.A.X.+1","hexamod:HauntingEcho","hexamod:GhostShield+1","hexamod:PhantomFireball+1","hexamod:Rewind+1","hexamod:VolcanoVisage","hexamod:WildfireWeapon+1","hexamod:SuperheatedStrike+1","hexamod:SkipABeat+1","hexamod:WildfireWeapon+1","hexamod:Hexaguard+1","expansioncontent:YouAreMine+1","expansioncontent:HyperBeam","hexamod:TimeWarp+1","hexamod:ThermalTransfer+1","hexamod:HeatShield+1","hexamod:ApocalypseNow+1","hexamod:RainOfEmbers+1"],"relics":["hexamod:SpiritBrand","Toxic Egg 2","Anchor","Ornamental Fan","Du-Vu Doll","hexamod:IceCube","downfall:HeartBlessingGreen","MutagenicStrength","downfall:HeartBlessingRed","Whetstone","downfall:HeartBlessingBlue","Kunai","Cursed Key","CaptainsWheel","Bottled Lightning","Bronze Scales","Dream Catcher","Lizard Tail","Lantern","Mercury Hourglass","Membership Card","Shuriken","Art of War"],"acts_visited":["Exordium","TheCity","TheBeyond","TheEnding"],"potions_floor_usage":[9,33,36,36,46,56,56,56],"damage_taken":[{"damage":0,"enemies":"Cultist","floor":2,"turns":3},{"damage":6,"enemies":"2 Louse","floor":3,"turns":2},{"damage":0,"enemies":"downfall:FleeingMerchant","floor":4,"turns":4},{"damage":0,"enemies":"Small Slimes","floor":5,"turns":3},{"damage":0,"enemies":"3 Sentries","floor":6,"turns":4},{"damage":0,"enemies":"3 Louse","floor":8,"turns":3},{"damage":1,"enemies":"Gremlin Nob","floor":9,"turns":3},{"damage":0,"enemies":"downfall:FleeingMerchant","floor":10,"turns":4},{"damage":0,"enemies":"3 Sentries","floor":12,"turns":4},{"damage":5,"enemies":"Exordium Thugs","floor":13,"turns":5},{"damage":4,"enemies":"Large Slime","floor":14,"turns":4},{"damage":0,"enemies":"Blue Slaver","floor":15,"turns":3},{"damage":26,"enemies":"DF_ARCHETYPE_STREAMLINE","floor":16,"turns":6},{"damage":3,"enemies":"downfall:Augmenter","floor":20,"turns":4},{"damage":0,"enemies":"Shell Parasite","floor":22,"turns":3},{"damage":0,"enemies":"Slavers","floor":25,"turns":4},{"damage":0,"enemies":"Spheric Guardian","floor":27,"turns":3},{"damage":8,"enemies":"downfall:FleeingMerchant","floor":28,"turns":4},{"damage":6,"enemies":"Gremlin Leader","floor":29,"turns":4},{"damage":0,"enemies":"Cultist and Chosen","floor":31,"turns":3},{"damage":8,"enemies":"Snecko","floor":32,"turns":5},{"damage":10,"enemies":"SI_MIRROR_ARCHETYPE","floor":33,"turns":7},{"damage":12,"enemies":"2 Orb Walkers","floor":36,"turns":4},{"damage":0,"enemies":"3 Shapes","floor":39,"turns":2},{"damage":0,"enemies":"downfall:FleeingMerchant","floor":40,"turns":2},{"damage":3,"enemies":"Orb Walker","floor":42,"turns":2},{"damage":20,"enemies":"Nemesis","floor":43,"turns":7},{"damage":3,"enemies":"Reptomancer","floor":45,"turns":5},{"damage":2,"enemies":"Reptomancer","floor":46,"turns":4},{"damage":0,"enemies":"Giant Head","floor":47,"turns":5},{"damage":0,"enemies":"3 Darklings","floor":48,"turns":4},{"damage":0,"enemies":"Sphere and 2 Shapes","floor":49,"turns":3},{"damage":9,"enemies":"IC_BLOCK_ARCHETYPE","floor":50,"turns":8},{"damage":13,"enemies":"downfall:CharBossMerchant","floor":52,"turns":7},{"damage":49,"enemies":"downfall:NeowBoss","floor":55,"turns":13},{"damage":49,"enemies":"downfall:NeowBossFinal","floor":56,"turns":10}],"seed_played":"8496084974374943224","potions_obtained":[{"floor":2,"key":"Fruit Juice"},{"floor":3,"key":"SpeedPotion"},{"floor":6,"key":"PowerPotion"},{"floor":12,"key":"Block Potion"},{"floor":14,"key":"Explosive Potion"},{"floor":31,"key":"Regen Potion"},{"floor":33,"key":"Fruit Juice"},{"floor":36,"key":"Fire Potion"},{"floor":39,"key":"champ:CounterPotion"},{"floor":43,"key":"Ancient Potion"},{"floor":45,"key":"SneckoOil"},{"floor":48,"key":"Guardian:BlockOnCardUsePotion"}],"is_trial":false,"path_per_floor":["R","M","M","$","M","E","T","M","E","$","R","E","M","M","M","B",null,"R","?","?","?","M","R","T","E","R","M","$","E","R","M","M","B",null,"R","?","?","?","M","$","T","M","E","R","E","?","E","M","M","B",null,"E","$","R","B","B",null],"character_chosen":"THE_SPIRIT","items_purchased":["Bottled Lightning","Membership Card","Shuriken","hexamod:RainOfEmbers","Art of War"],"campfire_rested":0,"item_purchase_floors":[40,53,53,53,53],"current_hp_per_floor":[63,63,57,57,57,57,57,57,56,56,56,56,51,47,47,21,63,63,52,49,49,49,49,49,49,59,59,51,45,45,45,37,39,78,78,71,66,66,66,66,66,63,43,43,40,38,38,38,38,29,83,70,70,70,21,15],"gold":20,"neow_bonus":"RANDOM_COLORLESS_2","is_daily":false,"chose_seed":false,"campfire_upgraded":8,"win_rate":0.0,"timestamp":1612217117,"path_taken":["R","M","M","?","M","E","T","M","E","$","R","E","?","M","M","BOSS","R","?","?","?","M","R","T","E","R","M","$","E","R","M","M","BOSS","R","?","?","?","?","$","T","M","E","R","E","?","E","M","M","BOSS","E","$","R","BOSS","BOSS"],"items_purchased_type":["Relic","Relic","Relic","Card","Relic"],"build_version":"2020-12-22","purchased_purges":4,"victory":true,"max_hp_per_floor":[63,63,63,63,63,63,63,63,63,63,63,63,63,63,63,63,63,63,68,68,68,68,68,68,68,78,78,78,78,78,78,78,78,78,78,83,83,83,83,83,83,83,83,83,83,83,83,83,83,83,83,83,83,83,83,83],"card_choices":[{"not_picked":["Chrysalis","Panache"],"picked":"Metamorphosis","floor":0},{"not_picked":["hexamod:HauntingEcho","hexamod:NightmareGuise"],"picked":"hexamod:Rewind","floor":2},{"not_picked":["hexamod:SwordOfDarkness","hexamod:GhostLash"],"picked":"hexamod:HauntingEcho","floor":3},{"not_picked":["hexamod:BurningTouch","hexamod:HauntingEcho"],"picked":"hexamod:SpectersWail","floor":4},{"not_picked":["hexamod:HauntingEcho","hexamod:SoulSteal"],"picked":"hexamod:NightmareGuise","floor":5},{"not_picked":["hexamod:HeatCrush","hexamod:SwordOfDarkness"],"picked":"hexamod:ChargedBarrage+1","floor":6},{"not_picked":["hexamod:ShieldOfDarkness+1","hexamod:GhostOfSpireFuture"],"picked":"hexamod:Rewind+1","floor":8},{"not_picked":["hexamod:CatchUp+1","hexamod:ForkedFlame"],"picked":"hexamod:EtherealExpedition+1","floor":9},{"not_picked":["hexamod:RecurringNightmare+1","hexamod:StepThrough"],"picked":"hexamod:GhostOfSpirePast","floor":10},{"not_picked":["hexamod:RainOfEmbers","hexamod:AdvancingGuard+1"],"picked":"hexamod:RetreatToShadows+1","floor":12},{"not_picked":["hexamod:HeatMetal","hexamod:Hexaguard+1"],"picked":"hexamod:GhostflameBarrier+1","floor":13},{"not_picked":["hexamod:ThermalTransfer","hexamod:Hexaguard+1","hexamod:HeatMetal"],"picked":"SKIP","floor":14},{"not_picked":["hexamod:ThermalTransfer","hexamod:HeatMetal"],"picked":"hexamod:Hexaguard+1","floor":14},{"not_picked":["hexamod:FlamesFromBeyond+1","hexamod:RetreatToShadows+1"],"picked":"hexamod:BurningTouch+1","floor":15},{"not_picked":["hexamod:TurnItUp+1","hexamod:TimeOfNeed+1"],"picked":"hexamod:TimeWarp","floor":16},{"not_picked":["hexamod:PhantomFireball+1","hexamod:FlamesFromBeyond+1"],"picked":"hexamod:Haunt+1","floor":20},{"not_picked":[],"picked":"J.A.X.","floor":20},{"not_picked":["hexamod:InspiringFlames+1","hexamod:GhostLash+1","hexamod:Hexaguard+1"],"picked":"SKIP","floor":22},{"not_picked":["hexamod:HeatMetal","hexamod:FourthSeal"],"picked":"hexamod:Rewind+1","floor":25},{"not_picked":["hexamod:SecondSeal","hexamod:HeatShield+1"],"picked":"hexamod:VolcanoVisage","floor":27},{"not_picked":["hexamod:RetreatToShadows+1","hexamod:GhostShield+1"],"picked":"hexamod:WildfireWeapon","floor":28},{"not_picked":["hexamod:NecessarySacrifice+1","hexamod:BurningTouch+1","hexamod:FourthSeal"],"picked":"SKIP","floor":29},{"not_picked":["hexamod:NightmareGuise+1","hexamod:BurningTouch+1"],"picked":"hexamod:SuperheatedStrike+1","floor":31},{"not_picked":["hexamod:NightmareGuise+1","hexamod:BacktrackSmack"],"picked":"hexamod:SkipABeat+1","floor":32},{"not_picked":["hexamod:UnleashSpirits","hexamod:ParanormalForm"],"picked":"hexamod:WildfireWeapon","floor":33},{"not_picked":["hexamod:SpectersWail","hexamod:BurningTouch+1"],"picked":"hexamod:Hexaguard+1","floor":36},{"not_picked":["expansioncontent:AwakenDeath","expansioncontent:PrepareCrush"],"picked":"expansioncontent:YouAreMine","floor":37},{"not_picked":["expansioncontent:InvincibleStrength","expansioncontent:AwakenDeath"],"picked":"expansioncontent:HyperBeam","floor":37},{"not_picked":["hexamod:NecessarySacrifice+1","hexamod:SpectralAdrenaline+1","hexamod:Hexaguard+1"],"picked":"SKIP","floor":39},{"not_picked":["hexamod:FlamesFromBeyond+1","hexamod:RadiantFlame","hexamod:BurningTouch+1"],"picked":"SKIP","floor":40},{"not_picked":["hexamod:ThirdSeal","hexamod:SpectralAdrenaline+1","hexamod:GhostOfSpireFuture+1"],"picked":"SKIP","floor":42},{"not_picked":["hexamod:SuperheatedStrike","hexamod:BurningTouch+1","hexamod:ThermalTransfer"],"picked":"SKIP","floor":43},{"not_picked":["hexamod:WildfireWeapon","hexamod:SpectersWail+1"],"picked":"hexamod:ThermalTransfer+1","floor":45},{"not_picked":["hexamod:HauntingEcho","hexamod:FlamesFromBeyond+1"],"picked":"hexamod:HeatShield+1","floor":46},{"not_picked":["hexamod:ShieldOfDarkness+1","hexamod:FourthSeal","hexamod:DynamicBlow+1"],"picked":"SKIP","floor":47},{"not_picked":["hexamod:PowerFromBeyond+1","hexamod:GhostLash","hexamod:NecessarySacrifice+1"],"picked":"SKIP","floor":48},{"not_picked":["hexamod:BacktrackSmack+1","hexamod:GhostShield+1"],"picked":"hexamod:ApocalypseNow+1","floor":49},{"not_picked":["hexamod:SpectralAdrenaline+1","hexamod:ChargedBarrage+1","hexamod:SoulSteal+1"],"picked":"SKIP","floor":52}],"player_experience":1334348,"relics_obtained":[{"floor":6,"key":"Toxic Egg 2"},{"floor":7,"key":"Anchor"},{"floor":9,"key":"Ornamental Fan"},{"floor":12,"key":"Du-Vu Doll"},{"floor":20,"key":"MutagenicStrength"},{"floor":25,"key":"Whetstone"},{"floor":29,"key":"Kunai"},{"floor":36,"key":"CaptainsWheel"},{"floor":43,"key":"Bronze Scales"},{"floor":45,"key":"Dream Catcher"},{"floor":46,"key":"Lizard Tail"},{"floor":47,"key":"Lantern"},{"floor":52,"key":"Mercury Hourglass"}],"event_choices":[{"damage_healed":0,"gold_gain":0,"player_choice":"Read","damage_taken":0,"max_hp_gain":0,"max_hp_loss":0,"event_name":"The Library","floor":21,"gold_loss":0,"cards_obtained":["hexamod:PhantomFireball"]},{"damage_healed":0,"gold_gain":0,"player_choice":"Fight","damage_taken":0,"max_hp_gain":0,"max_hp_loss":0,"event_name":"Mysterious Sphere","floor":36,"gold_loss":0}],"is_beta":false,"boss_relics":[{"not_picked":["Runic Dome","Philosopher\u0027s Stone"],"picked":"hexamod:IceCube"},{"not_picked":["SlaversCollar","Astrolabe"],"picked":"Cursed Key"}],"items_purged_floors":[4,10,40,53],"is_endless":false,"potions_floor_spawned":[2,3,6,12,14,16,20,27,31,33,36,39,43,45,48,52],"ascension_level":2}}