{"host":"krw8blyxua7at9ak","time":1612147729,"event":{"mods":["BaseMod","Highlight Path","Minty Spire (QoL Compilation)","ojb\u0027s Info Mod"],"gold_per_floor":[114,114,114,114,114,114,57,85,85,85,98,111,129,159,159,159,159],"floor_reached":16,"language":"ENG","playtime":338,"items_purged":[],"score":266,"play_id":"7de24db2-76fc-4cf3-8202-86683c7948ce","local_time":"20210201034849","is_ascension_mode":true,"campfire_choices":[{"floor":6,"key":"REST"},{"floor":15,"key":"REST"}],"circlet_count":0,"master_deck":["AscendersBane","Strike_G+1","Strike_G+1","Strike_G","Strike_G","Defend_G","Defend_G","Defend_G","Defend_G","Defend_G","Survivor","Neutralize","Blade Dance","Adrenaline","A Thousand Cuts","Backstab","Die Die Die"],"relics":["Ring of the Snake","NeowsBlessing","Vajra","Centennial Puzzle","Ornamental Fan","Letter Opener"],"acts_visited":["Exordium"],"potions_floor_usage":[16],"damage_taken":[{"damage":0,"enemies":"2 Louse","floor":1,"turns":1},{"damage":0,"enemies":"Lagavulin","floor":8,"turns":1},{"damage":0,"enemies":"Jaw Worm","floor":11,"turns":1},{"damage":0,"enemies":"Small Slimes","floor":12,"turns":2},{"damage":2,"enemies":"Gremlin Gang","floor":13,"turns":4},{"damage":19,"enemies":"3 Sentries","floor":14,"turns":8},{"damage":22,"enemies":"Slime Boss","floor":16,"turns":5}],"seed_played":"-597685495842055818","potions_obtained":[{"floor":1,"key":"Fire Potion"},{"floor":12,"key":"Ancient Potion"}],"is_trial":false,"path_per_floor":["M","?","$","?","$","R","$","E","T","?","M","M","M","E","R","B"],"character_chosen":"THE_SILENT","items_purchased":["Blade Dance"],"campfire_rested":2,"item_purchase_floors":[7],"current_hp_per_floor":[59,39,39,4,4,23,23,23,23,23,23,23,21,2,21,0,0],"gold":159,"neow_bonus":"THREE_ENEMY_KILL","is_daily":false,"chose_seed":false,"campfire_upgraded":0,"win_rate":0.0,"timestamp":1612147729,"path_taken":["M","?","$","?","$","R","$","E","T","?","?","M","M","E","R","BOSS"],"items_purchased_type":["Card"],"build_version":"2020-12-22","purchased_purges":0,"victory":false,"max_hp_per_floor":[66,66,66,66,66,66,66,66,66,66,66,66,66,66,66,66,66],"card_choices":[{"not_picked":["Tactician","Blur","Concentrate"],"picked":"SKIP","floor":1},{"not_picked":["Poisoned Stab","Accuracy"],"picked":"Adrenaline","floor":8},{"not_picked":["Distraction","PiercingWail","Deflect"],"picked":"SKIP","floor":11},{"not_picked":["Skewer","Escape Plan"],"picked":"Backstab","floor":12},{"not_picked":["Crippling Poison","Deadly Poison","Poisoned Stab"],"picked":"SKIP","floor":13},{"not_picked":["Crippling Poison","Acrobatics"],"picked":"Die Die Die","floor":14}],"player_experience":376991,"relics_obtained":[{"floor":8,"key":"Centennial Puzzle"},{"floor":9,"key":"Ornamental Fan"},{"floor":14,"key":"Letter Opener"}],"event_choices":[{"damage_healed":0,"gold_gain":0,"player_choice":"Entered Light","damage_taken":20,"max_hp_gain":0,"max_hp_loss":0,"event_name":"Shining Light","floor":2,"gold_loss":0,"cards_upgraded":["Strike_G","Strike_G"]},{"damage_healed":0,"gold_gain":0,"player_choice":"Success","damage_taken":35,"relics_obtained":["Vajra"],"max_hp_gain":0,"max_hp_loss":0,"event_name":"Scrap Ooze","floor":4,"gold_loss":0},{"damage_healed":0,"gold_gain":0,"cards_transformed":["Strike_G"],"player_choice":"Transformed","damage_taken":0,"max_hp_gain":0,"max_hp_loss":0,"event_name":"Transmorgrifier","floor":10,"gold_loss":0,"cards_obtained":["A Thousand Cuts"]}],"is_beta":false,"boss_relics":[],"items_purged_floors":[],"is_endless":false,"potions_floor_spawned":[1,12],"killed_by":"Slime Boss","ascension_level":20}}