{"host":"l8j2eaviddq1qvzn","time":1612214611,"event":{"mods":["BaseMod","Infinite Spire","Minty Spire (QoL Compilation)","Practice Mode","Replay The Spire","StSLib"],"gold_per_floor":[119,138,156,20,40,40,57,69,69,88,98,111,211,2,2,103,103,119,119,119,135,150,150,166,183,183,40,60,60,74,74,74,174,174,201,201,226,253,279,279,311,311,311,343,384,384,39,62,62,62],"floor_reached":51,"language":"ENG","playtime":5629,"items_purged":[],"score":551,"play_id":"38924128-94dd-4739-8067-f9833e4754ae","local_time":"20210201222331","is_ascension_mode":false,"campfire_choices":[{"floor":6,"key":"REST"},{"floor":15,"key":"REST"},{"floor":23,"key":"REST"},{"floor":29,"key":"REST"},{"floor":32,"key":"REST"},{"floor":40,"key":"REST"},{"floor":46,"key":"REST"},{"data":"Blade Dance","floor":49,"key":"SMITH"}],"circlet_count":0,"master_deck":["Strike_G+1","Strike_G+1","Strike_G+1","Strike_G+1","Strike_G+1","Defend_G+1","Defend_G+1","Defend_G+1","Defend_G+1","Defend_G+1","Survivor","Neutralize","Hidden Blade","Dagger Spray","Dagger Spray","Mind Blast","Blade Dance","Outmaneuver+1","Deadly Poison","Hidden Blade","PiercingWail","Backflip","Slice","Noxious Fumes","Escape Plan+1","Backstab","Die Die Die","Endless Agony+1","Deflect+1","Dagger Throw","ReplayTheSpireMod:The Works","Dodge and Roll","Acrobatics","Dodge and Roll","Sucker Punch+1","Footwork","Dodge and Roll","Blur","PiercingWail+1","infinitespire:FutureSight","AbeCurse","Adrenaline","Blade Dance+1","Madness","Madness","Quick Slash+1","Poisoned Stab+1","Distraction","Endless Agony","ReplayTheSpireMod:Shiv Toss","Toxin Wave","Crippling Poison","Parasite","Endless Agony"],"relics":["Ring of the Snake","infinitespire:Bottled Soul","SlaversCollar","Ice Cream","Orrery","Durian","ReplayTheSpireMod:DimensionalGlitch","WristBlade","infinitespire:EvilPickle","Happy Flower","Meat on the Bone","Pantograph"],"acts_visited":["Exordium","TheCity","TheBeyond"],"potions_floor_usage":[22,24,25,33,33,41,50,50,50],"damage_taken":[{"damage":2,"enemies":"Jaw Worm","floor":1,"turns":8},{"damage":7,"enemies":"Cultist","floor":2,"turns":7},{"damage":0,"enemies":"2 Louse","floor":3,"turns":3},{"damage":2,"enemies":"Looter","floor":5,"turns":3},{"damage":4,"enemies":"Large Slime","floor":7,"turns":7},{"damage":13,"enemies":"Blue Slaver","floor":8,"turns":5},{"damage":0,"enemies":"Looter","floor":10,"turns":4},{"damage":3,"enemies":"Red Slaver","floor":11,"turns":4},{"damage":11,"enemies":"3 Louse","floor":12,"turns":3},{"damage":47,"enemies":"The Guardian","floor":16,"turns":14},{"damage":12,"enemies":"Chosen","floor":18,"turns":5},{"damage":0,"enemies":"3 Byrds","floor":21,"turns":3},{"damage":16,"enemies":"Cultist and Chosen","floor":22,"turns":6},{"damage":7,"enemies":"Snecko","floor":24,"turns":5},{"damage":31,"enemies":"Snake Plant","floor":25,"turns":5},{"damage":12,"enemies":"Centurion and Healer","floor":28,"turns":6},{"damage":7,"enemies":"Shelled Parasite and Fungi","floor":30,"turns":13},{"damage":40,"enemies":"Pondfish","floor":33,"turns":15},{"damage":1,"enemies":"Orb Walker","floor":35,"turns":3},{"damage":31,"enemies":"3 Darklings","floor":37,"turns":5},{"damage":19,"enemies":"Transient","floor":39,"turns":5},{"damage":0,"enemies":"Sphere and 2 Shapes","floor":41,"turns":4},{"damage":6,"enemies":"3 Darklings","floor":44,"turns":6},{"damage":10,"enemies":"Transient","floor":45,"turns":5},{"damage":3,"enemies":"Writhing Mass","floor":48,"turns":11},{"damage":100,"enemies":"Donu and Deca","floor":50,"turns":10}],"seed_played":"-4736323142528070106","potions_obtained":[{"floor":3,"key":"DistilledChaos"},{"floor":5,"key":"DuplicationPotion"},{"floor":8,"key":"Dexterity Potion"},{"floor":11,"key":"LiquidMemories"},{"floor":25,"key":"Doom Potion"},{"floor":28,"key":"Energy Potion"},{"floor":30,"key":"LiquidMemories"},{"floor":33,"key":"Energy Potion"},{"floor":44,"key":"CultistPotion"},{"floor":45,"key":"Doom Potion"}],"is_trial":false,"path_per_floor":["M","M","M","$","M","R","M","M","T","M","M","M","?","$","R","B",null,"M","?","?","M","M","R","M","M","T","$","M","R","M","AVR","R","B",null,"M","?","M","T","M","R","M","?","T","M","M","R","$","M","R","B",null],"character_chosen":"THE_SILENT","items_purchased":["Mind Blast","Blade Dance","Noxious Fumes","Escape Plan+1","Backstab","Orrery","Toxin Wave","Pantograph","Crippling Poison"],"campfire_rested":7,"item_purchase_floors":[4,4,14,14,14,27,47,47,47],"current_hp_per_floor":[75,68,68,68,66,77,73,60,60,60,57,46,46,46,69,22,77,65,65,51,51,35,59,52,21,21,21,9,33,26,31,57,17,87,86,75,44,44,25,51,51,51,51,45,41,67,67,64,64,59],"gold":62,"neow_bonus":"TEN_PERCENT_HP_BONUS","is_daily":false,"chose_seed":false,"campfire_upgraded":1,"win_rate":0.0,"timestamp":1612214611,"path_taken":["M","M","M","$","M","R","M","M","T","M","M","M","?","$","R","BOSS","M","?","?","M","M","R","M","M","T","?","M","R","M","AVR","R","BOSS","M","?","M","?","?","R","M","?","T","?","M","R","$","M","R","BOSS"],"items_purchased_type":["Card","Card","Card","Card","Card","Relic","Card","Relic","Card"],"build_version":"2020-12-22","purchased_purges":0,"victory":true,"max_hp_per_floor":[77,77,77,77,77,77,77,77,77,77,77,77,77,77,77,77,77,77,77,82,82,82,82,82,82,82,82,82,82,82,87,87,87,87,87,87,87,87,87,87,87,87,87,87,87,87,87,87,87,87],"card_choices":[{"not_picked":["Choke","Underhanded Strike"],"picked":"Hidden Blade","floor":1},{"not_picked":["Slice","Hidden Blade"],"picked":"Dagger Spray","floor":2},{"not_picked":["Acrobatics","Dagger Throw"],"picked":"Dagger Spray","floor":3},{"not_picked":["Poisoned Stab","Flechettes"],"picked":"Outmaneuver","floor":5},{"not_picked":["Quick Slash","Masterful Stab"],"picked":"Deadly Poison","floor":7},{"not_picked":["Poisoned Stab","Prepared"],"picked":"Hidden Blade","floor":8},{"not_picked":["Backflip","Slice"],"picked":"PiercingWail","floor":10},{"not_picked":["ReplayTheSpireMod:Tripwire","Outmaneuver"],"picked":"Backflip","floor":11},{"not_picked":["Dagger Spray","Poisoned Stab"],"picked":"Slice","floor":12},{"not_picked":["Venomology","Atom Bomb"],"picked":"Die Die Die","floor":16},{"not_picked":["Blade Dance","Deadly Poison"],"picked":"Endless Agony+1","floor":18},{"not_picked":["Quick Slash+1","Deadly Poison"],"picked":"Deflect+1","floor":21},{"not_picked":["Deadly Poison","Quick Slash"],"picked":"Dagger Throw","floor":22},{"not_picked":["Reflex","Deflect"],"picked":"ReplayTheSpireMod:The Works","floor":24},{"not_picked":["PiercingWail","Poisoned Stab"],"picked":"Dodge and Roll","floor":25},{"not_picked":["Sneak Up","Prepared"],"picked":"Acrobatics","floor":27},{"not_picked":["Blade Dance","ReplayTheSpireMod:Exploit Weakness+1"],"picked":"Dodge and Roll","floor":27},{"not_picked":["Escape Plan","Caltrops"],"picked":"Sucker Punch+1","floor":27},{"not_picked":["Deadly Poison+1","Dagger Spray"],"picked":"Footwork","floor":27},{"not_picked":["Skewer","Riddle With Holes+1"],"picked":"Dodge and Roll","floor":27},{"not_picked":["Dagger Spray","Prepared"],"picked":"Blur","floor":28},{"not_picked":["Tactician+1","Bullet Time"],"picked":"PiercingWail+1","floor":30},{"not_picked":["Phantasmal Killer","Unload"],"picked":"Adrenaline","floor":33},{"not_picked":["PiercingWail+1","ReplayTheSpireMod:Tripwire"],"picked":"Blade Dance","floor":35},{"not_picked":["Skewer+1","Slice+1"],"picked":"Quick Slash+1","floor":37},{"not_picked":["Underhanded Strike+1","Tactician"],"picked":"Poisoned Stab+1","floor":39},{"not_picked":["Dodge and Roll","ReplayTheSpireMod:Necrosis"],"picked":"Distraction","floor":41},{"not_picked":["Quick Slash+1","Dodge and Roll+1"],"picked":"Endless Agony","floor":44},{"not_picked":["Underhanded Strike+1","Slice+1"],"picked":"ReplayTheSpireMod:Shiv Toss","floor":45},{"not_picked":["ReplayTheSpireMod:Tripwire+1","PiercingWail+1"],"picked":"Endless Agony","floor":48}],"player_experience":27909,"relics_obtained":[{"floor":9,"key":"infinitespire:Bottled Soul"},{"floor":26,"key":"Ice Cream"},{"floor":38,"key":"Happy Flower"},{"floor":43,"key":"Meat on the Bone"}],"event_choices":[{"damage_healed":0,"gold_gain":100,"player_choice":"Gold","damage_taken":0,"max_hp_gain":0,"max_hp_loss":0,"event_name":"Wheel of Change","floor":13,"gold_loss":0},{"damage_healed":0,"gold_gain":0,"player_choice":"Simplicity","damage_taken":0,"max_hp_gain":0,"max_hp_loss":0,"event_name":"Back to Basics","floor":19,"gold_loss":0,"cards_upgraded":["Strike_G","Strike_G","Strike_G","Strike_G","Strike_G","Defend_G","Defend_G","Defend_G","Defend_G","Defend_G"]},{"damage_healed":0,"gold_gain":0,"player_choice":"Shed Blood","damage_taken":19,"max_hp_gain":5,"max_hp_loss":0,"event_name":"Forgotten Altar","floor":20,"gold_loss":0},{"damage_healed":0,"gold_gain":0,"player_choice":"Embrace Madness","damage_taken":11,"max_hp_gain":0,"max_hp_loss":0,"event_name":"Winding Halls","floor":36,"gold_loss":0,"cards_obtained":["Madness","Madness"]},{"damage_healed":0,"gold_gain":0,"player_choice":"Upgraded","damage_taken":0,"max_hp_gain":0,"max_hp_loss":0,"event_name":"Upgrade Shrine","floor":42,"gold_loss":0,"cards_upgraded":["Outmaneuver"]}],"is_beta":false,"boss_relics":[{"not_picked":["Painkiller Herb","Kintsugi"],"picked":"SlaversCollar"},{"not_picked":["Empty Cage","Philosopher\u0027s Stone"],"picked":"WristBlade"}],"items_purged_floors":[],"is_endless":false,"potions_floor_spawned":[3,5,8,11,12,18,25,28,30,33,39,44,45],"ascension_level":0}}