{"host":"gobyjzz6xbwq9f9i","time":1612137722,"event":{"mods":["AchievementEnabler","BaseMod","Bestiary","Colored Map","Minty Spire (QoL Compilation)","Relic Stats"],"gold_per_floor":[119,119,135,135,150,150,188,188,188,223,223,259,283,304,304,424,424,440,365,379,73,73,73,94,133,133,133,169,190,214,229,229,360,360,375,399,418,418,47,78,78,118,118,159,172,193,193,218,218,218,218,218,35,71,71],"floor_reached":56,"language":"ENG","playtime":3556,"items_purged":[],"score":1769,"play_id":"a26a2036-7e25-4866-ad6c-b28a043aaa1a","local_time":"20210131160202","is_ascension_mode":true,"campfire_choices":[{"data":"CarveReality","floor":6,"key":"SMITH"},{"floor":8,"key":"REST"},{"data":"CrushJoints","floor":15,"key":"SMITH"},{"data":"Vault","floor":23,"key":"SMITH"},{"floor":27,"key":"RECALL"},{"floor":32,"key":"REST"},{"floor":41,"key":"REST"},{"floor":47,"key":"REST"},{"data":"Adaptation","floor":49,"key":"SMITH"},{"floor":52,"key":"REST"}],"circlet_count":0,"master_deck":["Eruption+1","Vigilance+1","LessonLearned+1","JustLucky+1","BattleHymn+1","Sanctity+1","FearNoEvil+1","Judgement+1","MasterReality+1","Evaluate+1","Crescendo+1","CarveReality+1","Perseverance+1","Vault+1","Tantrum+1","Evaluate+1","CrushJoints+1","EmptyMind+1","Evaluate+1","CrushJoints+1","EmptyFist+1","Collect+1","ClearTheMind+1","CutThroughFate+1","FlurryOfBlows+1","MentalFortress+1","Vault+1","BowlingBash+1","TalkToTheHand+1","ThirdEye+1","Meditate+1","Secret Technique+1","ClearTheMind+1","Parasite","Scrawl+1","Nirvana+1","Halt+1","Adaptation+1","Master of Strategy+1"],"relics":["Pandora\u0027s Box","Golden Idol","Gremlin Horn","Bag of Marbles","Darkstone Periapt","Anchor","Mercury Hourglass","VioletLotus","Vajra","Melange","Sundial","Toxic Egg 2","Oddly Smooth Stone","Cursed Key","HandDrill","Calipers","Yang","Blood Vial","Bottled Lightning"],"acts_visited":["Exordium","TheCity","TheBeyond","TheEnding"],"potions_floor_usage":[18,28,33,55],"damage_taken":[{"damage":5,"enemies":"Jaw Worm","floor":1,"turns":5},{"damage":6,"enemies":"Small Slimes","floor":3,"turns":3},{"damage":0,"enemies":"2 Louse","floor":5,"turns":2},{"damage":9,"enemies":"3 Sentries","floor":7,"turns":5},{"damage":8,"enemies":"Lagavulin","floor":10,"turns":5},{"damage":0,"enemies":"Gremlin Nob","floor":12,"turns":2},{"damage":0,"enemies":"Large Slime","floor":13,"turns":4},{"damage":7,"enemies":"Gremlin Gang","floor":14,"turns":3},{"damage":7,"enemies":"Hexaghost","floor":16,"turns":6},{"damage":11,"enemies":"Shell Parasite","floor":18,"turns":6},{"damage":0,"enemies":"3 Byrds","floor":20,"turns":4},{"damage":2,"enemies":"Centurion and Healer","floor":24,"turns":4},{"damage":0,"enemies":"Gremlin Leader","floor":25,"turns":3},{"damage":0,"enemies":"Slavers","floor":28,"turns":2},{"damage":0,"enemies":"Sentry and Sphere","floor":29,"turns":2},{"damage":0,"enemies":"Cultist and Chosen","floor":30,"turns":3},{"damage":0,"enemies":"Centurion and Healer","floor":31,"turns":3},{"damage":0,"enemies":"Collector","floor":33,"turns":7},{"damage":0,"enemies":"3 Darklings","floor":35,"turns":3},{"damage":0,"enemies":"3 Shapes","floor":36,"turns":2},{"damage":0,"enemies":"Sphere and 2 Shapes","floor":37,"turns":2},{"damage":0,"enemies":"Nemesis","floor":40,"turns":4},{"damage":0,"enemies":"Reptomancer","floor":42,"turns":3},{"damage":0,"enemies":"Giant Head","floor":44,"turns":5},{"damage":5,"enemies":"Maw","floor":45,"turns":4},{"damage":0,"enemies":"Jaw Worm Horde","floor":46,"turns":2},{"damage":0,"enemies":"Spire Growth","floor":48,"turns":3},{"damage":12,"enemies":"Awakened One","floor":50,"turns":9},{"damage":0,"enemies":"Shield and Spear","floor":54,"turns":5},{"damage":48,"enemies":"The Heart","floor":55,"turns":8}],"seed_played":"564412935312617360","potions_obtained":[{"floor":3,"key":"SpeedPotion"},{"floor":10,"key":"Block Potion"},{"floor":13,"key":"BottledMiracle"},{"floor":20,"key":"SteroidPotion"},{"floor":24,"key":"AttackPotion"},{"floor":29,"key":"PowerPotion"},{"floor":33,"key":"BlessingOfTheForge"},{"floor":42,"key":"FearPotion"},{"floor":48,"key":"Dexterity Potion"}],"is_trial":false,"path_per_floor":["M","?","M","?","M","R","E","R","T","E","?","E","M","M","R","B",null,"M","?","M","$","?","R","M","E","T","R","E","M","M","M","R","B",null,"M","M","M","?","$","E","R","E","T","E","M","M","R","M","R","B",null,"R","$","E","B",null],"character_chosen":"WATCHER","items_purchased":["Vajra","Melange","HandDrill","Meditate+1","Secret Technique+1","Master of Strategy+1"],"campfire_rested":5,"item_purchase_floors":[21,21,39,39,39,53],"current_hp_per_floor":[67,67,61,48,48,48,39,59,59,51,33,33,33,26,26,19,67,56,56,56,56,56,56,54,54,54,54,54,54,54,54,67,67,67,67,67,67,67,67,67,67,67,73,73,68,70,73,73,73,61,73,73,73,73,25],"gold":71,"neow_bonus":"BOSS_RELIC","is_daily":false,"chose_seed":false,"campfire_upgraded":4,"win_rate":0.0,"timestamp":1612137722,"path_taken":["M","?","M","?","M","R","E","R","T","E","?","E","M","M","R","BOSS","M","?","M","$","?","R","M","E","T","R","E","?","M","M","R","BOSS","M","M","M","?","$","E","R","E","T","E","M","?","R","M","R","BOSS","R","$","E","BOSS"],"items_purchased_type":["Relic","Relic","Relic","Card","Card","Card"],"build_version":"2020-12-22","purchased_purges":0,"victory":true,"max_hp_per_floor":[72,67,67,67,67,67,67,67,67,67,67,67,67,67,67,67,67,67,67,67,67,67,67,67,67,67,67,67,67,67,67,67,67,67,67,67,67,67,67,67,67,67,73,73,73,73,73,73,73,73,73,73,73,73,73],"relic_stats":{"Darkstone Periapt":6,"Gremlin Horn":[33,33],"counters":[30,118],"Golden Idol":229,"Melange":[21],"Yang":[121],"Cursed Key":1,"Mercury Hourglass":[370],"Blood Vial":2,"Sundial":[4],"Pandora\u0027s Box":["Omniscience","LessonLearned","JustLucky","BattleHymn","Sanctity","FearNoEvil","Judgement","MasterReality"],"VioletLotus":[32],"HandDrill":[12],"obtain_stats":[{"Darkstone Periapt":10,"Calipers":40,"Gremlin Horn":7,"Golden Idol":2,"Vajra":21,"Melange":21,"Oddly Smooth Stone":28,"Yang":42,"Cursed Key":34,"Mercury Hourglass":12,"Blood Vial":44,"Anchor":11,"Sundial":25,"Pandora\u0027s Box":0,"VioletLotus":17,"Bag of Marbles":9,"HandDrill":39,"Bottled Lightning":54,"PureWater":0,"Toxic Egg 2":26},{"Darkstone Periapt":5,"Calipers":22,"Gremlin Horn":4,"Golden Idol":1,"Vajra":11,"Melange":11,"Oddly Smooth Stone":14,"Yang":23,"Cursed Key":18,"Mercury Hourglass":6,"Blood Vial":24,"Anchor":5,"Sundial":13,"Pandora\u0027s Box":0,"VioletLotus":9,"Bag of Marbles":4,"HandDrill":21,"Bottled Lightning":29,"PureWater":0,"Toxic Egg 2":13},{"Darkstone Periapt":20,"Calipers":79,"Gremlin Horn":15,"Golden Idol":5,"Vajra":44,"Melange":44,"Oddly Smooth Stone":53,"Yang":82,"Cursed Key":68,"Mercury Hourglass":22,"Blood Vial":87,"Anchor":20,"Sundial":51,"Pandora\u0027s Box":0,"VioletLotus":34,"Bag of Marbles":15,"HandDrill":75,"Bottled Lightning":110,"PureWater":0,"Toxic Egg 2":51}]},"card_choices":[{"not_picked":["Adaptation","ReachHeaven"],"picked":"Evaluate","floor":1},{"not_picked":["EmptyBody","Meditate"],"picked":"Crescendo","floor":3},{"not_picked":["Evaluate","ForeignInfluence"],"picked":"CarveReality","floor":5},{"not_picked":["EmptyBody","WaveOfTheHand"],"picked":"Perseverance","floor":7},{"not_picked":["BowlingBash","WheelKick"],"picked":"Vault","floor":10},{"not_picked":["SashWhip","Wallop"],"picked":"Tantrum","floor":12},{"not_picked":["Fasting2","SashWhip"],"picked":"Evaluate","floor":13},{"not_picked":["JustLucky","Wireheading"],"picked":"CrushJoints","floor":14},{"not_picked":["Consecrate","FlurryOfBlows"],"picked":"EmptyMind+1","floor":18},{"not_picked":["JustLucky","Crescendo"],"picked":"Evaluate+1","floor":20},{"not_picked":["SashWhip","Fasting2"],"picked":"EmptyFist","floor":24},{"not_picked":["Brilliance","Perseverance"],"picked":"Collect+1","floor":25},{"not_picked":["Ragnarok","Consecrate"],"picked":"ClearTheMind+1","floor":28},{"not_picked":["Sanctity+1","FlyingSleeves"],"picked":"CutThroughFate","floor":29},{"not_picked":["Consecrate","Collect+1"],"picked":"FlurryOfBlows","floor":30},{"not_picked":["CrushJoints","BowlingBash"],"picked":"MentalFortress","floor":31},{"not_picked":["Brilliance","SpiritShield+1"],"picked":"Vault+1","floor":33},{"not_picked":["BattleHymn","Indignation+1"],"picked":"BowlingBash+1","floor":35},{"not_picked":["Consecrate","Swivel+1"],"picked":"TalkToTheHand+1","floor":36},{"not_picked":["SandsOfTime+1","JustLucky+1"],"picked":"ThirdEye+1","floor":37},{"not_picked":["BowlingBash+1","BattleHymn+1"],"picked":"ClearTheMind+1","floor":40},{"not_picked":["ClearTheMind+1","CrushJoints+1","Pray+1"],"picked":"SKIP","floor":42},{"not_picked":["Prostrate+1","MasterReality"],"picked":"Scrawl+1","floor":44},{"not_picked":["BowlingBash","Prostrate+1"],"picked":"Nirvana+1","floor":45},{"not_picked":["Crescendo+1","Consecrate"],"picked":"Halt+1","floor":46},{"not_picked":["Wallop","JustLucky"],"picked":"Adaptation","floor":48},{"not_picked":["Conclude+1","BowlingBash+1","EmptyFist+1"],"picked":"SKIP","floor":54}],"player_experience":1244009,"relics_obtained":[{"floor":7,"key":"Gremlin Horn"},{"floor":9,"key":"Bag of Marbles"},{"floor":10,"key":"Darkstone Periapt"},{"floor":12,"key":"Mercury Hourglass"},{"floor":25,"key":"Sundial"},{"floor":26,"key":"Toxic Egg 2"},{"floor":28,"key":"Oddly Smooth Stone"},{"floor":40,"key":"Calipers"},{"floor":42,"key":"Yang"},{"floor":44,"key":"Blood Vial"},{"floor":54,"key":"Bottled Lightning"}],"event_choices":[{"damage_healed":0,"gold_gain":0,"player_choice":"Lose Max HP","damage_taken":0,"relics_obtained":["Golden Idol"],"max_hp_gain":0,"max_hp_loss":5,"event_name":"Golden Idol","floor":2,"gold_loss":0},{"damage_healed":0,"gold_gain":0,"player_choice":"Entered Light","damage_taken":13,"max_hp_gain":0,"max_hp_loss":0,"event_name":"Shining Light","floor":4,"gold_loss":0,"cards_upgraded":["FearNoEvil","Vigilance"]},{"damage_healed":0,"gold_gain":0,"player_choice":"Success","damage_taken":18,"relics_obtained":["Anchor"],"max_hp_gain":0,"max_hp_loss":0,"event_name":"Scrap Ooze","floor":11,"gold_loss":0},{"cards_removed":["Omniscience"],"damage_healed":0,"gold_gain":0,"player_choice":"Gave Gold","damage_taken":0,"max_hp_gain":0,"max_hp_loss":0,"event_name":"Beggar","floor":19,"gold_loss":75},{"damage_healed":0,"gold_gain":0,"player_choice":"Copied","damage_taken":0,"max_hp_gain":0,"max_hp_loss":0,"event_name":"Duplicator","floor":22,"gold_loss":0,"cards_obtained":["CrushJoints"]},{"damage_healed":0,"gold_gain":0,"player_choice":"Ignored","damage_taken":0,"max_hp_gain":0,"max_hp_loss":0,"event_name":"NoteForYourself","floor":38,"gold_loss":0}],"is_beta":false,"boss_relics":[{"not_picked":["Empty Cage","Ectoplasm"],"picked":"VioletLotus"},{"not_picked":["Runic Pyramid","Velvet Choker"],"picked":"Cursed Key"}],"items_purged_floors":[],"is_endless":false,"potions_floor_spawned":[3,10,13,20,24,29,33,35,42,45,48],"ascension_level":4}}