{"host":"zp68vqn57s53e67f","time":1612164237,"event":{"mods":["Act Like it!","BaseMod","Downfall","Hallownest","Hermit","Minty Spire (QoL Compilation)","Replay The Spire","Shop Mod","StSLib","The Cursed","The Servant 0.9.4"],"gold_per_floor":[112,139,64,74,91,91,106,106,106,141,141,153,171,185,185,290,290,306,357,371,371,371,371,371],"floor_reached":23,"language":"ENG","playtime":1459,"items_purged":["Defend_R"],"score":243,"play_id":"2b894a79-ec3c-408a-9181-d6655e2e901c","local_time":"20210131232357","is_ascension_mode":false,"campfire_choices":[{"data":"Armaments","floor":6,"key":"SMITH"},{"data":"Mayhem","floor":8,"key":"SMITH"},{"data":"Power Through","floor":11,"key":"SMITH"},{"data":"Barricade","floor":15,"key":"SMITH"}],"circlet_count":0,"master_deck":["Strike_R","Strike_R","Strike_R","Strike_R","Strike_R","Defend_R","Defend_R","Defend_R","Bash","Mayhem+1","Headbutt","Armaments+1","Replay:Undeath\u0027s Touch","Power Through+1","Thunderclap","Rupture","Cleave","Barricade+1","Immolate","Pummel+1","ReplayTheSpireMod:Muscle Training","Necronomicurse","Slimebound:CheckThePlaybook","downfall:Icky"],"relics":["Burning Blood","Pen Nib","Snack Pack","Garlic","Electric Blood","MealTicket","Necronomicon"],"acts_visited":["Exordium","TheCity"],"potions_floor_usage":[10],"damage_taken":[{"damage":4,"enemies":"Cultist","floor":1,"turns":4},{"damage":8,"enemies":"Jaw Worm","floor":4,"turns":4},{"damage":5,"enemies":"Small Slimes","floor":5,"turns":3},{"damage":12,"enemies":"Blue Slaver","floor":7,"turns":4},{"damage":8,"enemies":"Lagavulin","floor":10,"turns":7},{"damage":0,"enemies":"2 Fungi Beasts","floor":12,"turns":3},{"damage":7,"enemies":"Exordium Thugs","floor":13,"turns":4},{"damage":9,"enemies":"Blue Slaver","floor":14,"turns":3},{"damage":0,"enemies":"Fading Forest","floor":16,"turns":11},{"damage":25,"enemies":"Spheric Guardian","floor":18,"turns":4},{"damage":19,"enemies":"Shell Parasite","floor":20,"turns":4},{"damage":32,"enemies":"Book of Stabbing","floor":23,"turns":3}],"seed_played":"8948211044837994714","potions_obtained":[{"floor":4,"key":"Milkshake"},{"floor":5,"key":"SneckoOil"},{"floor":7,"key":"Reflective Coating"},{"floor":12,"key":"GamblersBrew"}],"is_trial":false,"path_per_floor":["M","T","$","M","M","R","M","R","T","E","R","M","M","M","R","B",null,"M","T","M","?","?","E"],"character_chosen":"IRONCLAD","items_purchased":[],"campfire_rested":0,"item_purchase_floors":[],"current_hp_per_floor":[72,72,72,70,71,71,65,65,65,63,63,71,72,71,71,72,72,57,57,48,32,32,2,2],"gold":371,"neow_bonus":"RANDOM_COLORLESS_2","is_daily":false,"chose_seed":false,"campfire_upgraded":4,"win_rate":0.0,"timestamp":1612164237,"path_taken":["M","?","$","M","M","R","M","R","T","E","R","M","M","M","R","BOSS","M","?","M","?","?","E"],"items_purchased_type":[],"build_version":"2020-12-22","purchased_purges":1,"victory":false,"max_hp_per_floor":[72,72,72,72,72,72,72,72,72,72,72,72,72,72,72,72,72,72,72,72,72,72,72,72],"card_choices":[{"not_picked":["Master of Strategy","Crow Ritual"],"picked":"Mayhem","floor":0},{"not_picked":["Blood for Blood","Intimidate"],"picked":"Headbutt","floor":1},{"not_picked":["Warcry","ReplayTheSpireMod:Strike From Hell"],"picked":"Armaments","floor":4},{"not_picked":["Body Slam","Berserk"],"picked":"Replay:Undeath\u0027s Touch","floor":5},{"not_picked":["True Grit","ReplayTheSpireMod:Corrosion Curse"],"picked":"Power Through","floor":7},{"not_picked":["True Grit","Sword Boomerang"],"picked":"Thunderclap","floor":10},{"not_picked":["Warcry","Havoc"],"picked":"Rupture","floor":12},{"not_picked":["Sever Soul","Defy Death"],"picked":"Cleave","floor":13},{"not_picked":["Twin Strike","Havoc"],"picked":"Barricade","floor":14},{"not_picked":["Replay:Many Hands","Fiend Fire"],"picked":"Immolate","floor":16},{"not_picked":["Searing Blow","Sword Boomerang"],"picked":"Pummel+1","floor":18},{"not_picked":["Anger+1","Dark Embrace"],"picked":"ReplayTheSpireMod:Muscle Training","floor":20}],"player_experience":139012,"relics_obtained":[{"floor":2,"key":"Pen Nib"},{"floor":9,"key":"Snack Pack"},{"floor":10,"key":"Garlic"},{"floor":19,"key":"MealTicket"},{"floor":21,"key":"Necronomicon"}],"event_choices":[{"damage_healed":0,"gold_gain":0,"player_choice":"Obtained Book","damage_taken":16,"max_hp_gain":0,"max_hp_loss":0,"event_name":"Cursed Tome","floor":21,"gold_loss":0}],"is_beta":false,"boss_relics":[{"not_picked":["Tiny House","Black Blood"],"picked":"Electric Blood"}],"items_purged_floors":[3],"is_endless":false,"potions_floor_spawned":[4,5,7,12],"killed_by":"Book of Stabbing","ascension_level":0}}