{"host":"plbsiuh3vwan8ocg","time":1612221768,"event":{"mods":["BaseMod","Downfall","Minty Spire (QoL Compilation)","Quick Restart","StSLib"],"gold_per_floor":[99,114,126,136,136,36,59,76,111,122,132,132,147,147,159,255,255,55,68,78,78,88,88,88,88],"floor_reached":23,"language":"ENG","playtime":2076,"items_purged":[],"score":222,"play_id":"ec37d22d-e03f-418e-8ab5-ba573b9d6aaf","local_time":"20210201182248","is_ascension_mode":false,"campfire_choices":[{"floor":1,"key":"RECALL"},{"data":"bronze:ItsAFeature","floor":6,"key":"SMITH"},{"data":"bronze:AlphaBuild","floor":18,"key":"SMITH"}],"circlet_count":0,"master_deck":["bronze:Strike","bronze:Strike","bronze:Strike","bronze:Defend","bronze:Defend","bronze:Defend","bronze:Defend","bronze:Replicate","bronze:Goto","bronze:ItsAFeature+1","bronze:DelayedGuard","bronze:Iterate","bronze:WhirlingStrike","bronze:ForceShield","bronze:OilSpill","bronze:BuggyMess","bronze:FineTuning","bronze:Overheat","bronze:AlphaBuild+1","bronze:Repulsor+1","bronze:Flail","bronze:BitShift"],"relics":["bronze:BronzeCore","downfall:HeartBlessingRed","Pantograph","Mummified Hand","Cursed Key","downfall:HeartBlessingGreen","downfall:HeartBlessingBlue"],"acts_visited":["Exordium","TheCity"],"potions_floor_usage":[10,16,16,20,23],"damage_taken":[{"damage":1,"enemies":"Cultist","floor":2,"turns":3},{"damage":10,"enemies":"Small Slimes","floor":3,"turns":4},{"damage":6,"enemies":"2 Louse","floor":4,"turns":2},{"damage":22,"enemies":"Large Slime","floor":8,"turns":6},{"damage":7,"enemies":"Lagavulin","floor":9,"turns":6},{"damage":9,"enemies":"Red Slaver","floor":10,"turns":3},{"damage":11,"enemies":"Gremlin Gang","floor":11,"turns":5},{"damage":1,"enemies":"3 Louse","floor":13,"turns":3},{"damage":8,"enemies":"Lots of Slimes","floor":15,"turns":3},{"damage":36,"enemies":"IC_STATUS_ARCHETYPE","floor":16,"turns":9},{"damage":14,"enemies":"Shell Parasite","floor":19,"turns":3},{"damage":26,"enemies":"Chosen","floor":20,"turns":5},{"damage":42,"enemies":"Centurion and Healer","floor":22,"turns":6},{"damage":16,"enemies":"Gremlin Leader","floor":23,"turns":8}],"seed_played":"6888120510923495283","potions_obtained":[{"floor":2,"key":"EssenceOfSteel"},{"floor":4,"key":"GamblersBrew"},{"floor":9,"key":"Weak Potion"},{"floor":11,"key":"EssenceOfSteel"},{"floor":22,"key":"Block Potion"}],"is_trial":false,"path_per_floor":["R","M","M","M","?","R","T","M","E","M","M","?","M","?","M","B",null,"R","M","M","?","M","E"],"character_chosen":"THE_AUTOMATON","items_purchased":[],"campfire_rested":0,"item_purchase_floors":[],"current_hp_per_floor":[77,76,66,60,60,60,60,38,31,22,11,36,35,35,27,16,77,87,73,47,47,5,0,0,0],"gold":88,"neow_bonus":"TEN_PERCENT_HP_BONUS","is_daily":false,"chose_seed":false,"campfire_upgraded":2,"win_rate":0.0,"timestamp":1612221768,"path_taken":["R","M","M","M","?","R","T","M","E","M","?","?","M","?","M","BOSS","R","M","M","?","M","E"],"items_purchased_type":[],"build_version":"2020-12-22","purchased_purges":0,"victory":false,"max_hp_per_floor":[77,77,77,77,77,77,77,77,77,77,77,77,77,77,77,77,77,87,87,87,87,87,87,87,87],"card_choices":[{"not_picked":["bronze:Fortify","bronze:Turbo"],"picked":"bronze:ItsAFeature","floor":2},{"not_picked":["bronze:WildBeam","bronze:ForLoop"],"picked":"bronze:DelayedGuard","floor":3},{"not_picked":["bronze:NullPointer","bronze:Invalidate"],"picked":"bronze:Iterate","floor":4},{"not_picked":["bronze:Shell","bronze:FineTuning"],"picked":"bronze:WhirlingStrike","floor":8},{"not_picked":["bronze:ChildClass","bronze:Turbo"],"picked":"bronze:ForceShield","floor":9},{"not_picked":["bronze:Invalidate","bronze:BronzeArmor"],"picked":"bronze:OilSpill","floor":10},{"not_picked":["bronze:WildBeam","bronze:Iterate"],"picked":"bronze:BuggyMess","floor":11},{"not_picked":["bronze:Shield","bronze:BronzeArmor"],"picked":"bronze:FineTuning","floor":13},{"not_picked":["bronze:ThunderWave","bronze:BuggyMess"],"picked":"bronze:Overheat","floor":15},{"not_picked":["bronze:RecursiveStrike","bronze:Break"],"picked":"bronze:AlphaBuild","floor":16},{"not_picked":["bronze:WildBeam+1","bronze:Deprecate"],"picked":"bronze:Repulsor+1","floor":19},{"not_picked":["bronze:Backtrace+1","bronze:Repulsor"],"picked":"bronze:Flail","floor":20},{"not_picked":["bronze:Overload","bronze:Backtrace"],"picked":"bronze:BitShift","floor":22}],"player_experience":497076,"relics_obtained":[{"floor":9,"key":"Pantograph"}],"event_choices":[{"cards_removed":["bronze:Strike"],"damage_healed":0,"gold_gain":0,"player_choice":"Offered Basic","damage_taken":0,"max_hp_gain":0,"max_hp_loss":0,"event_name":"Bonfire Elementals","floor":5,"gold_loss":0},{"damage_healed":25,"gold_gain":0,"player_choice":"Banana","damage_taken":0,"max_hp_gain":0,"max_hp_loss":0,"event_name":"Big Fish","floor":12,"gold_loss":0}],"is_beta":false,"boss_relics":[{"not_picked":["Runic Dome","Black Star"],"picked":"Cursed Key"}],"items_purged_floors":[],"is_endless":false,"potions_floor_spawned":[2,4,9,11,13,22],"killed_by":"Gremlin Leader","ascension_level":0}}