{"host":"natui9yr7uuq78xo","time":1612138060,"event":{"mods":["BaseMod","Better Third Choice","BetterRewards","Minty Spire (QoL Compilation)","StSLib","The Hierophant"],"gold_per_floor":[113,127,141,141,158,158,183,183,208,208,231,264,264],"floor_reached":12,"language":"ENG","playtime":492,"items_purged":[],"score":90,"play_id":"3b44bf8e-130d-40e6-8634-c731cd22cf3e","local_time":"20210131140740","is_ascension_mode":false,"campfire_choices":[{"floor":6,"key":"RECALL"},{"floor":8,"key":"REST"},{"data":"hierophant:ChurchCoffers","floor":10,"key":"SMITH"}],"circlet_count":0,"master_deck":["hierophant:Strike_Hierophant","hierophant:Strike_Hierophant","hierophant:Strike_Hierophant","hierophant:Strike_Hierophant+1","hierophant:Punish+1","hierophant:Defend_Hierophant","hierophant:Defend_Hierophant","hierophant:Defend_Hierophant","hierophant:Defend_Hierophant","hierophant:ChurchCoffers+1","hierophant:Doomsaying","hierophant:Glossolalia","hierophant:Sermon","Apotheosis+1","hierophant:ThreeLashes","hierophant:OrnateBuckler","hierophant:Smite"],"relics":["hierophant:PropheticMaskRelic","NeowsBlessing","Pen Nib","Bronze Scales","Whetstone"],"acts_visited":["Exordium"],"potions_floor_usage":[7],"damage_taken":[{"damage":0,"enemies":"2 Louse","floor":1,"turns":1},{"damage":0,"enemies":"Small Slimes","floor":2,"turns":1},{"damage":0,"enemies":"Cultist","floor":3,"turns":1},{"damage":1,"enemies":"Red Slaver","floor":5,"turns":4},{"damage":29,"enemies":"Gremlin Nob","floor":7,"turns":4},{"damage":4,"enemies":"Gremlin Gang","floor":11,"turns":3},{"damage":14,"enemies":"Lagavulin","floor":12,"turns":5}],"seed_played":"8667525694706665401","potions_obtained":[{"floor":1,"key":"SteroidPotion"},{"floor":2,"key":"Swift Potion"},{"floor":3,"key":"AttackPotion"},{"floor":11,"key":"SkillPotion"},{"floor":12,"key":"ColorlessPotion"}],"is_trial":false,"path_per_floor":["M","M","M","?","M","R","E","R","T","R","M","E"],"character_chosen":"HIEROPHANT","items_purchased":[],"campfire_rested":1,"item_purchase_floors":[],"current_hp_per_floor":[75,75,75,75,74,74,45,67,67,67,63,49,49],"gold":264,"neow_bonus":"THREE_ENEMY_KILL","is_daily":false,"chose_seed":false,"campfire_upgraded":1,"win_rate":0.0,"timestamp":1612138060,"path_taken":["M","M","M","?","M","R","E","R","T","R","M","E"],"items_purchased_type":[],"build_version":"2020-12-22","purchased_purges":0,"victory":false,"max_hp_per_floor":[75,75,75,75,75,75,75,75,75,75,75,75,75],"card_choices":[{"not_picked":["hierophant:RecallFunds","hierophant:Patience"],"picked":"hierophant:Doomsaying","floor":1},{"not_picked":["hierophant:Charity","hierophant:ArchangelShield"],"picked":"hierophant:Glossolalia","floor":2},{"not_picked":["hierophant:ConvertCurrency","hierophant:Shelter"],"picked":"hierophant:Sermon","floor":3},{"not_picked":["hierophant:CursedGold","hierophant:HammerAndAnvil"],"picked":"hierophant:ThreeLashes","floor":5},{"not_picked":["hierophant:Doomsaying","hierophant:Levitation"],"picked":"hierophant:OrnateBuckler","floor":7},{"not_picked":["hierophant:Zeal","hierophant:CursedGold"],"picked":"hierophant:Smite","floor":11}],"player_experience":332736,"relics_obtained":[{"floor":7,"key":"Pen Nib"},{"floor":9,"key":"Bronze Scales"},{"floor":12,"key":"Whetstone"}],"event_choices":[{"damage_healed":75,"gold_gain":0,"player_choice":"Embrace","damage_taken":0,"max_hp_gain":0,"max_hp_loss":75,"event_name":"betterThird:BetterShining","floor":4,"gold_loss":0}],"is_beta":false,"boss_relics":[],"items_purged_floors":[],"is_endless":false,"potions_floor_spawned":[1,2,3,11,12],"killed_by":"Lagavulin","ascension_level":0}}