{"host":"6azrrw3tf7wb0f4b","time":1612201401,"event":{"mods":["BaseMod","DeckTracker","Minty Spire (QoL Compilation)","SuperFastMode"],"gold_per_floor":[115,115,115,139,153,188,188,202,254,329,345,345,365,365,365,484,484,509,509,608,302,325,378,378,418,418,427,427,427],"floor_reached":28,"language":"KOR","playtime":434,"items_purged":["Strike_B"],"score":256,"play_id":"1f7f3667-5ea3-4ef1-9a5b-d73d072446a4","local_time":"20210202024321","is_ascension_mode":false,"campfire_choices":[{"data":"Dualcast","floor":7,"key":"SMITH"},{"data":"Capacitor","floor":15,"key":"SMITH"},{"floor":24,"key":"REST"}],"circlet_count":0,"master_deck":["Strike_B+1","Strike_B","Defend_B","Defend_B","Defend_B","Defend_B","Zap+1","Dualcast+1","Melter","Cold Snap","Beam Cell","Capacitor+1","Streamline+1","Electrodynamics","Cold Snap+1","Defragment","Ball Lightning+1","Beam Cell+1","Loop","Writhe"],"relics":["Cracked Core","NeowsBlessing","Golden Idol","Molten Egg 2","Tiny Chest","Pear","Inserter","White Beast Statue","DataDisk","CeramicFish","Smiling Mask","Art of War","Blood Vial"],"acts_visited":["Exordium","TheCity"],"potions_floor_usage":[6,13,16,22,25,25,28],"damage_taken":[{"damage":0,"enemies":"Small Slimes","floor":1,"turns":1},{"damage":0,"enemies":"Jaw Worm","floor":4,"turns":1},{"damage":0,"enemies":"Cultist","floor":5,"turns":1},{"damage":13,"enemies":"3 Sentries","floor":6,"turns":8},{"damage":8,"enemies":"3 Louse","floor":8,"turns":2},{"damage":6,"enemies":"Looter","floor":11,"turns":3},{"damage":0,"enemies":"Large Slime","floor":13,"turns":4},{"damage":22,"enemies":"The Guardian","floor":16,"turns":10},{"damage":13,"enemies":"Shell Parasite","floor":18,"turns":6},{"damage":12,"enemies":"2 Thieves","floor":22,"turns":4},{"damage":47,"enemies":"Gremlin Leader","floor":23,"turns":5},{"damage":28,"enemies":"Slavers","floor":25,"turns":5},{"damage":21,"enemies":"Snake Plant","floor":28,"turns":1}],"seed_played":"-1634438782965256783","potions_obtained":[{"floor":1,"key":"Block Potion"},{"floor":6,"key":"Block Potion"},{"floor":8,"key":"Weak Potion"},{"floor":18,"key":"Regen Potion"},{"floor":22,"key":"SteroidPotion"},{"floor":23,"key":"AttackPotion"},{"floor":25,"key":"FocusPotion"}],"is_trial":false,"path_per_floor":["M","?","?","M","M","E","R","M","T","?","M","?","M","T","R","B",null,"M","T","?","$","M","E","R","E","T","?","M"],"character_chosen":"DEFECT","items_purchased":["DataDisk","Defragment"],"campfire_rested":1,"item_purchase_floors":[21,21],"current_hp_per_floor":[75,69,69,69,69,56,56,48,48,37,31,17,17,27,27,5,79,66,66,66,66,66,19,42,14,14,14,0,0],"gold":427,"neow_bonus":"THREE_ENEMY_KILL","is_daily":false,"chose_seed":false,"campfire_upgraded":2,"win_rate":0.0,"timestamp":1612201401,"path_taken":["M","?","?","M","?","E","R","M","T","?","M","?","M","?","R","BOSS","M","?","?","$","M","E","R","E","T","?","M"],"items_purchased_type":["Relic","Card"],"build_version":"2020-12-22","purchased_purges":1,"victory":false,"max_hp_per_floor":[75,69,69,69,69,69,69,69,69,69,69,69,69,79,79,79,79,79,79,79,79,79,79,79,79,79,79,79,79],"card_choices":[{"not_picked":["Redo","Turbo"],"picked":"Melter","floor":1},{"not_picked":["Rip and Tear","Hologram"],"picked":"Cold Snap","floor":4},{"not_picked":["Reinforced Body","Auto Shields"],"picked":"Beam Cell","floor":5},{"not_picked":["Hello World","Lockon+1","Recycle"],"picked":"SKIP","floor":6},{"not_picked":["Static Discharge","Gash+1"],"picked":"Capacitor","floor":8},{"not_picked":["Leap","Conserve Battery"],"picked":"Streamline+1","floor":11},{"not_picked":["Leap","Steam Power","Streamline+1"],"picked":"SKIP","floor":13},{"not_picked":["All For One+1","Thunder Strike+1"],"picked":"Electrodynamics","floor":16},{"not_picked":["Conserve Battery","Ball Lightning+1"],"picked":"Cold Snap+1","floor":18},{"not_picked":["Force Field","Gash+1"],"picked":"Ball Lightning+1","floor":22},{"not_picked":["Gash+1","Conserve Battery"],"picked":"Beam Cell+1","floor":23},{"not_picked":["Redo","Sweeping Beam+1"],"picked":"Loop","floor":25}],"player_experience":748548,"relics_obtained":[{"floor":6,"key":"Molten Egg 2"},{"floor":9,"key":"Tiny Chest"},{"floor":14,"key":"Pear"},{"floor":19,"key":"White Beast Statue"},{"floor":23,"key":"CeramicFish"},{"floor":25,"key":"Smiling Mask"},{"floor":26,"key":"Art of War"}],"event_choices":[{"damage_healed":0,"gold_gain":0,"player_choice":"Lose Max HP","damage_taken":0,"relics_obtained":["Golden Idol"],"max_hp_gain":0,"max_hp_loss":6,"event_name":"Golden Idol","floor":2,"gold_loss":0},{"cards_removed":["Strike_B"],"damage_healed":0,"gold_gain":0,"player_choice":"Purged","damage_taken":0,"max_hp_gain":0,"max_hp_loss":0,"event_name":"Purifier","floor":3,"gold_loss":0},{"damage_healed":0,"gold_gain":75,"player_choice":"Gather Gold","damage_taken":11,"max_hp_gain":0,"max_hp_loss":0,"event_name":"World of Goop","floor":10,"gold_loss":0},{"damage_healed":0,"gold_gain":0,"player_choice":"Entered Light","damage_taken":14,"max_hp_gain":0,"max_hp_loss":0,"event_name":"Shining Light","floor":12,"gold_loss":0,"cards_upgraded":["Strike_B","Zap"]},{"damage_healed":0,"gold_gain":99,"player_choice":"Stole From Cult","damage_taken":0,"max_hp_gain":0,"max_hp_loss":0,"event_name":"Nest","floor":20,"gold_loss":0},{"damage_healed":0,"gold_gain":0,"player_choice":"Opened","damage_taken":0,"relics_obtained":["Blood Vial"],"max_hp_gain":0,"max_hp_loss":0,"event_name":"The Mausoleum","floor":27,"gold_loss":0,"cards_obtained":["Writhe"]}],"is_beta":false,"boss_relics":[{"not_picked":["Philosopher\u0027s Stone","SacredBark"],"picked":"Inserter"}],"items_purged_floors":[21],"is_endless":false,"potions_floor_spawned":[1,6,8,18,22,23,25],"killed_by":"Snake Plant","ascension_level":0}}