{"host":"h0a8ax0qh8ne70gi","time":1612140709,"event":{"mods":["AchievementEnabler","BaseMod","BetterRewards","Card Filter","Gold Saver","Grow up Mod","Minty Spire (QoL Compilation)","Permanent Neow","Remove Card Discount Mod","StSLib"],"gold_per_floor":[25017,25017,25031,25106,25056,25086,25086,25086,25113,23932,23932,23947,23947,23980,23980,24085,24085,24098,23365,23377,23394,23394,23423,23441,23472,23498,23498,23514,23530,23530,23530,23530,23633,23633,23651,17484,17499,17499,17084,17109,17109,17160,17160,17160,17193,17212,17222,17253,17253,17253,17253,17253,15387,15415,15415],"floor_reached":56,"language":"ENG","playtime":6386,"items_purged":["Defend_R","Defend_R","Defend_R","Defend_R"],"score":1694,"play_id":"f09f184c-500f-41e8-9ade-bcc96f3f11f1","local_time":"20210131165149","is_ascension_mode":true,"campfire_choices":[{"floor":8,"key":"RECALL"},{"data":"Anger","floor":11,"key":"SMITH"},{"data":"Metallicize","floor":15,"key":"SMITH"},{"data":"Anger","floor":27,"key":"SMITH"},{"data":"Barricade","floor":32,"key":"SMITH"},{"data":"Fire Breathing","floor":41,"key":"SMITH"},{"data":"Juggernaut","floor":44,"key":"SMITH"},{"data":"Juggernaut","floor":49,"key":"SMITH"},{"data":"Metallicize","floor":52,"key":"SMITH"}],"circlet_count":0,"master_deck":["Ghostly Armor","Armaments+1","Shrug It Off","Anger+1","Shrug It Off","Ghostly Armor","Chrysalis+1","Metallicize+1","Armaments","Reaper","Havoc+1","Body Slam","Rampage","Anger+1","Body Slam","Rage+1","Anger+1","Shrug It Off","Metallicize+1","Searing Blow","Anger+1","Dual Wield","Anger","Anger+1","Barricade+1","Dual Wield","RitualDagger","Reaper","Sentinel+1","Searing Blow+2","Evolve+1","Juggernaut+1","Fire Breathing+1","Body Slam+1","Madness+1","Madness+1","Apotheosis+1","Madness+1","Finesse+1","Blind+1","Anger+1","Body Slam+1","Anger+1","Juggernaut+1","Metallicize+1","Shrug It Off+1","Impervious+1","Footwork+1"],"relics":["Burning Blood","Pantograph","Meat on the Bone","Bronze Scales","Frozen Eye","Gambling Chip","Strawberry","Black Star","Omamori","Peace Pipe","Orrery","Bird Faced Urn","Sundial","Smiling Mask","The Courier","Lantern","Astrolabe","Shuriken","Toxic Egg 2","Oddly Smooth Stone","Pen Nib","Ancient Tea Set","Nunchaku","Bag of Marbles","Ice Cream","Regal Pillow","Charon\u0027s Ashes","Juzu Bracelet","Question Card","Anchor","Gremlin Horn","Vajra","Bottled Lightning","Pocketwatch","Pear","Bottled Flame","Art of War","Red Skull","Mercury Hourglass","Whetstone","Eternal Feather","Orichalcum","Happy Flower","InkBottle","Bag of Preparation","Blood Vial","Champion Belt","Boot","PreservedInsect","Dream Catcher","Bottled Tornado","Molten Egg 2","Self Forming Clay","TungstenRod","Ginger","Turnip","Thread and Needle","Unceasing Top","Centennial Puzzle","War Paint","Letter Opener","CaptainsWheel","HornCleat","PrismaticShard","Mummified Hand","FossilizedHelix","Ornamental Fan","Mango","Torii","Kunai","Incense Burner","Magic Flower"],"acts_visited":["Exordium","TheCity","TheBeyond","TheEnding"],"potions_floor_usage":[6,20,25,50],"damage_taken":[{"damage":3,"enemies":"Small Slimes","floor":1,"turns":5},{"damage":2,"enemies":"Jaw Worm","floor":3,"turns":6},{"damage":50,"enemies":"3 Sentries","floor":6,"turns":19},{"damage":0,"enemies":"Cultist","floor":12,"turns":4},{"damage":21,"enemies":"Gremlin Nob","floor":14,"turns":5},{"damage":88,"enemies":"Hexaghost","floor":16,"turns":12},{"damage":10,"enemies":"3 Byrds","floor":18,"turns":3},{"damage":21,"enemies":"Shell Parasite","floor":20,"turns":8},{"damage":27,"enemies":"Snecko","floor":21,"turns":7},{"damage":33,"enemies":"Book of Stabbing","floor":23,"turns":7},{"damage":33,"enemies":"Snake Plant","floor":24,"turns":6},{"damage":42,"enemies":"Gremlin Leader","floor":25,"turns":9},{"damage":46,"enemies":"Centurion and Healer","floor":28,"turns":10},{"damage":33,"enemies":"Sentry and Sphere","floor":29,"turns":8},{"damage":192,"enemies":"Collector","floor":33,"turns":15},{"damage":35,"enemies":"3 Shapes","floor":35,"turns":5},{"damage":5,"enemies":"Orb Walker","floor":37,"turns":3},{"damage":0,"enemies":"Giant Head","floor":40,"turns":6},{"damage":28,"enemies":"2 Orb Walkers","floor":42,"turns":4},{"damage":0,"enemies":"Nemesis","floor":45,"turns":4},{"damage":0,"enemies":"Transient","floor":46,"turns":5},{"damage":0,"enemies":"Jaw Worm Horde","floor":47,"turns":3},{"damage":0,"enemies":"Giant Head","floor":48,"turns":4},{"damage":5,"enemies":"Time Eater","floor":50,"turns":5},{"damage":0,"enemies":"Shield and Spear","floor":54,"turns":4},{"damage":0,"enemies":"The Heart","floor":55,"turns":5}],"seed_played":"8287276517873860877","potions_obtained":[{"floor":1,"key":"Energy Potion"},{"floor":6,"key":"LiquidMemories"},{"floor":23,"key":"Fire Potion"},{"floor":35,"key":"Energy Potion"}],"is_trial":false,"path_per_floor":["M","?","M","?","?","E","?","R","T","$","R","M","?","E","R","B",null,"M","$","M","M","?","E","M","E","T","R","M","M","?","?","R","B",null,"M","$","M","?","$","E","R","?","T","R","E","M","M","E","R","B",null,"R","$","E","B",null],"character_chosen":"IRONCLAD","items_purchased":["Anger","Shrug It Off","Ghostly Armor","Chrysalis","Bronze Scales","Frozen Eye","BloodPotion","FairyPotion","EssenceOfSteel","Gambling Chip","Body Slam","Rampage","Omamori","Peace Pipe","Orrery","Juggernaut","Fire Breathing","Shuriken","Toxic Egg 2","Oddly Smooth Stone","Pen Nib","Ancient Tea Set","Nunchaku","Bag of Marbles","Ice Cream","Regal Pillow","Charon\u0027s Ashes","Juzu Bracelet","Question Card","Anchor","Gremlin Horn","Vajra","Bottled Lightning","Pocketwatch","Pear","Bottled Flame","Art of War","Red Skull","Mercury Hourglass","Whetstone","Eternal Feather","Orichalcum","Happy Flower","InkBottle","Bag of Preparation","Blood Vial","Champion Belt","Boot","PreservedInsect","Dream Catcher","Bottled Tornado","Molten Egg 2","Self Forming Clay","TungstenRod","Apotheosis+1","Madness+1","Finesse+1","Blind+1","Anger+1","HornCleat","PrismaticShard","Mummified Hand","FossilizedHelix","Ornamental Fan","Mango","Torii","Kunai","Incense Burner"],"campfire_rested":0,"item_purchase_floors":[10,10,10,10,10,10,10,10,10,10,19,19,19,19,19,36,36,36,36,36,36,36,36,36,36,36,36,36,36,36,36,36,36,36,36,36,36,36,36,36,36,36,36,36,36,36,36,36,36,36,36,36,36,36,39,39,39,39,39,53,53,53,53,53,53,53,53,53],"current_hp_per_floor":[100,110,120,119,129,95,105,115,125,135,145,161,129,143,153,118,267,273,283,297,286,224,213,200,194,204,214,204,203,213,217,227,103,442,429,449,468,419,429,459,493,493,503,537,562,572,582,592,602,612,622,632,656,666,676],"gold":15415,"neow_bonus":"TRANSFORM_CARD","is_daily":false,"chose_seed":false,"campfire_upgraded":8,"win_rate":0.0,"timestamp":1612140709,"path_taken":["M","?","M","?","?","E","?","R","T","$","R","?","?","E","R","BOSS","M","$","M","M","?","E","M","E","T","R","M","M","?","?","R","BOSS","M","$","M","?","$","E","R","?","T","R","E","M","M","E","R","BOSS","R","$","E","BOSS"],"items_purchased_type":["Card","Card","Card","Card","Relic","Relic","Potion","Potion","Potion","Relic","Card","Card","Relic","Relic","Relic","Card","Card","Relic","Relic","Relic","Relic","Relic","Relic","Relic","Relic","Relic","Relic","Relic","Relic","Relic","Relic","Relic","Relic","Relic","Relic","Relic","Relic","Relic","Relic","Relic","Relic","Relic","Relic","Relic","Relic","Relic","Relic","Relic","Relic","Relic","Relic","Relic","Relic","Relic","Card","Card","Card","Card","Card","Relic","Relic","Relic","Relic","Relic","Relic","Relic","Relic","Relic"],"build_version":"2020-12-22","purchased_purges":4,"victory":true,"max_hp_per_floor":[100,110,120,130,140,150,160,170,180,190,200,210,220,237,247,257,267,277,287,297,307,322,332,342,352,362,372,382,392,402,412,422,432,442,452,472,482,492,502,512,522,532,542,552,562,572,582,592,602,612,622,632,656,666,676],"card_choices":[{"not_picked":["Burning Pact","Ghostly Armor"],"picked":"Armaments","floor":1},{"not_picked":["Havoc","Body Slam"],"picked":"Iron Wave","floor":3},{"not_picked":["Exhume","Havoc"],"picked":"Shrug It Off","floor":6},{"not_picked":["Battle Trance","Sentinel"],"picked":"Metallicize","floor":12},{"not_picked":["Havoc","Body Slam"],"picked":"Armaments","floor":14},{"not_picked":["Impervious","Juggernaut"],"picked":"Reaper","floor":16},{"not_picked":["Battle Trance","Burning Pact"],"picked":"Havoc+1","floor":18},{"not_picked":["Inflame+1","Ghostly Armor+1"],"picked":"Anger","floor":19},{"not_picked":["Ghostly Armor","Iron Wave"],"picked":"Body Slam","floor":19},{"not_picked":["Shrug It Off","Rampage"],"picked":"Rage","floor":19},{"not_picked":["Armaments+1","Body Slam"],"picked":"Anger","floor":19},{"not_picked":["Feel No Pain+1","Exhume"],"picked":"Shrug It Off","floor":19},{"not_picked":["Body Slam","Armaments+1"],"picked":"Metallicize+1","floor":20},{"not_picked":["Havoc","Iron Wave+1"],"picked":"Searing Blow","floor":21},{"not_picked":["Havoc","Iron Wave"],"picked":"Anger+1","floor":23},{"not_picked":["Iron Wave","Body Slam","Havoc+1"],"picked":"SKIP","floor":24},{"not_picked":["Dropkick","Offering"],"picked":"Dual Wield","floor":25},{"not_picked":["Shockwave","Armaments"],"picked":"Anger","floor":28},{"not_picked":["Armaments","Havoc"],"picked":"Anger+1","floor":29},{"not_picked":["Barricade","Offering"],"picked":"Reaper","floor":33},{"not_picked":["Iron Wave","Battle Trance","Havoc"],"picked":"SKIP","floor":35},{"not_picked":["Havoc+1","Rage+1","Iron Wave+1"],"picked":"Body Slam+1","floor":37},{"not_picked":["Shrug It Off+1","Anger+1","Rampage+1"],"picked":"Body Slam+1","floor":40},{"not_picked":["Fire Breathing","Havoc+1","Dropkick+1"],"picked":"Anger+1","floor":42},{"not_picked":["Rage+1","Shrug It Off+1","Havoc+1"],"picked":"Juggernaut","floor":45},{"not_picked":["Shockwave+1","Body Slam+1","Shrug It Off+1"],"picked":"Metallicize","floor":46},{"not_picked":["Armaments+1","Iron Wave+1","Havoc+1"],"picked":"Shrug It Off+1","floor":47},{"not_picked":["Shockwave+1","Barricade","Havoc+1"],"picked":"Impervious+1","floor":48},{"not_picked":["Armaments+1","Impatience+1","Conserve Battery+1"],"picked":"Footwork+1","floor":54}],"player_experience":122531,"relics_obtained":[{"floor":6,"key":"Pantograph"},{"floor":14,"key":"Strawberry"},{"floor":23,"key":"Bird Faced Urn"},{"floor":23,"key":"Sundial"},{"floor":25,"key":"Smiling Mask"},{"floor":25,"key":"The Courier"},{"floor":26,"key":"Lantern"},{"floor":40,"key":"Ginger"},{"floor":40,"key":"Turnip"},{"floor":42,"key":"Thread and Needle"},{"floor":43,"key":"Unceasing Top"},{"floor":45,"key":"Centennial Puzzle"},{"floor":45,"key":"War Paint"},{"floor":48,"key":"Letter Opener"},{"floor":48,"key":"CaptainsWheel"},{"floor":54,"key":"Magic Flower"}],"event_choices":[{"damage_healed":0,"gold_gain":0,"player_choice":"Ignored","damage_taken":0,"max_hp_gain":0,"max_hp_loss":0,"event_name":"Liars Game","floor":2,"gold_loss":0},{"damage_healed":0,"gold_gain":75,"player_choice":"Gather Gold","damage_taken":11,"max_hp_gain":0,"max_hp_loss":0,"event_name":"World of Goop","floor":4,"gold_loss":0},{"cards_removed":["Strike_R"],"damage_healed":0,"gold_gain":0,"player_choice":"Card Removal","damage_taken":0,"max_hp_gain":0,"max_hp_loss":0,"event_name":"The Cleric","floor":5,"gold_loss":50},{"damage_healed":0,"gold_gain":0,"player_choice":"Gave Potion","damage_taken":0,"relics_obtained":["Meat on the Bone"],"max_hp_gain":0,"max_hp_loss":0,"event_name":"WeMeetAgain","floor":7,"gold_loss":0},{"damage_healed":0,"gold_gain":0,"player_choice":"Entered Light","damage_taken":42,"max_hp_gain":0,"max_hp_loss":0,"event_name":"Shining Light","floor":13,"gold_loss":0,"cards_upgraded":["Chrysalis","Bash"]},{"damage_healed":0,"gold_gain":0,"player_choice":"Shed Blood","damage_taken":77,"max_hp_gain":5,"max_hp_loss":0,"event_name":"Forgotten Altar","floor":22,"gold_loss":0},{"damage_healed":0,"gold_gain":0,"cards_transformed":["Strike_R","Strike_R"],"player_choice":"Became Test Subject","damage_taken":0,"max_hp_gain":0,"max_hp_loss":0,"event_name":"Drug Dealer","floor":30,"gold_loss":0,"cards_obtained":["Barricade","Dual Wield"]},{"damage_healed":0,"gold_gain":0,"player_choice":"Joined the Cult","damage_taken":6,"max_hp_gain":0,"max_hp_loss":0,"event_name":"Nest","floor":31,"gold_loss":0,"cards_obtained":["RitualDagger"]},{"damage_healed":0,"gold_gain":0,"player_choice":"Embrace Madness","damage_taken":60,"max_hp_gain":0,"max_hp_loss":0,"event_name":"Winding Halls","floor":38,"gold_loss":0,"cards_obtained":["Madness","Madness"]},{"damage_healed":0,"gold_gain":0,"player_choice":"Fight","damage_taken":0,"max_hp_gain":0,"max_hp_loss":0,"event_name":"Mysterious Sphere","floor":42,"gold_loss":0}],"is_beta":false,"boss_relics":[{"not_picked":["Cursed Key","Runic Dome"],"picked":"Black Star"},{"not_picked":["Runic Pyramid","Fusion Hammer"],"picked":"Astrolabe"}],"items_purged_floors":[10,10,10,10],"is_endless":false,"potions_floor_spawned":[1,6,14,20,23,24,29,35,40,45,47],"ascension_level":2}}