{"host":"b5jaqh8y266k2cz4","time":1612166322,"event":{"mods":["AchievementEnabler","Aspiration","BaseMod","Colored Powertips","Conspire","Downfall","Googly Eyes","Hermit","Highlight Path","Hubris","Infinite Spire","MarisaÅiñ∂âJÅ@ñÇóùçπÅj","Mimic Mod","Minty Spire (QoL Compilation)","Quick Restart","Replay The Spire","SOSÅiézîb?îVéqÅj","Spikes Relics","StSLib","Synergy Search","The Animator","The Cursed","The Jungle","The Necromancer","The Servant 0.9.4","The Wild Card","slay the spire mod where everything is the same but ironclad has a cowboy hat","Åyå˜î\ModÅz?ñæìIç≈?Boss"],"gold_per_floor":[119,138,138,138,158,158,184,184,208,52,62,93,168,200,200,299,299,311,150,150,19,32,62,79,79,79,99,111,129,129,160,160,261,261,275,76,76,91,106,106,106,106,132,167,167,177,193,222,222,319,319,329,345,345,345,242,242,257,281,281,289,306,306,328,86,86,154,154,161,161,2,2,27,27,33,33,59,71,93,93,93,105,105,193,193,199,102,107,87,87,99,99,120,120,121,130,143,143,25,25,0,0],"floor_reached":101,"language":"ENG","playtime":4245,"items_purged":[],"score":2643,"play_id":"66ec52bc-d158-46e5-88ff-26a7af912509","local_time":"20210201025842","daily_mods":["Draft","Heirloom","DeadlyEvents"],"is_ascension_mode":true,"campfire_choices":[{"data":"theWildCard:TheGreatSeal","floor":6,"key":"SMITH"},{"data":"theWildCard:TheGreatSeal","floor":6,"key":"SMITH"},{"data":"theWildCard:Abstinence","floor":15,"key":"SMITH"},{"data":"theWildCard:TheGreatSeal","floor":15,"key":"SMITH"},{"data":"theWildCard:TheGreatSeal","floor":25,"key":"SMITH"},{"data":"theWildCard:EnergizedStroke","floor":25,"key":"SMITH"},{"data":"theWildCard:Ruination","floor":30,"key":"SMITH"},{"data":"theWildCard:StalwartBlade","floor":30,"key":"SMITH"},{"data":"theWildCard:StalwartBlade","floor":32,"key":"SMITH"},{"data":"theWildCard:EnergizedStroke","floor":32,"key":"SMITH"},{"data":"theWildCard:StalwartBlade","floor":40,"key":"SMITH"},{"data":"theWildCard:EnergizedStroke","floor":40,"key":"SMITH"},{"data":"theWildCard:EnergizedStroke","floor":42,"key":"SMITH"},{"data":"theWildCard:Overwhelm","floor":42,"key":"SMITH"},{"data":"theWildCard:SacrificialStroke","floor":45,"key":"SMITH"},{"data":"theWildCard:SacrificialStroke","floor":45,"key":"SMITH"},{"floor":49,"key":"REST"},{"data":"theWildCard:TheGreatSeal","floor":57,"key":"SMITH"},{"data":"theWildCard:Ruination","floor":57,"key":"SMITH"},{"data":"theWildCard:StalwartBlade","floor":66,"key":"SMITH"},{"data":"theWildCard:StalwartBlade","floor":66,"key":"SMITH"},{"data":"theWildCard:Ruination","floor":74,"key":"SMITH"},{"data":"theWildCard:Desolation","floor":74,"key":"SMITH"},{"floor":80,"key":"REST"},{"floor":92,"key":"REST"},{"floor":98,"key":"REST"},{"data":"Parasite","floor":100,"key":"PURGE"}],"circlet_count":0,"master_deck":["theWildCard:MagicalMight","theWildCard:SacrificialStroke+1","theWildCard:StingingStrike","theWildCard:EnergizedStroke+1","theWildCard:ArcaneArts+1","theWildCard:TheGreatSeal+1","theWildCard:TheGreatSeal+1","theWildCard:SeveringSlash","theWildCard:SeveringSlash+1","theWildCard:EnergizedStroke+1","theWildCard:SacrificialStroke+1","theWildCard:StingingStrike","theWildCard:EnergizedStroke+1","theWildCard:SeveringSlash","theWildCard:TheGreatSeal+1","theWildCard:StalwartBlade+1","theWildCard:Abstinence+1","theWildCard:TheGreatSeal+1","theWildCard:Overwhelm+1","theWildCard:StalwartBlade+1","theWildCard:StingingStrike","theWildCard:SacrificialStroke+1","theWildCard:EnergizedStroke+1","theWildCard:SeveringSlash+1","theWildCard:Ruination+1","theWildCard:MagicMettle","theWildCard:PowerOfTheArcana+1","theWildCard:SeveringSlash","theWildCard:SeveringSlash","theWildCard:StalwartBlade+1","theWildCard:SacrificialStroke+1","theWildCard:StingingStrike","theWildCard:ArcaneArts","theWildCard:Ruination+1","theWildCard:Salvation+1","theWildCard:TheGreatSeal+1","theWildCard:ArcanaArtistry","theWildCard:ArcanaArtistry+1","theWildCard:StalwartBlade+1","theWildCard:Abstinence+1","theWildCard:StalwartBlade+1","theWildCard:Ruination+1","theWildCard:Desolation+1","theWildCard:StingingStrike","theWildCard:CryOfAgony","theWildCard:CryOfAgony","theWildCard:CryOfAgony"],"relics":["Unceasing Top","Replay:Arrowhead","conspire:DecoderRing","Centennial Puzzle","Bag of Preparation","Snack Pack","The Courier","BrokenLever","Lantern","Membership Card","Lizard Tail","Happy Flower","hexamod:CandleOfCauterizing","SacredBark","Bag of Marbles","Lee\u0027s Waffle","Whetstone","Slimebound:StickyStick","SpikesRelics:DaevaFist","Blue Doll","Runic Dome","War Paint","infinitespire:ShieldingShard","Torii","theWildCard:FigureOfDeath","aspiration:StickyExplosives_weak","Pen Nib","Turnip","Replay:Wax Seal","Matryoshka","conspire:SlowCooker","hubris:Icosahedron","Ancient Tea Set","Sundial","theJungle:BirthdayCakeSlice","hexamod:BolsterEngine","Oddly Smooth Stone","aspiration:TomeofQuesting","Replay:Mystery Machine","Calipers","Replay:Bronze Core","Replay:Baseball","SnailShell","Art of War","Bronze Scales","Strawberry","infinitespire:PuzzleCube","aspiration:AnachronicSnailShell","infinitespire:EmpoweringShard"],"acts_visited":["Exordium","TheCity","TheBeyond","Exordium","theJungle:Jungle","TheBeyond"],"potions_floor_usage":[7,14,46,46,50,93,95,101],"damage_taken":[{"damage":12,"enemies":"Jaw Worm","floor":1,"turns":2},{"damage":0,"enemies":"Cultist","floor":2,"turns":2},{"damage":0,"enemies":"2 Louse","floor":5,"turns":1},{"damage":11,"enemies":"3 Sentries","floor":7,"turns":5},{"damage":0,"enemies":"2 Fungi Beasts","floor":11,"turns":1},{"damage":0,"enemies":"Gremlin Nob","floor":12,"turns":3},{"damage":0,"enemies":"Lagavulin","floor":14,"turns":2},{"damage":8,"enemies":"Slime Boss","floor":16,"turns":4},{"damage":0,"enemies":"3 Byrds","floor":18,"turns":4},{"damage":0,"enemies":"Spheric Guardian","floor":22,"turns":2},{"damage":9,"enemies":"Replay:Snechameleon","floor":23,"turns":3},{"damage":0,"enemies":"Snake Plant","floor":24,"turns":3},{"damage":4,"enemies":"conspire:HollyBat","floor":27,"turns":6},{"damage":0,"enemies":"Sentry and Sphere","floor":28,"turns":1},{"damage":0,"enemies":"Shelled Parasite and Fungi","floor":29,"turns":3},{"damage":4,"enemies":"Gremlin Leader","floor":31,"turns":4},{"damage":48,"enemies":"Champ","floor":33,"turns":8},{"damage":20,"enemies":"3 Shapes","floor":35,"turns":4},{"damage":0,"enemies":"3 Darklings","floor":38,"turns":1},{"damage":10,"enemies":"Writhing Mass","floor":39,"turns":3},{"damage":0,"enemies":"Nightmare","floor":44,"turns":3},{"damage":0,"enemies":"Transient","floor":46,"turns":5},{"damage":9,"enemies":"4 Shapes","floor":47,"turns":2},{"damage":13,"enemies":"R_Hoarder","floor":48,"turns":4},{"damage":51,"enemies":"infinitespire:MassOfShapes","floor":50,"turns":9},{"damage":0,"enemies":"2 Louse","floor":52,"turns":1},{"damage":0,"enemies":"Cultist","floor":53,"turns":1},{"damage":10,"enemies":"Jaw Worm","floor":58,"turns":2},{"damage":0,"enemies":"Gremlin Nob","floor":59,"turns":1},{"damage":0,"enemies":"Looter","floor":61,"turns":1},{"damage":0,"enemies":"Lots of Slimes","floor":62,"turns":1},{"damage":0,"enemies":"Lagavulin","floor":64,"turns":3},{"damage":28,"enemies":"Fading Forest","floor":67,"turns":9},{"damage":0,"enemies":"theJungle:Flameango_and_Byrd","floor":69,"turns":1},{"damage":1,"enemies":"theJungle:MamaSnecko","floor":73,"turns":2},{"damage":0,"enemies":"theJungle:GiantWrat","floor":75,"turns":2},{"damage":0,"enemies":"theJungle:SlimyTreeVines","floor":78,"turns":1},{"damage":1,"enemies":"theJungle:2_Phrogs","floor":79,"turns":2},{"damage":2,"enemies":"theJungle:Snecko_Cultist_And_Trap","floor":82,"turns":2},{"damage":14,"enemies":"theJungle:FunGuy","floor":84,"turns":4},{"damage":1,"enemies":"3 Shapes","floor":86,"turns":1},{"damage":0,"enemies":"Orb Walker","floor":87,"turns":2},{"damage":31,"enemies":"Maw","floor":88,"turns":3},{"damage":34,"enemies":"R_Hoarder","floor":91,"turns":3},{"damage":15,"enemies":"Nemesis","floor":93,"turns":3},{"damage":0,"enemies":"R_Hoarder","floor":95,"turns":6},{"damage":25,"enemies":"Nemesis","floor":96,"turns":5},{"damage":0,"enemies":"R_Hoarder","floor":97,"turns":4},{"damage":219,"enemies":"Time Eater","floor":101,"turns":42}],"seed_played":"1794591367879897778","potions_obtained":[{"floor":1,"key":"Fruit Juice"},{"floor":2,"key":"Doom Potion"},{"floor":11,"key":"Toxic Potion"},{"floor":16,"key":"Venom Potion"},{"floor":22,"key":"Venom Potion"},{"floor":24,"key":"EssenceOfSteel"},{"floor":29,"key":"Fire Potion"},{"floor":35,"key":"BlessingOfTheForge"},{"floor":44,"key":"Fire Potion"},{"floor":50,"key":"FairyPotion"},{"floor":58,"key":"Swift Potion"},{"floor":67,"key":"PowerPotion"},{"floor":79,"key":"Adrenaline Potion"},{"floor":95,"key":"Fire Potion"}],"is_trial":true,"path_per_floor":["M","M","?","$","M","R","E","?","T","$","M","E","T","E","R","B",null,"M","$","?","$","M","E","M","R","T","M","M","M","R","E","R","B",null,"M","$","?","M","M","R","?","R","T","NM","R","M","M","E","R","B",null,"M","M","?","?","$","R","M","E","T","M","M","AVR","E","$","R","B",null,"M","?","$","?","E","R","M","?","T","M","E","R","AVR","M","R","B",null,"M","M","M","?","AVR","E","R","E","T","E","E","E","R","$","R","B"],"character_chosen":"THE_WILD_CARD","items_purchased":["Bag of Preparation","Lantern","theWildCard:StalwartBlade","Membership Card","theWildCard:StingingStrike","Bag of Marbles","Lee\u0027s Waffle","Whetstone","theWildCard:StalwartBlade","theWildCard:TheGreatSeal","theWildCard:ArcanaArtistry","War Paint","Pen Nib","Turnip","theWildCard:Abstinence+1","theWildCard:StalwartBlade","Replay:Wax Seal","Matryoshka","Ancient Tea Set","Sundial","theWildCard:CryOfAgony","infinitespire:EmpoweringShard"],"campfire_rested":4,"item_purchase_floors":[10,19,19,21,21,36,36,36,36,56,56,56,65,65,65,65,65,65,71,71,99,99],"current_hp_per_floor":[48,48,53,53,53,53,47,47,47,47,47,47,47,49,49,43,60,62,62,51,51,55,50,55,55,55,55,57,62,62,62,62,26,59,42,77,77,77,69,69,69,69,69,73,73,77,70,61,77,36,67,67,69,69,69,69,69,59,61,61,63,65,65,69,69,69,55,72,74,74,74,79,82,82,82,82,82,82,82,82,82,82,82,68,79,80,82,53,53,53,27,51,42,49,58,41,47,74,74,74,0,0],"gold":0,"neow_bonus":"","is_daily":false,"chose_seed":false,"campfire_upgraded":22,"win_rate":0.0,"timestamp":1612166322,"path_taken":["M","M","?","$","?","R","E","?","T","$","M","E","?","?","R","BOSS","M","$","?","$","M","E","M","R","T","M","?","M","R","E","R","BOSS","M","$","?","M","M","R","?","R","T","NM","R","M","M","E","R","BOSS","M","M","?","?","$","R","M","E","T","?","M","AVR","E","?","R","BOSS","M","?","$","?","?","R","M","?","T","M","E","R","AVR","M","R","BOSS","M","?","M","?","AVR","E","R","E","T","E","?","E","R","$","R","BOSS"],"items_purchased_type":["Relic","Relic","Card","Relic","Card","Relic","Relic","Relic","Card","Card","Card","Relic","Relic","Relic","Card","Card","Relic","Relic","Relic","Relic","Card","Relic"],"build_version":"2020-12-22","purchased_purges":0,"victory":false,"max_hp_per_floor":[60,60,60,60,60,60,65,65,65,65,65,65,65,65,65,65,65,65,65,70,70,70,70,70,70,70,70,70,70,70,70,70,70,70,70,77,77,77,77,77,77,77,77,77,77,77,77,77,77,77,77,77,77,77,77,77,77,77,77,77,77,77,77,77,77,77,77,77,77,77,77,82,82,82,82,82,82,82,82,82,82,82,82,82,82,82,82,82,82,82,82,82,82,89,90,90,90,90,90,87,87,87],"card_choices":[{"not_picked":["theWildCard:Proficiency","theWildCard:PaleRider"],"picked":"theWildCard:MagicalMight","floor":0},{"not_picked":["theWildCard:StingingStrike","theWildCard:ArcaneArts"],"picked":"theWildCard:SacrificialStroke","floor":0},{"not_picked":["theWildCard:SeveringSlash","theWildCard:Polydeuces"],"picked":"theWildCard:StingingStrike","floor":0},{"not_picked":["theWildCard:StingingStrike","theWildCard:ArcanaArtistry"],"picked":"theWildCard:EnergizedStroke","floor":0},{"not_picked":["theWildCard:Odin","theWildCard:PaleRider"],"picked":"theWildCard:ArcaneArts","floor":0},{"not_picked":["theWildCard:IdentityTheft","theWildCard:Proficiency"],"picked":"theWildCard:TheGreatSeal","floor":0},{"not_picked":["theWildCard:BladeOfGenerations","theWildCard:SacrificialStroke"],"picked":"theWildCard:TheGreatSeal","floor":0},{"not_picked":["theWildCard:Patience","theWildCard:StalwartBlade"],"picked":"theWildCard:SeveringSlash","floor":0},{"not_picked":["theWildCard:Loki","theWildCard:StingingStrike"],"picked":"theWildCard:SeveringSlash","floor":0},{"not_picked":["theWildCard:ArchaicAssault","theWildCard:Michael"],"picked":"theWildCard:EnergizedStroke","floor":0},{"not_picked":["theWildCard:Safeguard","theWildCard:Impatience"],"picked":"theWildCard:SacrificialStroke","floor":0},{"not_picked":["theWildCard:Patience","theWildCard:Metatron"],"picked":"theWildCard:StingingStrike","floor":0},{"not_picked":["theWildCard:UnderLockAndKey","theWildCard:StingingStrike"],"picked":"theWildCard:EnergizedStroke","floor":0},{"not_picked":["theWildCard:MagicalMight","theWildCard:Patience"],"picked":"theWildCard:SeveringSlash","floor":0},{"not_picked":["theWildCard:Michael","theWildCard:BladeOfGenerations"],"picked":"theWildCard:ArcaneArts","floor":0},{"not_picked":["theWildCard:CryOfAgony","theWildCard:ManOfManyFaces"],"picked":"theWildCard:TheGreatSeal","floor":1},{"not_picked":["theWildCard:Proficiency","theWildCard:PaleRider"],"picked":"theWildCard:MaskChange","floor":2},{"not_picked":["theWildCard:MagicalMight","theWildCard:EnergizedStroke"],"picked":"theWildCard:StalwartBlade","floor":5},{"not_picked":["theWildCard:ManOfManyFaces","theWildCard:PaleRider"],"picked":"theWildCard:Abstinence","floor":7},{"not_picked":["theWildCard:PowerOfTheArcana","theWildCard:Unburden","theWildCard:IdentityTheft"],"picked":"SKIP","floor":11},{"not_picked":["theWildCard:MagicalMight","theWildCard:StingingStrike"],"picked":"theWildCard:TheGreatSeal","floor":12},{"not_picked":["theWildCard:Unburden","theWildCard:StingingStrike","theWildCard:TheArcanaUnleashed"],"picked":"SKIP","floor":14},{"not_picked":["theWildCard:AllOutAttack","theWildCard:Amaterasu"],"picked":"theWildCard:Overwhelm","floor":16},{"not_picked":["theWildCard:Polydeuces","theWildCard:EnergyTheft"],"picked":"theWildCard:Providence","floor":18},{"not_picked":["theWildCard:StingingStrike","theWildCard:PaleRider+1"],"picked":"theWildCard:SacrificialStroke","floor":22},{"not_picked":["theWildCard:StalwartBlade","theWildCard:Metatron"],"picked":"theWildCard:EnergizedStroke","floor":23},{"not_picked":["theWildCard:MagicMettle","theWildCard:EnergizedStroke"],"picked":"theWildCard:SeveringSlash+1","floor":24},{"not_picked":["theWildCard:Patience","theWildCard:Polydeuces"],"picked":"theWildCard:Ruination","floor":27},{"not_picked":["theWildCard:CryOfAgony+1","theWildCard:Michael"],"picked":"theWildCard:MagicMettle","floor":28},{"not_picked":["theWildCard:ArcaneArts","theWildCard:StingingStrike"],"picked":"theWildCard:PowerOfTheArcana+1","floor":29},{"not_picked":["theWildCard:Caesar","theWildCard:ArcanaArtistry+1"],"picked":"theWildCard:SeveringSlash","floor":31},{"not_picked":["theWildCard:MagicalMight","theWildCard:MaskChange+1"],"picked":"theWildCard:SeveringSlash","floor":35},{"not_picked":["theWildCard:UnendingRitual","theWildCard:PaleRider+1","theWildCard:Sakuya+1"],"picked":"SKIP","floor":38},{"not_picked":["theWildCard:PaleRider+1","theWildCard:MaskChange"],"picked":"theWildCard:SacrificialStroke+1","floor":39},{"not_picked":["theWildCard:Loki+1","theWildCard:SacrificialStroke+1"],"picked":"theWildCard:ArcaneArts","floor":44},{"not_picked":["theWildCard:StingingStrike+1","theWildCard:Amaterasu","theWildCard:PaleRider"],"picked":"SKIP","floor":46},{"not_picked":["theWildCard:ArcaneArts","theWildCard:Sakuya+1","theWildCard:Alice+1"],"picked":"SKIP","floor":47},{"not_picked":["theWildCard:MagicalMight","theWildCard:MasterPlan+1","theWildCard:Attunement+1"],"picked":"SKIP","floor":48},{"not_picked":["theWildCard:Amaterasu","theWildCard:FinalHour"],"picked":"theWildCard:Ruination","floor":50},{"not_picked":["theWildCard:Proficiency","theWildCard:Unburden"],"picked":"theWildCard:Salvation","floor":52},{"not_picked":["theWildCard:IdentityTheft","theWildCard:Patience","theWildCard:MagicMettle"],"picked":"SKIP","floor":53},{"not_picked":["theWildCard:Proficiency","theWildCard:EnergizedStroke"],"picked":"theWildCard:StalwartBlade","floor":58},{"not_picked":["theWildCard:MasterPlan","theWildCard:Providence","theWildCard:IdentityTheft"],"picked":"SKIP","floor":59},{"not_picked":["theWildCard:Loki","theWildCard:MagicMettle","theWildCard:UnendingRitual"],"picked":"SKIP","floor":61},{"not_picked":["theWildCard:MagicalMight","theWildCard:Polydeuces","theWildCard:Unburden"],"picked":"SKIP","floor":62},{"not_picked":["theWildCard:FinalHour","theWildCard:ArcaneArts","theWildCard:StingingStrike"],"picked":"SKIP","floor":64},{"not_picked":["theWildCard:AllOutAttack","theWildCard:Amaterasu"],"picked":"theWildCard:Ruination","floor":67},{"not_picked":["theWildCard:ArcanaArtistry","theWildCard:Unburden","theWildCard:UnderLockAndKey+1"],"picked":"SKIP","floor":69},{"not_picked":["theWildCard:PowerOfTheArcana","theWildCard:IdentityTheft"],"picked":"theWildCard:Desolation","floor":73},{"not_picked":["theWildCard:BladeOfGenerations","theWildCard:SacrificialStroke","theWildCard:Unburden+1"],"picked":"SKIP","floor":75},{"not_picked":["theWildCard:StalwartBlade","theWildCard:SacrificialStroke"],"picked":"theWildCard:StingingStrike","floor":78},{"not_picked":["theWildCard:Polydeuces+1","theWildCard:Attunement+1","theWildCard:Providence"],"picked":"SKIP","floor":79},{"not_picked":["theWildCard:Sakuya","theWildCard:Polydeuces","theWildCard:IdentityTheft"],"picked":"SKIP","floor":82},{"not_picked":["theWildCard:ArcaneArts","theWildCard:SacrificialStroke","theWildCard:LadyLuck+1"],"picked":"SKIP","floor":86},{"not_picked":["theWildCard:ArcaneArts+1","theWildCard:MaskChange","theWildCard:Polydeuces"],"picked":"SKIP","floor":87},{"not_picked":["theWildCard:ArcaneArts+1","theWildCard:Patience+1","theWildCard:PaleRider+1"],"picked":"SKIP","floor":88},{"not_picked":["theWildCard:IdentityTheft","theWildCard:TheUniverse","theWildCard:ShieldOfMany+1"],"picked":"SKIP","floor":91},{"not_picked":["theWildCard:Patience+1","theWildCard:ArcaneArts+1","theWildCard:BladeOfGenerations+1"],"picked":"SKIP","floor":93},{"not_picked":["theWildCard:MasterPlan","theWildCard:UnderLockAndKey","theWildCard:Patience"],"picked":"SKIP","floor":95},{"not_picked":["theWildCard:Proficiency","theWildCard:SacrificialStroke","theWildCard:Unburden"],"picked":"SKIP","floor":96},{"not_picked":["theWildCard:Attunement+1","theWildCard:PaleRider+1"],"picked":"theWildCard:CryOfAgony","floor":97}],"player_experience":355607,"relics_obtained":[{"floor":7,"key":"conspire:DecoderRing"},{"floor":9,"key":"Centennial Puzzle"},{"floor":12,"key":"Snack Pack"},{"floor":13,"key":"The Courier"},{"floor":14,"key":"BrokenLever"},{"floor":23,"key":"Lizard Tail"},{"floor":26,"key":"Happy Flower"},{"floor":31,"key":"hexamod:CandleOfCauterizing"},{"floor":43,"key":"Slimebound:StickyStick"},{"floor":44,"key":"SpikesRelics:DaevaFist"},{"floor":48,"key":"Blue Doll"},{"floor":60,"key":"infinitespire:ShieldingShard"},{"floor":64,"key":"aspiration:StickyExplosives_weak"},{"floor":73,"key":"hexamod:BolsterEngine"},{"floor":77,"key":"Oddly Smooth Stone"},{"floor":77,"key":"aspiration:TomeofQuesting"},{"floor":79,"key":"Replay:Mystery Machine"},{"floor":91,"key":"SnailShell"},{"floor":93,"key":"Art of War"},{"floor":94,"key":"Bronze Scales"},{"floor":94,"key":"Strawberry"},{"floor":95,"key":"infinitespire:PuzzleCube"},{"floor":96,"key":"aspiration:AnachronicSnailShell"}],"event_choices":[{"cards_removed":["theWildCard:ArcaneArts"],"damage_healed":5,"gold_gain":0,"player_choice":"Offered Common","damage_taken":0,"max_hp_gain":0,"max_hp_loss":0,"event_name":"Bonfire Elementals","floor":3,"gold_loss":0},{"cards_removed":["theWildCard:ArcaneArts"],"damage_healed":5,"gold_gain":0,"player_choice":"Offered Special","damage_taken":0,"max_hp_gain":0,"max_hp_loss":0,"event_name":"Bonfire Elementals","floor":3,"gold_loss":0},{"cards_removed":["theWildCard:MaskChange"],"damage_healed":0,"gold_gain":0,"player_choice":"Forget","damage_taken":0,"max_hp_gain":0,"max_hp_loss":0,"event_name":"Living Wall","floor":8,"gold_loss":0},{"damage_healed":0,"gold_gain":0,"player_choice":"Shed Blood","damage_taken":16,"max_hp_gain":5,"max_hp_loss":0,"event_name":"Forgotten Altar","floor":20,"gold_loss":0},{"damage_healed":0,"gold_gain":0,"player_choice":"Leave","damage_taken":0,"max_hp_gain":0,"max_hp_loss":0,"event_name":"conspire:Investor","floor":37,"gold_loss":0},{"damage_healed":0,"gold_gain":0,"player_choice":"Grow","damage_taken":0,"max_hp_gain":0,"max_hp_loss":0,"event_name":"Living Wall","floor":54,"gold_loss":0,"cards_upgraded":["theWildCard:Salvation"]},{"damage_healed":0,"gold_gain":0,"player_choice":"Agree","damage_taken":0,"max_hp_gain":0,"max_hp_loss":0,"event_name":"conspire:LoneGhost","floor":55,"gold_loss":0},{"cards_removed":["theWildCard:Providence"],"damage_healed":0,"gold_gain":0,"player_choice":"Offered Uncommon","damage_taken":0,"max_hp_gain":0,"max_hp_loss":0,"event_name":"Bonfire Elementals","floor":76,"gold_loss":0},{"damage_healed":0,"gold_gain":0,"player_choice":"Bought 1 Potion","damage_taken":0,"max_hp_gain":0,"max_hp_loss":0,"event_name":"The Woman in Blue","floor":89,"gold_loss":0}],"is_beta":false,"boss_relics":[{"not_picked":["Snecko Eye","ChewingGum","ReplayTheSpireMod:SealedPack"]},{"not_picked":["conspire:SlowCooker","Velvet Choker"],"picked":"SacredBark"},{"not_picked":["Replay:Grab Bag","infinitespire:Cupcake"],"picked":"Runic Dome"},{"not_picked":["bronze:MakeshiftBattery","conspire:SeveredTorchhead"],"picked":"conspire:SlowCooker"},{"not_picked":["ChewingGum","hubris:TerracottaHorce"],"picked":"Replay:Bronze Core"}],"items_purged_floors":[],"is_endless":true,"potions_floor_spawned":[1,2,11,16,22,23,24,29,33,35,38,44,50,58,67,75,79,86,87,95,97],"killed_by":"Time Eater","ascension_level":5}}