{"host":"yq2wmfr0u0wuvxc0","time":1612217244,"event":{"mods":["Act Like it!","Aspiration","BaseMod","Colored Powertips","Curses Come First","Downfall","Friendly Minions","Gensokyo","Hubris","Infinite Spire","Marisa????????","Minty Spire (QoL Compilation)","Pale of the Ancients","Quick Restart","Rare Cards Sparkle","Remilia??????","Shop Mod","Smile Girya","Spicy Shops","StSLib","The Jungle","The Servant 0.9.4","Wide Potions"],"gold_per_floor":[349,369,369,369,24,40,40,70,88,88,106,106,166,266,279,377,377,377,391,391,511,511,545,600,600,600,626,626,626,120,138,154,255,255,255,272,285,298,316,316,316,351,401,27,54,65,65,163,173,173,187,187,187,187],"floor_reached":52,"language":"ZHS","playtime":4065,"items_purged":["downfall:Malfunctioning","Slimebound:Defend_Slimebound+1","Slimebound:Strike_Slimebound","Slimebound:Defend_Slimebound","Regret","Slimebound:Defend_Slimebound"],"score":965,"play_id":"36318256-d25a-47a8-9b4f-5b2ecb8998a0","local_time":"20210201140724","is_ascension_mode":true,"campfire_choices":[{"data":"Slimebound:CorrosiveSpit","floor":1.0,"key":"SMITH"},{"data":"hubris:Counter","floor":10.0,"key":"SMITH"},{"data":"Slimebound:RainOfGoop","floor":12.0,"key":"SMITH"},{"data":"Slimebound:PrepareCrush","floor":18.0,"key":"SMITH"},{"data":"Slimebound:FormOfPuddle","floor":28.0,"key":"SMITH"},{"data":"expansioncontent:StudyTheSpire","floor":35.0,"key":"SMITH"},{"data":"Slimebound:FormOfPuddle","floor":40.0,"key":"SMITH"},{"data":"Slimebound:Schlurp","floor":47.0,"key":"SMITH"}],"circlet_count":0,"master_deck":["Slimebound:Tackle","Slimebound:Split","Slimebound:CorrosiveSpit+1","Slimebound:LeechingTouch+1","Unload","hubris:Counter+1","Blur","Slimebound:RainOfGoop+1","Slimebound:Recycling","Slimebound:HauntingLick+1","Slimebound:GoopSpray+1","Slimebound:Replication","Slimebound:LeechEnergy+1","Slimebound:PrepareCrush+1","Slimebound:LivingWall","Slimebound:FormOfPuddle+1","Slimebound:Prepare+1","expansioncontent:StudyTheSpire+1","Slimebound:Schlurp+1","Slimebound:FormOfPuddle+1","Slimebound:LeechLife+1","Slimebound:LivingWall+1","Slimebound:LeechEnergy+1","Slimebound:HauntingLick+1","Slimebound:MegaLick+1","Slimebound:Grow+1","Slimebound:Prepare+1","Slimebound:SamplingLick+1","Slimebound:Gluttony","expansioncontent:QuickStudy+1","Slimebound:RejuvenatingLick+1"],"relics":["Slimebound:AbsorbEndCombat","hubris:BottledRain","hubris:PeanutButter","downfall:GremlinWheel","Coffee Dripper","theJungle:WildPear","PreservedInsect","Bag of Marbles","infinitespire:Beetle Shell","hubris:Spice","Toxic Egg 2","Torii","Membership Card","Bronze Scales","MerchantsRug","infinitespire:CheckeredPen","paleoftheancients:Timepiece","Gremlin Horn","CultistMask"],"acts_visited":["Exordium","Exordium","TheBeyond","paleoftheancients:PaleOfTheAncients"],"potions_floor_usage":[],"damage_taken":[{"damage":6.0,"enemies":"Small Slimes","floor":2.0,"turns":4.0},{"damage":0.0,"enemies":"downfall:FleeingMerchant","floor":5.0,"turns":4.0},{"damage":5.0,"enemies":"Jaw Worm","floor":6.0,"turns":3.0},{"damage":3.0,"enemies":"3 Sentries","floor":8.0,"turns":6.0},{"damage":0.0,"enemies":"Cultist","floor":9.0,"turns":3.0},{"damage":0.0,"enemies":"Large Slime","floor":11.0,"turns":3.0},{"damage":13.0,"enemies":"Gremlin Nob","floor":13.0,"turns":3.0},{"damage":13.0,"enemies":"Gremlin Nob","floor":14.0,"turns":3.0},{"damage":0.0,"enemies":"Exordium Thugs","floor":15.0,"turns":3.0},{"damage":34.0,"enemies":"WA_ARCHETYPE_RETAIN","floor":16.0,"turns":8.0},{"damage":14.0,"enemies":"theJungle:MUSHROOMGANG","floor":19.0,"turns":4.0},{"damage":23.0,"enemies":"theJungle:MamaSnecko","floor":23.0,"turns":5.0},{"damage":15.0,"enemies":"theJungle:2_Phrogs","floor":27.0,"turns":6.0},{"damage":7.0,"enemies":"downfall:FleeingMerchant","floor":30.0,"turns":4.0},{"damage":0.0,"enemies":"Shell Parasite","floor":31.0,"turns":5.0},{"damage":1.0,"enemies":"theJungle:JungleHuntersEncounter","floor":32.0,"turns":4.0},{"damage":26.0,"enemies":"DF_ARCHETYPE_CLAW","floor":33.0,"turns":10.0},{"damage":0.0,"enemies":"3 Shapes","floor":36.0,"turns":5.0},{"damage":3.0,"enemies":"Orb Walker","floor":37.0,"turns":5.0},{"damage":4.0,"enemies":"Maw","floor":38.0,"turns":8.0},{"damage":36.0,"enemies":"Spire Growth","floor":39.0,"turns":7.0},{"damage":0.0,"enemies":"Nemesis","floor":42.0,"turns":7.0},{"damage":42.0,"enemies":"2 Orb Walkers","floor":43.0,"turns":6.0},{"damage":0.0,"enemies":"downfall:FleeingMerchant","floor":44.0,"turns":4.0},{"damage":13.0,"enemies":"Reptomancer","floor":45.0,"turns":5.0},{"damage":0.0,"enemies":"Transient","floor":46.0,"turns":5.0},{"damage":0.0,"enemies":"downfall:FleeingMerchant","floor":48.0,"turns":3.0},{"damage":0.0,"enemies":"Maw","floor":49.0,"turns":7.0},{"damage":10.0,"enemies":"IC_BLOCK_ARCHETYPE","floor":50.0,"turns":10.0},{"damage":63.0,"enemies":"IC_BLOCK_ARCHETYPE","floor":51.0,"turns":11.0},{"damage":233,"enemies":"paleoftheancients:N","floor":52,"turns":11}],"seed_played":"6665667401064658327","potions_obtained":[{"floor":2.0,"key":"SkillPotion"},{"floor":11.0,"key":"FearPotion"},{"floor":13.0,"key":"ColorlessPotion"},{"floor":15.0,"key":"Fire Potion"},{"floor":16.0,"key":"SteroidPotion"},{"floor":23.0,"key":"ColorlessPotion"},{"floor":27.0,"key":"EntropicBrew"},{"floor":31.0,"key":"DuplicationPotion"},{"floor":32.0,"key":"DuplicationPotion"},{"floor":38.0,"key":"CultistPotion"},{"floor":42.0,"key":"FearPotion"},{"floor":45.0,"key":"Dexterity Potion"}],"is_trial":false,"path_per_floor":["R","M","?","?","$","M","T","E","M","R","M","R","?","?","M","B",null,"R","M","?","?","?","E","T","?","AVR","E","R","?","$","M","M","B",null,"R","M","M","M","M","R","T","E","?","$","E","M","R","?","M","B","M","B"],"character_chosen":"SLIMEBOUND","items_purchased":["Slimebound:Recycling","expansioncontent:StudyTheSpire","hubris:Spice","Slimebound:Prepare+1","hubris:Spice","Membership Card","Bronze Scales","MerchantsRug","Slimebound:Gluttony","infinitespire:CheckeredPen","expansioncontent:QuickStudy"],"campfire_rested":0,"item_purchase_floors":[5,30,44,44,48,48,48,48,48,48,48],"current_hp_per_floor":[59,53,53,53,55,52,52,55,57,57,59,59,48,41,45,19,59,59,51,61,51,51,34,34,34,34,27,27,27,41,47,54,36,77,77,77,77,77,56,56,56,60,26,76,71,85,85,77,77,77,69,0,0,0],"gold":187,"neow_bonus":"TWO_FIFTY_GOLD","is_daily":false,"chose_seed":false,"campfire_upgraded":8,"win_rate":0.0,"timestamp":1612217244,"path_taken":["R","M","?","?","$","M","T","E","?","R","M","R","?","?","M","BOSS","R","M","?","?","?","E","T","?","AVR","E","R","?","$","M","M","BOSS","R","M","M","M","M","R","T","E","?","$","E","M","R","?","M","BOSS","M","BOSS"],"items_purchased_type":["Card","Card","Relic","Card","Relic","Relic","Relic","Relic","Card","Relic","Card"],"build_version":"2020-12-22","purchased_purges":6,"victory":false,"max_hp_per_floor":[59,59,59,59,59,59,59,59,59,59,59,59,59,59,59,59,59,59,59,69,69,69,69,69,69,69,69,69,69,69,69,69,69,77,77,77,77,77,77,77,77,77,77,85,85,85,85,77,77,77,69,69,69,69],"card_choices":[{"not_picked":["Slimebound:LeechEnergy","Slimebound:GoopSpray"],"picked":"Slimebound:LeechingTouch","floor":2.0},{"not_picked":["Slimebound:AcidTongue","Slimebound:GrowthPunch"],"picked":"Slimebound:RainOfGoop","floor":5.0},{"not_picked":["Slimebound:ForwardTackle","Slimebound:HungryTackle","Slimebound:Chomp"],"picked":"SKIP","floor":6.0},{"not_picked":["Slimebound:ForwardTackle","Slimebound:HungryTackle","Slimebound:Chomp"],"picked":"SKIP","floor":6.0},{"not_picked":["Slimebound:ForwardTackle","Slimebound:HungryTackle","Slimebound:Chomp"],"picked":"SKIP","floor":6.0},{"not_picked":["Slimebound:SlimeBrawl","Slimebound:BestDefense"],"picked":"Slimebound:HauntingLick","floor":8.0},{"not_picked":["Slimebound:PressTheAttack","Slimebound:ItLooksTasty","Slimebound:Chomp"],"picked":"SKIP","floor":9.0},{"not_picked":["Slimebound:AcidTongue","Slimebound:FlameTackle"],"picked":"Slimebound:GoopSpray","floor":11.0},{"not_picked":["Slimebound:SplitAcid","Slimebound:SplitBruiser"],"picked":"Slimebound:Replication","floor":13.0},{"not_picked":["Slimebound:DisruptingSlam+1","Slimebound:SplitBruiser"],"picked":"Slimebound:LeechEnergy+1","floor":15.0},{"not_picked":["Slimebound:Overexert","Slimebound:MassFeed+1"],"picked":"Slimebound:PrepareCrush","floor":16.0},{"not_picked":["Slimebound:SpikyOuterGoop","Slimebound:FinishingTackle+1"],"picked":"Slimebound:LivingWall","floor":19.0},{"not_picked":["Slimebound:ProtectTheBoss+1","Slimebound:LevelUp"],"picked":"Slimebound:FormOfPuddle","floor":23.0},{"not_picked":["Slimebound:SplitBruiser","Slimebound:Teamwork"],"picked":"Slimebound:Prepare+1","floor":27.0},{"not_picked":["Slimebound:FinishingTackle+1","Slimebound:SplitLeeching","Slimebound:BestDefense"],"picked":"SKIP","floor":30.0},{"not_picked":["Slimebound:GoopTackle+1","Slimebound:ForwardTackle+1"],"picked":"Slimebound:Schlurp","floor":31.0},{"not_picked":["Slimebound:SplitAcid","Slimebound:BestDefense"],"picked":"Slimebound:FormOfPuddle","floor":32.0},{"not_picked":["Slimebound:CheckThePlaybook","Slimebound:FirmFortitude"],"picked":"Slimebound:LeechLife+1","floor":33.0},{"not_picked":["Slimebound:FinishingTackle+1","Slimebound:SplitSpecialist","Slimebound:PressTheAttack+1"],"picked":"SKIP","floor":36.0},{"not_picked":["Slimebound:RollThrough+1","Slimebound:Prepare"],"picked":"Slimebound:LivingWall+1","floor":37.0},{"not_picked":["Slimebound:Repurpose+1","Slimebound:Chomp+1"],"picked":"Slimebound:LeechEnergy+1","floor":38.0},{"not_picked":["Slimebound:Schlurp+1","Slimebound:LeechEnergy+1","Slimebound:GoopSpray"],"picked":"SKIP","floor":39.0},{"not_picked":["Slimebound:Chomp+1","Slimebound:ProtectTheBoss+1"],"picked":"Slimebound:HauntingLick+1","floor":42.0},{"not_picked":["Slimebound:ItLooksTasty+1","Slimebound:SplitMire+1"],"picked":"Slimebound:MegaLick+1","floor":43.0},{"not_picked":["Slimebound:TongueLash+1","Slimebound:SplitAcid+1"],"picked":"Slimebound:Grow+1","floor":44.0},{"not_picked":["Slimebound:RollThrough+1","Slimebound:SamplingLick+1","Slimebound:SplitSpecialist+1"],"picked":"SKIP","floor":45.0},{"not_picked":["Slimebound:GoopTackle+1","Slimebound:DisruptingSlam+1"],"picked":"Slimebound:SamplingLick+1","floor":46.0},{"not_picked":["Slimebound:DivideAndConquer+1","Slimebound:ItLooksTasty+1","Slimebound:SplitMire+1"],"picked":"SKIP","floor":48.0},{"not_picked":["Slimebound:FinishingTackle+1","Slimebound:BestDefense+1"],"picked":"Slimebound:RejuvenatingLick+1","floor":49.0},{"not_picked":["Slimebound:SplitLeeching+1","Slimebound:SamplingLick+1"],"picked":"hubris:SpiceAddiction","floor":51.0}],"player_experience":304830,"relics_obtained":[{"floor":7.0,"key":"hubris:BottledRain"},{"floor":8.0,"key":"hubris:PeanutButter"},{"floor":13.0,"key":"Molten Egg 2"},{"floor":14.0,"key":"downfall:GremlinWheel"},{"floor":23.0,"key":"PreservedInsect"},{"floor":24.0,"key":"Bag of Marbles"},{"floor":27.0,"key":"aspiration:StickyExplosives_weak"},{"floor":28.0,"key":"infinitespire:Beetle Shell"},{"floor":41.0,"key":"Toxic Egg 2"},{"floor":42.0,"key":"Orichalcum"},{"floor":43.0,"key":"Torii"},{"floor":45.0,"key":"aspiration:FrozenJewel"}],"event_choices":[{"damage_healed":0.0,"max_hp_gain":0.0,"max_hp_loss":0.0,"gold_gain":0.0,"event_name":"Wheel of Change","player_choice":"Relic","floor":28.0,"gold_loss":0.0,"damage_taken":0.0},{"damage_healed":0.0,"max_hp_gain":0.0,"max_hp_loss":0.0,"gold_gain":0.0,"event_name":"Mysterious Sphere","player_choice":"Fight","floor":43.0,"gold_loss":0.0,"damage_taken":0.0}],"is_beta":false,"boss_relics":[{"not_picked":["Calling Bell","Astrolabe"],"picked":"Coffee Dripper"},{"not_picked":["hubris:ScarierMask","aspiration:SecretTechniqueScroll"],"picked":"hubris:Backtick"}],"items_purged_floors":[5,5,26,30,48,48],"is_endless":false,"potions_floor_spawned":[2,11,13,15,16,23,27,31,32,38,42,45,49],"killed_by":"paleoftheancients:N","ascension_level":4}}