{"host":"lly094a91h6n5nv5","time":1612164007,"event":{"mods":["AchievementEnabler","BaseMod","Block Reminder","Colored Map","Minty Spire (QoL Compilation)"],"gold_per_floor":[109,59,83,99,110,110,36,46,46,78,89,116,134,154,154,258,258,273,35,39,50,50,50,50,50,50,70,70,70,169,169,169],"floor_reached":31,"language":"ENG","playtime":1852,"items_purged":["Strike_G"],"score":296,"play_id":"56cc9de1-1611-4fd4-bc29-b15b7ef8a6af","local_time":"20210201012007","is_ascension_mode":true,"campfire_choices":[{"data":"Neutralize","floor":6,"key":"SMITH"},{"floor":15,"key":"REST"},{"data":"Footwork","floor":23,"key":"SMITH"},{"data":"Noxious Fumes","floor":24,"key":"SMITH"},{"data":"Deadly Poison","floor":25,"key":"SMITH"},{"data":"Malaise","floor":29,"key":"SMITH"}],"circlet_count":0,"master_deck":["Strike_G","Strike_G","Strike_G","Strike_G","Defend_G","Defend_G","Defend_G","Defend_G","Survivor","Neutralize+1","Leg Sweep","Dagger Spray","Dash","Footwork+1","Deadly Poison+1","Backflip","Blur","Bane","Skewer","Malaise+1","Sucker Punch+1","Deadly Poison","Bouncing Flask","Noxious Fumes+1","Noxious Fumes+1","Dodge and Roll+1"],"relics":["Ring of the Snake","WingedGreaves","Blood Vial","Peace Pipe","Coffee Dripper","Nloth\u0027s Gift","Ornamental Fan"],"acts_visited":["Exordium","TheCity"],"potions_floor_usage":[12,12,14,16],"damage_taken":[{"damage":0,"enemies":"2 Louse","floor":1,"turns":4},{"damage":0,"enemies":"Jaw Worm","floor":4,"turns":5},{"damage":0,"enemies":"Cultist","floor":5,"turns":3},{"damage":1,"enemies":"Blue Slaver","floor":8,"turns":4},{"damage":25,"enemies":"3 Sentries","floor":10,"turns":10},{"damage":0,"enemies":"Large Slime","floor":11,"turns":5},{"damage":21,"enemies":"Gremlin Nob","floor":12,"turns":7},{"damage":5,"enemies":"2 Fungi Beasts","floor":13,"turns":4},{"damage":2,"enemies":"Blue Slaver","floor":14,"turns":4},{"damage":17,"enemies":"The Guardian","floor":16,"turns":12},{"damage":1,"enemies":"Shell Parasite","floor":18,"turns":9},{"damage":14,"enemies":"2 Thieves","floor":20,"turns":4},{"damage":23,"enemies":"Centurion and Healer","floor":21,"turns":6},{"damage":9,"enemies":"Shelled Parasite and Fungi","floor":27,"turns":6},{"damage":34,"enemies":"Masked Bandits","floor":31,"turns":3}],"seed_played":"1754625446396948788","potions_obtained":[{"floor":4,"key":"SpeedPotion"},{"floor":5,"key":"GhostInAJar"},{"floor":8,"key":"EssenceOfSteel"},{"floor":14,"key":"SkillPotion"},{"floor":18,"key":"Ancient Potion"},{"floor":21,"key":"Ancient Potion"}],"is_trial":false,"path_per_floor":["M","?","T","M","M","R","$","M","T","E","M","E","M","M","R","B",null,"M","$","M","M","?","R","R","R","T","M","$","R","?","?"],"character_chosen":"THE_SILENT","items_purchased":["Footwork","Deadly Poison","Bouncing Flask","Noxious Fumes"],"campfire_rested":1,"item_purchase_floors":[7,19,19,19],"current_hp_per_floor":[49,49,49,49,49,49,49,48,48,23,25,6,3,3,24,9,70,69,69,56,35,35,35,35,35,35,28,28,28,28,0,0],"gold":169,"neow_bonus":"ONE_RARE_RELIC","is_daily":false,"chose_seed":false,"campfire_upgraded":5,"win_rate":0.0,"timestamp":1612164007,"path_taken":["M","?","?","M","M","R","$","M","T","E","M","E","M","M","R","BOSS","M","$","M","M","?","R","R","R","T","M","?","R","?","?"],"items_purchased_type":["Card","Card","Card","Card"],"build_version":"2020-12-22","purchased_purges":1,"victory":false,"max_hp_per_floor":[70,70,70,70,70,70,70,70,70,70,70,70,70,70,70,70,70,70,70,70,70,70,70,70,70,70,70,70,70,70,70,70],"card_choices":[{"not_picked":["Blade Dance","Acrobatics"],"picked":"Leg Sweep","floor":1},{"not_picked":["Slice","Underhanded Strike"],"picked":"Dagger Spray","floor":4},{"not_picked":["Slice","Dodge and Roll"],"picked":"Dash","floor":5},{"not_picked":["Eviscerate","Footwork"],"picked":"Deadly Poison","floor":8},{"not_picked":["Storm of Steel","Blade Dance","Accuracy"],"picked":"SKIP","floor":10},{"not_picked":["Sucker Punch","Infinite Blades"],"picked":"Backflip","floor":11},{"not_picked":["Terror","Backflip"],"picked":"Blur","floor":12},{"not_picked":["Cloak And Dagger","Deflect"],"picked":"Bane","floor":13},{"not_picked":["Sucker Punch","Masterful Stab"],"picked":"Skewer","floor":14},{"not_picked":["Storm of Steel","Adrenaline"],"picked":"Malaise","floor":16},{"not_picked":["Bane","Finisher"],"picked":"Sucker Punch+1","floor":18},{"not_picked":["Skewer","Underhanded Strike"],"picked":"Noxious Fumes+1","floor":20},{"not_picked":["Setup","Choke","Calculated Gamble"],"picked":"SKIP","floor":21},{"not_picked":["Underhanded Strike","Reflex"],"picked":"Dodge and Roll+1","floor":27}],"player_experience":112289,"relics_obtained":[{"floor":3,"key":"Juzu Bracelet"},{"floor":10,"key":"Blood Vial"},{"floor":12,"key":"Peace Pipe"},{"floor":26,"key":"Ornamental Fan"}],"event_choices":[{"cards_removed":["Defend_G"],"damage_healed":0,"gold_gain":0,"player_choice":"Card Removal","damage_taken":0,"max_hp_gain":0,"max_hp_loss":0,"event_name":"The Cleric","floor":2,"gold_loss":50},{"damage_healed":0,"gold_gain":0,"player_choice":"Traded Relic","damage_taken":0,"relics_obtained":["Nloth\u0027s Gift"],"max_hp_gain":0,"max_hp_loss":0,"event_name":"N\u0027loth","floor":22,"relics_lost":["Juzu Bracelet"],"gold_loss":0},{"damage_healed":0,"gold_gain":99,"player_choice":"Stole From Cult","damage_taken":0,"max_hp_gain":0,"max_hp_loss":0,"event_name":"Nest","floor":30,"gold_loss":0},{"damage_healed":0,"gold_gain":0,"player_choice":"Fought Bandits","damage_taken":0,"max_hp_gain":0,"max_hp_loss":0,"event_name":"Masked Bandits","floor":31,"gold_loss":0}],"is_beta":false,"boss_relics":[{"not_picked":["Snecko Eye","Tiny House"],"picked":"Coffee Dripper"}],"items_purged_floors":[19],"is_endless":false,"potions_floor_spawned":[4,5,8,11,14,18,21],"killed_by":"Masked Bandits","ascension_level":4}}