{"host":"4par9lyhj7bf4dsa","time":1612219445,"event":{"mods":["AchievementEnabler","BaseMod","Colored Map","Minty Spire (QoL Compilation)","Relic Stats","StSLib"],"gold_per_floor":[17,32,47,64,142,142,176,191,217,217,217],"floor_reached":10,"language":"ENG","playtime":487,"items_purged":[],"score":133,"play_id":"f3f5075e-bcae-48a7-b248-2813340684c7","local_time":"20210202094405","is_ascension_mode":true,"campfire_choices":[{"data":"Ball Lightning","floor":6,"key":"SMITH"}],"circlet_count":0,"master_deck":["AscendersBane","Strike_B","Strike_B","Strike_B","Strike_B","Defend_B","Defend_B","Defend_B","Defend_B","Zap","Dualcast","Reboot","FTL","Melter","Chill","Ball Lightning+1","Undo","Glacier"],"relics":["Cracked Core","Darkstone Periapt","Potion Belt"],"acts_visited":["Exordium"],"potions_floor_usage":[7,8,10],"damage_taken":[{"damage":4,"enemies":"Jaw Worm","floor":1,"turns":5},{"damage":4,"enemies":"Small Slimes","floor":2,"turns":3},{"damage":0,"enemies":"Cultist","floor":3,"turns":3},{"damage":14,"enemies":"Exordium Wildlife","floor":4,"turns":3},{"damage":23,"enemies":"3 Sentries","floor":7,"turns":8},{"damage":14,"enemies":"Gremlin Gang","floor":8,"turns":5},{"damage":20,"enemies":"Gremlin Nob","floor":10,"turns":3}],"seed_played":"4143001259677643802","potions_obtained":[{"floor":1,"key":"BlessingOfTheForge"},{"floor":2,"key":"Regen Potion"},{"floor":7,"key":"PowerPotion"},{"floor":8,"key":"LiquidMemories"}],"is_trial":false,"path_per_floor":["M","M","M","M","?","R","E","M","T","E"],"character_chosen":"DEFECT","items_purchased":[],"campfire_rested":0,"item_purchase_floors":[],"current_hp_per_floor":[60,56,56,42,42,42,34,20,20,0,0],"gold":217,"neow_bonus":"THREE_RARE_CARDS","is_daily":false,"chose_seed":false,"campfire_upgraded":1,"win_rate":0.0,"timestamp":1612219445,"path_taken":["M","M","M","M","?","R","E","M","T","E"],"items_purchased_type":[],"build_version":"2020-12-22","purchased_purges":0,"victory":false,"max_hp_per_floor":[71,71,71,71,71,71,71,71,71,71,71],"relic_stats":{"Darkstone Periapt":0,"counters":[7,30],"obtain_stats":[{"Darkstone Periapt":7,"Potion Belt":9,"Cracked Core":0},{"Darkstone Periapt":5,"Potion Belt":6,"Cracked Core":0},{"Darkstone Periapt":22,"Potion Belt":27,"Cracked Core":0}]},"card_choices":[{"not_picked":["All For One","Creative AI"],"picked":"Reboot","floor":0},{"not_picked":["Chaos","Fusion"],"picked":"FTL","floor":1},{"not_picked":["FTL","Recycle"],"picked":"Melter","floor":2},{"not_picked":["Compile Driver","Aggregate"],"picked":"Chill","floor":3},{"not_picked":["Conserve Battery","Sweeping Beam"],"picked":"Ball Lightning","floor":4},{"not_picked":["Reprogram","Beam Cell"],"picked":"Undo","floor":7},{"not_picked":["Stack","Barrage"],"picked":"Glacier","floor":8}],"player_experience":912278,"relics_obtained":[{"floor":7,"key":"Darkstone Periapt"},{"floor":9,"key":"Potion Belt"}],"event_choices":[{"damage_healed":0,"gold_gain":78,"player_choice":"Gained Gold","damage_taken":0,"max_hp_gain":0,"max_hp_loss":0,"event_name":"Golden Wing","floor":5,"gold_loss":0}],"is_beta":false,"boss_relics":[],"items_purged_floors":[],"is_endless":false,"potions_floor_spawned":[1,2,7,8],"killed_by":"Gremlin Nob","ascension_level":18}}