{"host":"56d873i5r3uhle0q","time":1612157284,"event":{"mods":["100% Spire Juice","Act Like it!","Aspiration","BaseMod","Block Reminder","Conspire","Dota2Spire","Downfall","Gensokyo","Hermit","Hubris","Infinite Spire","Jedi Mod","Lobotomy","LobotomyExtend","Marisa????????","Marked Mod","Minty Spire (QoL Compilation)","Reliquary","Replay The Spire","StSLib","The Animator","The Bug Knight","The Cursed","The Marked","The Servant 0.9.4","everything is the same but u backflip on backflip","??????REMEMod"],"gold_per_floor":[109,109,120,131,131,131,147,147,147,147,164,184,199,48,48,146,146,159,178,204,204,221,235,235,82,105,105,30,30,42,42,42,137,137,148,148,160,160,160,160,177,177,177,177,177,191,191,245,245,245],"floor_reached":51,"language":"ENG","playtime":3488,"items_purged":[],"score":637,"play_id":"bf9682f8-d215-42f5-9f75-047046760e97","local_time":"20210131222804","is_ascension_mode":false,"campfire_choices":[{"data":"Survivor","floor":6.0,"key":"SMITH"},{"floor":8.0,"key":"REST"},{"data":"Defend_G","floor":10.0,"key":"PURGE"},{"floor":15.0,"key":"REST"},{"floor":24,"key":"REST"},{"floor":27,"key":"REST"},{"floor":29,"key":"REST"},{"data":"LittleHelper","floor":32,"key":"PURGE"},{"data":"FairyFestival","floor":40,"key":"PURGE"},{"data":"ReplayTheSpireMod:Scrap Shanks","floor":42,"key":"SMITH"},{"data":"Reflex","floor":45,"key":"SMITH"},{"data":"REME_ShadowForm","floor":47,"key":"SMITH"},{"data":"Reflex","floor":49,"key":"SMITH"}],"circlet_count":0,"master_deck":["Strike_G","Strike_G","Strike_G","Strike_G","Strike_G","Defend_G","Defend_G","Defend_G","Defend_G","Survivor+1","Neutralize","Replay:DivineShield","Prepared+1","Reflex+1","RedShoes","FieryBird","ReplayTheSpireMod:Scrap Shanks+1","Concentrate","REME_ShadowForm+1","Backflip+1","jedi:acidrain","Reflex+1","Adrenaline","Reflex+1","Acrobatics"],"relics":["Ring of the Serpent","REME_ComplimentaryCards","CogitoBucket","LetterFromLob","Peace Pipe","Replay:Bottled Snecko","ResearcherNote","Snecko Scales","MutagenicStrength","Dota2Spire:PowerTreads","Oddly Smooth Stone","HonorFeather","AtMidnight","ReplayTheSpireMod:Lightbulb","HornCleat","Golden Egg"],"acts_visited":["Exordium","TheCity","Gensokyo:Gensokyoest"],"potions_floor_usage":[],"damage_taken":[{"damage":0.0,"enemies":"2 Louse","floor":1.0,"turns":3.0},{"damage":1.0,"enemies":"Cultist","floor":3.0,"turns":5.0},{"damage":1.0,"enemies":"Jaw Worm","floor":4.0,"turns":6.0},{"damage":30.0,"enemies":"Gremlin Gang","floor":7.0,"turns":5.0},{"damage":17.0,"enemies":"Exordium Thugs","floor":11.0,"turns":7.0},{"damage":13.0,"enemies":"Blue Slaver","floor":12.0,"turns":10.0},{"damage":23.0,"enemies":"Large Slime","floor":13.0,"turns":10.0},{"damage":10.0,"enemies":"Hexaghost","floor":16.0,"turns":9.0},{"damage":31.0,"enemies":"2 Thieves","floor":18.0,"turns":3.0},{"damage":5.0,"enemies":"Shell Parasite","floor":19.0,"turns":5.0},{"damage":11.0,"enemies":"conspire:MimicChest","floor":20.0,"turns":3.0},{"damage":7.0,"enemies":"Shelled Parasite and Fungi","floor":22.0,"turns":5.0},{"damage":0.0,"enemies":"Sentry and Sphere","floor":23.0,"turns":3.0},{"damage":1,"enemies":"Chosen and Byrds","floor":30,"turns":3},{"damage":19,"enemies":"conspire:MysteriousRune","floor":33,"turns":4},{"damage":5,"enemies":"Gensokyo:3_Bats","floor":35,"turns":6},{"damage":13,"enemies":"Gensokyo:3_Boulders","floor":37,"turns":3},{"damage":7,"enemies":"Gensokyo:SeedOfUnknown","floor":41,"turns":3},{"damage":0,"enemies":"Gensokyo:AtlasGolem","floor":46,"turns":3},{"damage":15,"enemies":"Gensokyo:Yuyuko","floor":50,"turns":2}],"seed_played":"390197002421675261","potions_obtained":[{"floor":4.0,"key":"SteroidPotion"},{"floor":11.0,"key":"Strength Potion"},{"floor":12.0,"key":"sneckomod:MuddlingPotion"},{"floor":19.0,"key":"BlessingOfTheForge"},{"floor":23.0,"key":"FairyPotion"}],"is_trial":false,"path_per_floor":["M","?","M","M","?","R","M","R","T","R","M","M","M","$","R","B",null,"M","M","?","?","M","M","R","$","T","R","$","R","M","M","R","B",null,"M","$","M","?","?","R","M","R","T","T","R","M","R","?","R","B",null],"character_chosen":"THE_SILENT","items_purchased":["ReplayTheSpireMod:Scrap Shanks","Concentrate","Dota2Spire:PowerTreads","Reflex"],"campfire_rested":5,"item_purchase_floors":[14,14,25,28],"current_hp_per_floor":[70,70,70,70,70,70,40,61,61,61,44,31,11,11,32,22,70,39,34,24,24,17,17,38,38,38,59,59,70,69,59,59,40,59,54,54,26,26,26,39,32,39,39,39,39,39,39,39,39,39],"gold":245,"neow_bonus":"","is_daily":false,"chose_seed":false,"campfire_upgraded":5,"win_rate":0.0,"timestamp":1612157284,"path_taken":["M","?","M","?","?","R","M","R","T","R","M","M","M","$","R","BOSS","M","M","?","?","?","M","R","?","T","R","$","R","M","M","R","BOSS","M","$","M","?","?","R","?","R","T","?","R","?","R","?","R","BOSS"],"items_purchased_type":["Card","Card","Relic","Card"],"build_version":"2020-12-22","purchased_purges":0,"victory":true,"max_hp_per_floor":[70,70,70,70,70,70,70,70,70,70,70,70,70,70,70,70,70,70,70,70,70,70,70,70,70,70,70,70,70,70,59,59,59,59,59,59,39,39,39,39,39,39,39,39,39,39,39,39,39,39],"card_choices":[{"not_picked":["CherryBlossoms","CrumblingArmor"],"picked":"FairyFestival","floor":1.0},{"not_picked":["Bane","jedi:unstablefumes"],"picked":"Prepared","floor":1.0},{"not_picked":["Caltrops","ReplayTheSpireMod:Exploit Weakness","Slice"],"picked":"SKIP","floor":3.0},{"not_picked":["Scorched","Bloodbath"],"picked":"LittleHelper","floor":4.0},{"not_picked":["PiercingWail","Backflip","Replay:Bag of Tricks"],"picked":"SKIP","floor":4.0},{"not_picked":["Distraction","Dagger Throw"],"picked":"Reflex","floor":7.0},{"not_picked":["ShyLook","Bloodbath"],"picked":"RedShoes","floor":11.0},{"not_picked":["hubris:Sniper","Dagger Spray","Hidden Blade"],"picked":"SKIP","floor":11.0},{"not_picked":["VoidDream","WhitesApple"],"picked":"FieryBird","floor":12.0},{"not_picked":["REME_ShadowStrike","Deflect","hubris:Sniper"],"picked":"SKIP","floor":12.0},{"not_picked":["Poison Darts","Setup","Sucker Punch"],"picked":"SKIP","floor":13.0},{"not_picked":["Grand Finale","Atom Bomb"],"picked":"REME_ShadowForm","floor":16.0},{"not_picked":["Draining Mist","Prepared","Bane+1"],"picked":"SKIP","floor":18.0},{"not_picked":["Cloak And Dagger","jedi:collectorvenom"],"picked":"Backflip+1","floor":19.0},{"not_picked":["jedi:pocketpoison+1","Cloak And Dagger","Finisher+1"],"picked":"SKIP","floor":22.0},{"not_picked":["Distraction","Blade Dance"],"picked":"jedi:acidrain","floor":23.0},{"not_picked":["hubris:SlightOfHand+1","Sneak Up+1","Deadly Poison"],"picked":"SKIP","floor":30},{"not_picked":["Glass Knife","Night Terror"],"picked":"Adrenaline","floor":33},{"not_picked":["Dodge and Roll","Crippling Poison+1","Sucker Punch"],"picked":"SKIP","floor":35},{"not_picked":["Poisoned Stab","REME_LeechingPoison","Dodge and Roll"],"picked":"SKIP","floor":37},{"not_picked":["Poisoned Stab+1","Acrobatics","hubris:TrickCloak"],"picked":"SKIP","floor":41},{"not_picked":["Dagger Spray+1","Quick Slash"],"picked":"Reflex+1","floor":46},{"not_picked":["Bane","Caltrops+1"],"picked":"Acrobatics","floor":48}],"player_experience":693553,"relics_obtained":[{"floor":1.0,"key":"LetterFromLob"},{"floor":9.0,"key":"Replay:Bottled Snecko"},{"floor":26,"key":"Oddly Smooth Stone"},{"floor":37,"key":"AtMidnight"},{"floor":43,"key":"ReplayTheSpireMod:Lightbulb"},{"floor":44,"key":"HornCleat"},{"floor":48,"key":"Golden Egg"}],"event_choices":[{"damage_healed":0.0,"max_hp_gain":0.0,"max_hp_loss":0.0,"gold_gain":0.0,"event_name":"Upgrade Shrine","player_choice":"Upgraded","floor":2.0,"gold_loss":0.0,"damage_taken":0.0,"cards_upgraded":["Prepared"]},{"damage_healed":0.0,"max_hp_gain":0.0,"max_hp_loss":0.0,"gold_gain":0.0,"event_name":"WeMeetAgain","player_choice":"Gave Potion","floor":5.0,"gold_loss":0.0,"damage_taken":0.0,"relics_obtained":["Peace Pipe"]},{"damage_healed":0.0,"max_hp_gain":0.0,"max_hp_loss":0.0,"gold_gain":0.0,"event_name":"Drug Dealer","player_choice":"Inject Mutagens","floor":21.0,"gold_loss":0.0,"damage_taken":0.0,"relics_obtained":["MutagenicStrength"]}],"is_beta":false,"boss_relics":[{"not_picked":["hubris:BlackHole","Painkiller Herb"],"picked":"Snecko Scales"},{"not_picked":["reliquary:KinkedSpring","REME_ChargedStone"],"picked":"Ring of the Serpent"}],"items_purged_floors":[],"is_endless":false,"potions_floor_spawned":[4,11,12,19,23,37,46],"ascension_level":0}}