{"host":"vm3f1ccwgbs4oygt","time":1612213151,"event":{"mods":["BaseMod","Bestiary","BetterRewards","Block Reminder","Colored Powertips","Highlight Path","Minty Spire (QoL Compilation)","Permanent Neow","Quick Restart","Relic Stats","Shop Mod","StSLib"],"gold_per_floor":[110,110,129,141,156,188,208,208,208,208,228,228,328,328,328],"floor_reached":14,"language":"ENG","playtime":1239,"items_purged":[],"score":110,"play_id":"2a411dad-7d15-4c90-97f4-d836f665cb7a","local_time":"20210201215911","is_ascension_mode":true,"campfire_choices":[{"data":"Demon Form","floor":8,"key":"SMITH"},{"data":"Bash","floor":10,"key":"SMITH"}],"circlet_count":0,"master_deck":["Strike_R","Strike_R","Strike_R","Strike_R","Strike_R","Defend_R","Defend_R","Defend_R","Defend_R","Bash+1","True Grit+1","Disarm","Shrug It Off","Warcry","Demon Form+1","Flame Barrier","Shockwave","Feel No Pain"],"relics":["Burning Blood","White Beast Statue","Matryoshka"],"acts_visited":["Exordium"],"potions_floor_usage":[7,14],"damage_taken":[{"damage":11,"enemies":"Jaw Worm","floor":1,"turns":6},{"damage":3,"enemies":"2 Louse","floor":3,"turns":5},{"damage":2,"enemies":"Cultist","floor":4,"turns":5},{"damage":30,"enemies":"Large Slime","floor":5,"turns":13},{"damage":8,"enemies":"Lagavulin","floor":6,"turns":7},{"damage":13,"enemies":"Gremlin Gang","floor":7,"turns":9},{"damage":1,"enemies":"Looter","floor":11,"turns":4},{"damage":54,"enemies":"Gremlin Nob","floor":14,"turns":5}],"seed_played":"3801427649796415392","potions_obtained":[{"floor":1,"key":"DuplicationPotion"},{"floor":4,"key":"Energy Potion"},{"floor":7,"key":"LiquidMemories"},{"floor":11,"key":"PowerPotion"}],"is_trial":false,"path_per_floor":["M","?","M","M","M","E","M","R","T","R","M","?","?","E"],"character_chosen":"IRONCLAD","items_purchased":[],"campfire_rested":0,"item_purchase_floors":[],"current_hp_per_floor":[75,75,78,80,56,54,47,47,47,47,52,52,52,0,0],"gold":328,"neow_bonus":"THREE_CARDS","is_daily":false,"chose_seed":false,"campfire_upgraded":2,"win_rate":0.0,"timestamp":1612213151,"path_taken":["M","?","M","M","M","E","M","R","T","R","M","?","?","E"],"items_purchased_type":[],"build_version":"2020-12-22","purchased_purges":0,"victory":false,"max_hp_per_floor":[80,80,80,80,80,80,80,80,80,80,80,80,80,80,80],"relic_stats":{"counters":[8,54],"obtain_stats":[{"Matryoshka":9,"Burning Blood":0,"White Beast Statue":6},{"Matryoshka":6,"Burning Blood":0,"White Beast Statue":5},{"Matryoshka":45,"Burning Blood":0,"White Beast Statue":36}],"Burning Blood":40},"card_choices":[{"not_picked":["Reckless Charge","Clash"],"picked":"True Grit","floor":0},{"not_picked":["Pummel","Wild Strike"],"picked":"Disarm","floor":1},{"not_picked":["Clash","Warcry"],"picked":"Shrug It Off","floor":3},{"not_picked":["True Grit","Perfected Strike"],"picked":"Warcry","floor":4},{"not_picked":["Headbutt","Seeing Red"],"picked":"Demon Form","floor":5},{"not_picked":["Dual Wield","Power Through"],"picked":"Flame Barrier","floor":6},{"not_picked":["Battle Trance","Infernal Blade"],"picked":"Shockwave","floor":7},{"not_picked":["True Grit","Perfected Strike"],"picked":"Feel No Pain","floor":11}],"player_experience":1156070,"relics_obtained":[{"floor":6,"key":"White Beast Statue"},{"floor":9,"key":"Matryoshka"}],"event_choices":[{"damage_healed":0,"gold_gain":0,"player_choice":"Grow","damage_taken":0,"max_hp_gain":0,"max_hp_loss":0,"event_name":"Living Wall","floor":2,"gold_loss":0,"cards_upgraded":["True Grit"]},{"damage_healed":0,"gold_gain":0,"player_choice":"Ignored","damage_taken":0,"max_hp_gain":0,"max_hp_loss":0,"event_name":"Liars Game","floor":12,"gold_loss":0},{"damage_healed":0,"gold_gain":100,"player_choice":"Pray","damage_taken":0,"max_hp_gain":0,"max_hp_loss":0,"event_name":"Golden Shrine","floor":13,"gold_loss":0}],"is_beta":false,"boss_relics":[],"items_purged_floors":[],"is_endless":false,"potions_floor_spawned":[1,4,7,11],"killed_by":"Gremlin Nob","ascension_level":4}}