{"host":"vddnn8yddbh0df4g","time":1612148179,"event":{"mods":["Act Like it!","BaseMod","Beaked The Cultist","Bestiary","Clockwork Mod","Downfall","Minty Spire (QoL Compilation)","Shop Mod","StSLib","SuperFastMode","The Construct","The Runesmith"],"gold_per_floor":[99,109,119,132,144,144,144,173,12,43,53,84,84,95,111,209,209,109,125,125,225,243,243,290,316,336,336,336,336],"floor_reached":27,"language":"ENG","playtime":1289,"items_purged":[],"score":268,"play_id":"b1286569-9602-40cf-ad65-6cb8961f82a7","local_time":"20210131215619","is_ascension_mode":true,"campfire_choices":[{"data":"Slimebound:WasteNot","floor":1.0,"key":"SMITH"},{"data":"Slimebound:Split","floor":13,"key":"SMITH"},{"data":"beaked:WalkersFury","floor":18,"key":"SMITH"},{"data":"Slimebound:CorrosiveSpit","floor":23,"key":"SMITH"}],"circlet_count":0,"master_deck":["Slimebound:Strike_Slimebound","Slimebound:Strike_Slimebound","Slimebound:Strike_Slimebound","Slimebound:Tackle","Slimebound:Defend_Slimebound","Slimebound:Defend_Slimebound","Slimebound:Defend_Slimebound","Slimebound:Defend_Slimebound","Slimebound:Split+1","Slimebound:CorrosiveSpit+1","Slimebound:WasteNot+1","Slimebound:SplitBruiser","Slimebound:LeechEnergy","Slimebound:LeechEnergy","Slimebound:Nibble","Slimebound:LevelUp","Slimebound:Chomp","Slimebound:Teamwork","Slimebound:Recycling","Slimebound:SlimeSpikes","Slimebound:MinionMaster","beaked:WalkersFury+1"],"relics":["Slimebound:AbsorbEndCombat","Pantograph","Bottled Lightning","Sling","Art of War","Nunchaku","beaked:SacredDeck","downfall:HeartBlessingGreen","Nilry\u0027s Codex","Slimebound:AggressiveSlimeRelic","beaked:ShinyBauble"],"acts_visited":["Exordium","TheCity"],"potions_floor_usage":[12,16,22,22,27],"damage_taken":[{"damage":10.0,"enemies":"Cultist","floor":2.0,"turns":4.0},{"damage":3.0,"enemies":"Jaw Worm","floor":3.0,"turns":4.0},{"damage":12.0,"enemies":"Small Slimes","floor":4.0,"turns":3.0},{"damage":16.0,"enemies":"Red Slaver","floor":5.0,"turns":4.0},{"damage":33.0,"enemies":"Gremlin Nob","floor":8.0,"turns":4.0},{"damage":0.0,"enemies":"downfall:FleeingMerchant","floor":9.0,"turns":4.0},{"damage":21.0,"enemies":"Lagavulin","floor":10.0,"turns":5.0},{"damage":2,"enemies":"3 Louse","floor":11,"turns":2},{"damage":3,"enemies":"3 Sentries","floor":12,"turns":4},{"damage":0,"enemies":"2 Fungi Beasts","floor":14,"turns":2},{"damage":0,"enemies":"Gremlin Gang","floor":15,"turns":3},{"damage":27,"enemies":"WA_ARCHETYPE_RETAIN","floor":16,"turns":7},{"damage":25,"enemies":"3 Byrds","floor":19,"turns":4},{"damage":0,"enemies":"3 Cultists","floor":22,"turns":4},{"damage":30,"enemies":"Book of Stabbing","floor":25,"turns":4},{"damage":13,"enemies":"Cultist and Chosen","floor":26,"turns":4},{"damage":15,"enemies":"downfall:FleeingMerchant","floor":27,"turns":2}],"seed_played":"-8259174039124497275","potions_obtained":[{"floor":3.0,"key":"LiquidBronze"},{"floor":8.0,"key":"Swift Potion"},{"floor":10.0,"key":"FearPotion"},{"floor":11,"key":"Slimebound:SpawnSlimePotion"},{"floor":15,"key":"Strength Potion"},{"floor":16,"key":"Slimebound:SlimedPotion"},{"floor":19,"key":"Slimebound:SlimyTonguePotion"},{"floor":25,"key":"Slimebound:SlimedPotion"}],"is_trial":false,"path_per_floor":["R","M","M","M","M","?","T","E","$","E","M","E","R","M","M","B",null,"R","M","?","?","M","R","T","E","M","$"],"character_chosen":"SLIMEBOUND","items_purchased":["Sling"],"campfire_rested":0,"item_purchase_floors":[9],"current_hp_per_floor":[65,58,59,53,41,41,41,14,22,9,7,6,6,12,14,20,65,65,46,30,30,38,38,38,16,9,0,0,0],"gold":336,"neow_bonus":"ONE_RANDOM_RARE_CARD","is_daily":false,"chose_seed":false,"campfire_upgraded":4,"win_rate":0.0,"timestamp":1612148179,"path_taken":["R","M","M","?","M","?","T","E","?","E","M","E","R","?","M","BOSS","R","M","?","?","M","R","T","E","M","$"],"items_purchased_type":["Relic"],"build_version":"2020-12-22","purchased_purges":0,"victory":false,"max_hp_per_floor":[65,65,65,65,65,65,65,65,65,65,65,65,65,65,65,65,65,65,65,65,65,65,65,65,65,65,65,65,65],"card_choices":[{"not_picked":["Slimebound:LeechingTouch","Slimebound:HauntingLick"],"picked":"Slimebound:SplitBruiser","floor":2.0},{"not_picked":["Slimebound:DouseInSlime","Slimebound:Equalize"],"picked":"Slimebound:LeechEnergy","floor":3.0},{"not_picked":["Slimebound:SpikyOuterGoop","Slimebound:LivingWall"],"picked":"Slimebound:LeechEnergy","floor":4.0},{"not_picked":["Slimebound:SlimeBrawl","Slimebound:FinishingTackle"],"picked":"Slimebound:Nibble","floor":5.0},{"not_picked":["Slimebound:LeechEnergy","Slimebound:SamplingLick"],"picked":"Slimebound:LevelUp","floor":8.0},{"not_picked":["Slimebound:ComboTackle","Slimebound:SlimeBrawl"],"picked":"Slimebound:Chomp","floor":9.0},{"not_picked":["Slimebound:ServeAndProtect","Slimebound:LivingWall"],"picked":"Slimebound:Teamwork","floor":10.0},{"not_picked":["Slimebound:Dissolve","Slimebound:SplitBruiser","Slimebound:FinishingTackle"],"picked":"SKIP","floor":11},{"not_picked":["Slimebound:AcidTongue","Slimebound:GoopTackle"],"picked":"Slimebound:Recycling","floor":12},{"not_picked":["Slimebound:SplitBruiser","Slimebound:LivingWall","Slimebound:BestDefense"],"picked":"SKIP","floor":14},{"not_picked":["Slimebound:ItLooksTasty","Slimebound:LivingWall"],"picked":"Slimebound:SlimeSpikes","floor":15},{"not_picked":["Slimebound:CheckThePlaybook","Slimebound:SelfFormingGoo"],"picked":"Slimebound:MinionMaster","floor":16},{"not_picked":["Slimebound:SplitAcid+1","Slimebound:ViciousTackle+1","Slimebound:RollThrough"],"picked":"SKIP","floor":19},{"not_picked":["Slimebound:GoopTackle","Slimebound:SplitBruiser","Slimebound:DisruptingSlam"],"picked":"SKIP","floor":22},{"not_picked":["Slimebound:RollThrough","Slimebound:Chomp","Slimebound:ViciousTackle"],"picked":"SKIP","floor":25},{"not_picked":["Slimebound:Recollect","Slimebound:SplitMire","Slimebound:SplitLeeching+1"],"picked":"SKIP","floor":26}],"player_experience":718279,"relics_obtained":[{"floor":7.0,"key":"Pantograph"},{"floor":8.0,"key":"Bottled Lightning"},{"floor":10.0,"key":"Art of War"},{"floor":12,"key":"Nunchaku"},{"floor":20,"key":"Nilry\u0027s Codex"},{"floor":24,"key":"Slimebound:AggressiveSlimeRelic"},{"floor":25,"key":"beaked:ShinyBauble"}],"event_choices":[{"damage_healed":0.0,"max_hp_gain":0.0,"max_hp_loss":0.0,"gold_gain":0.0,"event_name":"NoteForYourself","player_choice":"Ignored","floor":6.0,"gold_loss":0.0,"damage_taken":0.0}],"is_beta":false,"boss_relics":[{"not_picked":["Runesmith:UraniumAnvil","Runic Dome"],"picked":"beaked:SacredDeck"}],"items_purged_floors":[],"is_endless":false,"potions_floor_spawned":[3,8,10,11,15,16,19,25],"killed_by":"downfall:FleeingMerchant","ascension_level":1}}