{"host":"f7rb14kzcw8hx1r1","time":1612204273,"event":{"mods":["BaseMod","Better Note","Better Third Choice","Colored Map","Highlight Path","Hubris","Minty Spire (QoL Compilation)","Replay The Spire","StSLib","The Forsaken"],"gold_per_floor":[116,132,147,163,163,192,192,222,222,196,208,34,34,47,47,47,47],"floor_reached":16,"language":"ENG","playtime":1421,"items_purged":["Strike_G"],"score":137,"play_id":"7f75f9b5-d8e3-4f3e-b669-e52fa1d7969a","local_time":"20210201193113","is_ascension_mode":false,"campfire_choices":[{"data":"Draining Mist","floor":7,"key":"SMITH"},{"data":"Catalyst","floor":15,"key":"SMITH"}],"circlet_count":0,"master_deck":["Strike_G","Strike_G","Strike_G","Defend_G","Defend_G","Defend_G","Defend_G","Defend_G","Survivor","Neutralize","Crippling Poison","Draining Mist+1","ReplayTheSpireMod:Speed Training","Malaise","Catalyst+1","Noxious Fumes","Backflip","theForsaken:NobleSacrifice"],"relics":["Philosopher\u0027s Stone","Darkstone Periapt","Iron Hammer","hubris:DisguiseKit","betterThird:SlimedRelic","Orichalcum"],"acts_visited":["Exordium"],"potions_floor_usage":[16,16,16],"damage_taken":[{"damage":2,"enemies":"Cultist","floor":1,"turns":4},{"damage":0,"enemies":"Small Slimes","floor":2,"turns":4},{"damage":4,"enemies":"2 Louse","floor":3,"turns":2},{"damage":8,"enemies":"Exordium Wildlife","floor":4,"turns":5},{"damage":0,"enemies":"Lagavulin","floor":6,"turns":13},{"damage":12,"enemies":"Replay:BlueRogue","floor":8,"turns":8},{"damage":0,"enemies":"Lots of Slimes","floor":11,"turns":2},{"damage":0,"enemies":"3 Louse","floor":14,"turns":3},{"damage":25,"enemies":"Slime Boss","floor":16,"turns":12}],"seed_played":"4736311467477409090","potions_obtained":[{"floor":1,"key":"Weak Potion"},{"floor":2,"key":"Venom Potion"},{"floor":14,"key":"Adrenaline Potion"}],"is_trial":false,"path_per_floor":["M","M","M","M","?","E","R","E","T","?","M","$","?","M","R","B"],"character_chosen":"THE_SILENT","items_purchased":["Noxious Fumes","Backflip"],"campfire_rested":0,"item_purchase_floors":[12,12],"current_hp_per_floor":[68,68,64,56,56,56,56,44,44,33,33,33,21,21,21,0,0],"gold":47,"neow_bonus":"BOSS_RELIC","is_daily":false,"chose_seed":false,"campfire_upgraded":2,"win_rate":0.0,"timestamp":1612204273,"path_taken":["M","?","M","M","?","E","R","E","T","?","M","$","?","?","R","BOSS"],"items_purchased_type":["Card","Card"],"build_version":"2020-12-22","purchased_purges":1,"victory":false,"max_hp_per_floor":[70,70,70,70,70,70,70,70,70,70,70,70,70,70,70,70,70],"card_choices":[{"not_picked":["Dodge and Roll","Sucker Punch"],"picked":"Crippling Poison","floor":1},{"not_picked":["Dagger Throw","Endless Agony"],"picked":"Draining Mist","floor":2},{"not_picked":["Dodge and Roll","Deflect"],"picked":"ReplayTheSpireMod:Speed Training","floor":3},{"not_picked":["Cloak And Dagger","Terror"],"picked":"Malaise","floor":4},{"not_picked":["Cloak And Dagger","Quick Slash"],"picked":"Catalyst","floor":6},{"not_picked":["Prepared","hubris:Counter","Toxin Wave"],"picked":"SKIP","floor":8},{"not_picked":["Bane","Underhanded Strike","Concentrate","theForsaken:SolarFlare"],"picked":"SKIP","floor":11},{"not_picked":["Dodge and Roll","Slice","Expertise"],"picked":"theForsaken:NobleSacrifice","floor":14}],"player_experience":947385,"relics_obtained":[{"floor":6,"key":"Darkstone Periapt"},{"floor":8,"key":"Iron Hammer"},{"floor":9,"key":"hubris:DisguiseKit"}],"event_choices":[{"damage_healed":0,"gold_gain":0,"player_choice":"Slimed","damage_taken":11,"max_hp_gain":0,"max_hp_loss":0,"event_name":"betterThird:BetterGoop","floor":10,"gold_loss":26},{"damage_healed":0,"gold_gain":0,"player_choice":"Relic ","damage_taken":12,"max_hp_gain":0,"max_hp_loss":0,"event_name":"betterThird:BetterScrap","floor":13,"gold_loss":0,"cards_obtained":["hubris:DoWhile"]}],"is_beta":false,"boss_relics":[],"items_purged_floors":[12],"is_endless":false,"potions_floor_spawned":[1,2,14],"killed_by":"Slime Boss","ascension_level":0}}