{"host":"49c2zf0lajbcs427","time":1612178008,"event":{"mods":["AchievementEnabler","BaseMod","Colored Map","Colored Powertips","Highlight Path","Key Reminder","Minty Spire (QoL Compilation)","Relic Stats","StSLib"],"gold_per_floor":[110,126,126,141,159,159,159,176,176,176,176,201,216,251,251,347,347,357,372,372,382,416,446,446,475,528,528,556,132,165,184,184,284,284,304,318,292,292,303,338,338,366,447,494,346,346,375,394,394,394,394,394,80,109,109],"floor_reached":56,"language":"ENG","playtime":4581,"items_purged":["Strike_B"],"score":1875,"play_id":"86c51831-a89b-43d4-b4de-514214b465ad","local_time":"20210202001328","is_ascension_mode":true,"campfire_choices":[{"data":"Zap","floor":6,"key":"SMITH"},{"data":"Rainbow","floor":10,"key":"SMITH"},{"floor":15,"key":"REST"},{"data":"Electrodynamics","floor":24,"key":"SMITH"},{"data":"Chill","floor":32,"key":"SMITH"},{"data":"Defragment","floor":46,"key":"SMITH"},{"floor":49,"key":"RECALL"},{"data":"Buffer","floor":52,"key":"SMITH"}],"circlet_count":0,"master_deck":["Strike_B","Strike_B","Defend_B","Defend_B","Defend_B","Defend_B","Zap+1","Dualcast","Ball Lightning","Sweeping Beam","Hologram","Melter","Rainbow+1","Echo Form","Chill+1","Redo","Multi-Cast","Electrodynamics+1","Go for the Eyes","Redo+1","FTL","Undo","Coolheaded+1","Coolheaded+1","Aggregate+1","Double Energy+1","Fission+1","Coolheaded+1","Hologram+1","Panacea+1","Coolheaded+1","Static Discharge+1","Leap+1","Regret","Buffer+1","Defragment+1","White Noise+1","Creative AI","Static Discharge","Skim+1","Redo+1"],"relics":["Black Star","Ancient Tea Set","Meat on the Bone","Pen Nib","Mercury Hourglass","Question Card","Boot","Coffee Dripper","Red Mask","Pantograph","Potion Belt","Toxic Egg 2","Eternal Feather","Bag of Preparation","Calipers","Nunchaku","Bottled Tornado","ClockworkSouvenir","Vajra","Oddly Smooth Stone","Cursed Key","Mummified Hand","Blood Vial","Anchor","Prayer Wheel","TungstenRod","Unceasing Top","CaptainsWheel","OrangePellets","Bronze Scales","Blue Candle"],"acts_visited":["Exordium","TheCity","TheBeyond","TheEnding"],"potions_floor_usage":[14,16,23,25,30,55,55,55],"damage_taken":[{"damage":2,"enemies":"2 Louse","floor":1,"turns":2},{"damage":0,"enemies":"Cultist","floor":2,"turns":3},{"damage":7,"enemies":"Jaw Worm","floor":4,"turns":3},{"damage":2,"enemies":"Looter","floor":5,"turns":4},{"damage":8,"enemies":"2 Fungi Beasts","floor":8,"turns":3},{"damage":20,"enemies":"3 Sentries","floor":12,"turns":5},{"damage":1,"enemies":"Blue Slaver","floor":13,"turns":3},{"damage":37,"enemies":"Gremlin Nob","floor":14,"turns":4},{"damage":0,"enemies":"Slime Boss","floor":16,"turns":3},{"damage":4,"enemies":"Shell Parasite","floor":18,"turns":4},{"damage":0,"enemies":"Spheric Guardian","floor":19,"turns":3},{"damage":36,"enemies":"Shelled Parasite and Fungi","floor":21,"turns":6},{"damage":7,"enemies":"Masked Bandits","floor":22,"turns":2},{"damage":14,"enemies":"Slavers","floor":23,"turns":3},{"damage":33,"enemies":"Book of Stabbing","floor":25,"turns":5},{"damage":15,"enemies":"Gremlin Leader","floor":28,"turns":5},{"damage":0,"enemies":"Slavers","floor":30,"turns":4},{"damage":10,"enemies":"Snake Plant","floor":31,"turns":3},{"damage":0,"enemies":"Champ","floor":33,"turns":6},{"damage":0,"enemies":"Orb Walker","floor":35,"turns":3},{"damage":0,"enemies":"3 Shapes","floor":36,"turns":3},{"damage":0,"enemies":"3 Darklings","floor":39,"turns":2},{"damage":15,"enemies":"Giant Head","floor":40,"turns":9},{"damage":29,"enemies":"Nemesis","floor":42,"turns":7},{"damage":11,"enemies":"2 Orb Walkers","floor":44,"turns":4},{"damage":0,"enemies":"Giant Head","floor":47,"turns":5},{"damage":0,"enemies":"Sphere and 2 Shapes","floor":48,"turns":3},{"damage":33,"enemies":"Awakened One","floor":50,"turns":9},{"damage":1,"enemies":"Shield and Spear","floor":54,"turns":2},{"damage":2,"enemies":"The Heart","floor":55,"turns":9}],"seed_played":"-8470594125240321021","potions_obtained":[{"floor":1,"key":"SteroidPotion"},{"floor":4,"key":"BlessingOfTheForge"},{"floor":12,"key":"GamblersBrew"},{"floor":14,"key":"Ancient Potion"},{"floor":16,"key":"LiquidBronze"},{"floor":21,"key":"ColorlessPotion"},{"floor":23,"key":"ColorlessPotion"},{"floor":25,"key":"Explosive Potion"},{"floor":33,"key":"LiquidMemories"},{"floor":35,"key":"FocusPotion"},{"floor":47,"key":"Energy Potion"}],"is_trial":false,"path_per_floor":["M","M","?","M","M","R","?","M","T","R","T","E","M","E","R","B",null,"M","M","?","M","?","E","R","E","T","T","E","$","E","M","R","B",null,"M","M","$","?","M","E","?","E","T","?","$","R","E","M","R","B",null,"R","$","E","B",null],"character_chosen":"DEFECT","items_purchased":["ClockworkSouvenir","Coolheaded+1","Aggregate+1","Block Potion","ColorlessPotion","Hologram+1","Defragment","PotionOfCapacity","OrangePellets","Static Discharge","Skim+1","Swift Potion"],"campfire_rested":1,"item_purchase_floors":[29,29,29,29,29,37,45,45,53,53,53,53],"current_hp_per_floor":[66,66,66,59,57,57,57,49,49,49,49,41,40,15,37,49,69,65,65,65,41,46,44,44,23,23,23,20,20,32,34,49,74,75,75,75,75,75,75,60,60,45,45,36,36,57,59,61,71,38,63,71,71,70,69],"gold":109,"neow_bonus":"BOSS_RELIC","is_daily":false,"chose_seed":false,"campfire_upgraded":6,"win_rate":0.0,"timestamp":1612178008,"path_taken":["M","M","?","?","M","R","?","M","T","R","?","E","M","E","R","BOSS","M","M","?","M","?","E","R","E","T","?","E","$","E","M","R","BOSS","M","M","$","?","M","E","?","E","T","?","?","R","E","M","R","BOSS","R","$","E","BOSS"],"items_purchased_type":["Relic","Card","Card","Potion","Potion","Card","Card","Potion","Relic","Card","Card","Potion"],"build_version":"2020-12-22","purchased_purges":1,"victory":true,"max_hp_per_floor":[75,75,75,75,75,75,75,75,75,75,75,75,75,75,75,75,75,75,75,75,75,75,75,75,75,75,75,75,75,75,75,75,75,75,75,75,75,75,75,75,71,71,71,71,71,71,71,71,71,71,71,71,71,71,71],"relic_stats":{"counters":[30,127],"Blue Candle":[1],"Eternal Feather":54,"Pen Nib":[17],"Bag of Preparation":[30],"Question Card":22,"Boot":[50],"Cursed Key":1,"Mercury Hourglass":[402],"Blood Vial":9,"OrangePellets":[2],"Nunchaku":[12],"Mummified Hand":[46],"Pantograph":25,"Bronze Scales":[102],"Prayer Wheel":1,"Black Star":10,"obtain_stats":[{"Calipers":27,"Vajra":30,"Bag of Preparation":26,"Bottled Tornado":28,"Ancient Tea Set":9,"Boot":14,"Cursed Key":34,"ClockworkSouvenir":29,"Blood Vial":40,"Nunchaku":28,"Mummified Hand":40,"Pantograph":23,"Prayer Wheel":42,"Red Mask":22,"Toxic Egg 2":25,"Cracked Core":0,"Potion Belt":23,"Blue Candle":54,"Oddly Smooth Stone":30,"Eternal Feather":25,"Pen Nib":12,"Question Card":14,"Mercury Hourglass":12,"keyreminder:keyreminder":42,"OrangePellets":53,"Anchor":42,"CaptainsWheel":47,"Bronze Scales":54,"Black Star":0,"Coffee Dripper":17,"TungstenRod":44,"Unceasing Top":47,"Meat on the Bone":11},{"Calipers":15,"Vajra":17,"Bag of Preparation":15,"Bottled Tornado":16,"Ancient Tea Set":5,"Boot":8,"Cursed Key":19,"ClockworkSouvenir":16,"Blood Vial":23,"Nunchaku":16,"Mummified Hand":23,"Pantograph":14,"Prayer Wheel":24,"Red Mask":13,"Toxic Egg 2":15,"Cracked Core":0,"Potion Belt":14,"Blue Candle":29,"Oddly Smooth Stone":17,"Eternal Feather":15,"Pen Nib":6,"Question Card":8,"Mercury Hourglass":6,"keyreminder:keyreminder":24,"OrangePellets":28,"Anchor":24,"CaptainsWheel":26,"Bronze Scales":29,"Black Star":0,"Coffee Dripper":9,"TungstenRod":25,"Unceasing Top":26,"Meat on the Bone":5},{"Calipers":53,"Vajra":62,"Bag of Preparation":53,"Bottled Tornado":58,"Ancient Tea Set":15,"Boot":27,"Cursed Key":71,"ClockworkSouvenir":58,"Blood Vial":88,"Nunchaku":58,"Mummified Hand":88,"Pantograph":48,"Prayer Wheel":95,"Red Mask":45,"Toxic Egg 2":53,"Cracked Core":0,"Potion Belt":48,"Blue Candle":118,"Oddly Smooth Stone":62,"Eternal Feather":53,"Pen Nib":20,"Question Card":27,"Mercury Hourglass":20,"keyreminder:keyreminder":95,"OrangePellets":116,"Anchor":95,"CaptainsWheel":104,"Bronze Scales":118,"Black Star":0,"Coffee Dripper":30,"TungstenRod":99,"Unceasing Top":104,"Meat on the Bone":15}],"TungstenRod":18,"Unceasing Top":[1],"Meat on the Bone":132},"card_choices":[{"not_picked":["Go for the Eyes","Aggregate"],"picked":"Ball Lightning","floor":1},{"not_picked":["Streamline","Undo"],"picked":"Sweeping Beam","floor":2},{"not_picked":["Storm","Conserve Battery"],"picked":"Hologram","floor":4},{"not_picked":["Stack","Streamline"],"picked":"Melter","floor":5},{"not_picked":["Beam Cell","BootSequence"],"picked":"Echo Form","floor":8},{"not_picked":["BootSequence","Reinforced Body"],"picked":"Chill","floor":12},{"not_picked":["Leap","Double Energy"],"picked":"Redo","floor":13},{"not_picked":["White Noise","FTL"],"picked":"Multi-Cast","floor":14},{"not_picked":["Creative AI","Meteor Strike","Fission"],"picked":"Electrodynamics","floor":16},{"not_picked":["Reinforced Body","Sweeping Beam+1","Barrage+1"],"picked":"Go for the Eyes","floor":18},{"not_picked":["Barrage","Go for the Eyes","Static Discharge+1"],"picked":"Redo+1","floor":19},{"not_picked":["Compile Driver","Stack","Redo","Streamline+1"],"picked":"SKIP","floor":21},{"not_picked":["Steam","Beam Cell","Reprogram+1"],"picked":"FTL","floor":22},{"not_picked":["Self Repair+1","Rebound+1","Redo"],"picked":"Undo","floor":23},{"not_picked":["Melter","Force Field+1","Echo Form"],"picked":"Coolheaded+1","floor":25},{"not_picked":["Blizzard+1","Compile Driver","Sweeping Beam","Turbo+1"],"picked":"SKIP","floor":28},{"not_picked":["Turbo+1","Hologram+1","Rebound+1"],"picked":"Double Energy+1","floor":30},{"not_picked":["Melter","Self Repair","Streamline+1","Go for the Eyes"],"picked":"SKIP","floor":31},{"not_picked":["Electrodynamics","Meteor Strike","Creative AI"],"picked":"Fission+1","floor":33},{"not_picked":["Streamline+1","Recycle+1","Go for the Eyes","Gash+1"],"picked":"SKIP","floor":35},{"not_picked":["Steam+1","Darkness+1","Rip and Tear+1"],"picked":"Coolheaded+1","floor":36},{"not_picked":["Dark Shackles+1","Secret Weapon+1","Dramatic Entrance"],"picked":"Panacea+1","floor":38},{"not_picked":["Barrage+1","Turbo+1","Tempest+1"],"picked":"Coolheaded+1","floor":39},{"not_picked":["Melter","Genetic Algorithm+1","Conserve Battery+1"],"picked":"Static Discharge+1","floor":40},{"not_picked":["Barrage","Genetic Algorithm+1","Reprogram+1"],"picked":"Leap+1","floor":42},{"not_picked":["Coolheaded+1","Sunder","Self Repair+1"],"picked":"Buffer","floor":44},{"not_picked":["Barrage","FTL+1","Chaos+1"],"picked":"White Noise+1","floor":47},{"not_picked":["Stack+1","Go for the Eyes+1","Hologram+1"],"picked":"Creative AI","floor":48},{"not_picked":["Go for the Eyes+1","Rebound","Redo+1","Sweeping Beam"],"picked":"SKIP","floor":48},{"not_picked":["Rainbow+1","Leap+1","Conserve Battery+1"],"picked":"Redo+1","floor":54}],"player_experience":2378531,"relics_obtained":[{"floor":9,"key":"Ancient Tea Set"},{"floor":11,"key":"Meat on the Bone"},{"floor":12,"key":"Pen Nib"},{"floor":12,"key":"Mercury Hourglass"},{"floor":14,"key":"Question Card"},{"floor":14,"key":"Boot"},{"floor":22,"key":"Red Mask"},{"floor":23,"key":"Pantograph"},{"floor":23,"key":"Potion Belt"},{"floor":25,"key":"Toxic Egg 2"},{"floor":25,"key":"Eternal Feather"},{"floor":26,"key":"Bag of Preparation"},{"floor":27,"key":"Calipers"},{"floor":28,"key":"Nunchaku"},{"floor":28,"key":"Bottled Tornado"},{"floor":30,"key":"Vajra"},{"floor":30,"key":"Oddly Smooth Stone"},{"floor":40,"key":"Mummified Hand"},{"floor":40,"key":"Blood Vial"},{"floor":42,"key":"Anchor"},{"floor":42,"key":"Prayer Wheel"},{"floor":44,"key":"TungstenRod"},{"floor":47,"key":"Unceasing Top"},{"floor":47,"key":"CaptainsWheel"},{"floor":54,"key":"Bronze Scales"},{"floor":54,"key":"Blue Candle"}],"event_choices":[{"damage_healed":0,"gold_gain":0,"player_choice":"Ignored","damage_taken":0,"max_hp_gain":0,"max_hp_loss":0,"event_name":"NoteForYourself","floor":3,"gold_loss":0},{"damage_healed":0,"gold_gain":0,"cards_transformed":["Strike_B"],"player_choice":"Change","damage_taken":0,"max_hp_gain":0,"max_hp_loss":0,"event_name":"Living Wall","floor":7,"gold_loss":0,"cards_obtained":["Rainbow"]},{"damage_healed":0,"gold_gain":0,"player_choice":"Ignored","damage_taken":0,"max_hp_gain":0,"max_hp_loss":0,"event_name":"Vampires","floor":20,"gold_loss":0},{"damage_healed":0,"gold_gain":0,"player_choice":"Fought Bandits","damage_taken":0,"max_hp_gain":0,"max_hp_loss":0,"event_name":"Masked Bandits","floor":22,"gold_loss":0},{"damage_healed":0,"gold_gain":0,"player_choice":"Memory 1","damage_taken":0,"max_hp_gain":0,"max_hp_loss":0,"event_name":"SensoryStone","floor":38,"gold_loss":0},{"damage_healed":0,"gold_gain":0,"player_choice":"Max HP","damage_taken":0,"max_hp_gain":0,"max_hp_loss":4,"event_name":"Winding Halls","floor":41,"gold_loss":0},{"damage_healed":0,"gold_gain":0,"player_choice":"Fight","damage_taken":0,"max_hp_gain":0,"max_hp_loss":0,"event_name":"Mysterious Sphere","floor":44,"gold_loss":0}],"is_beta":false,"boss_relics":[{"not_picked":["Busted Crown","SacredBark"],"picked":"Coffee Dripper"},{"not_picked":["Tiny House","Calling Bell"],"picked":"Cursed Key"}],"items_purged_floors":[29],"is_endless":false,"potions_floor_spawned":[1,4,12,14,16,21,23,25,33,35,36,42,47,48],"ascension_level":6}}