{"host":"w7o06k3e8uel8euj","time":1612172585,"event":{"mods":["AchievementEnabler","BaseMod","Colored Powertips","Custom Start","DeckTracker","Keyboard Shortcuts","Minty Spire (QoL Compilation)","Quick Restart","Relic Stats","StSLib","SuperFastMode","everything is the same but u backflip on backflip"],"gold_per_floor":[113,130,130,156,168,194,194,269,269,348,380,394,426,445,445,522,522,533,548,548,581,592,592,624,380,405,425,210,236,254,264,264,341,341,361,583,598,548,567,567,598,612,612,612,622,647,659,685,685,685,685,685,685,270,301,301],"floor_reached":57,"language":"KOR","playtime":1944,"items_purged":["Defend_R","Strike_R","Strike_R","Bash"],"score":2873,"play_id":"0ff2f24b-57ff-4c18-afe8-7a9ac2f21aa9","local_time":"20210201184305","is_ascension_mode":true,"campfire_choices":[{"data":"Dual Wield","floor":7.0,"key":"SMITH"},{"floor":15.0,"key":"REST"},{"data":"Dropkick","floor":23.0,"key":"SMITH"},{"floor":32.0,"key":"REST"},{"data":"Burning Pact","floor":40.0,"key":"SMITH"},{"floor":44.0,"key":"RECALL"},{"floor":49.0,"key":"REST"},{"floor":53.0,"key":"REST"}],"circlet_count":0,"master_deck":["AscendersBane","Defend_R+1","Defend_R","Defend_R+1","Dropkick+1","Thunderclap","Immolate","Dual Wield+1","Feed+1","Pommel Strike+1","True Grit+1","Dropkick+1","Burning Pact+1","Flex"],"relics":["Burning Blood","NeowsBlessing","Tiny Chest","Oddly Smooth Stone","Pocketwatch","Pantograph","Molten Egg 2","InkBottle","Bottled Flame","Empty Cage","Red Mask","Ginger","Bag of Preparation","Smiling Mask","Nunchaku","Dream Catcher","Runic Pyramid","Bronze Scales","Kunai","Regal Pillow","Ancient Tea Set","Vajra","War Paint","Incense Burner"],"acts_visited":["Exordium","TheCity","TheBeyond","TheEnding"],"potions_floor_usage":[56],"damage_taken":[{"damage":0.0,"enemies":"2 Louse","floor":1.0,"turns":1.0},{"damage":0.0,"enemies":"Jaw Worm","floor":2.0,"turns":1.0},{"damage":0.0,"enemies":"Cultist","floor":5.0,"turns":1.0},{"damage":32.0,"enemies":"Gremlin Nob","floor":6.0,"turns":4.0},{"damage":32.0,"enemies":"3 Sentries","floor":11.0,"turns":5.0},{"damage":6.0,"enemies":"3 Louse","floor":12.0,"turns":2.0},{"damage":6.0,"enemies":"Lagavulin","floor":13.0,"turns":4.0},{"damage":5.0,"enemies":"Looter","floor":14.0,"turns":2.0},{"damage":42.0,"enemies":"Slime Boss","floor":16.0,"turns":8.0},{"damage":0.0,"enemies":"3 Byrds","floor":18.0,"turns":3.0},{"damage":0.0,"enemies":"Chosen","floor":19.0,"turns":2.0},{"damage":24.0,"enemies":"Masked Bandits","floor":21.0,"turns":3.0},{"damage":13.0,"enemies":"Snake Plant","floor":22.0,"turns":3.0},{"damage":39.0,"enemies":"Book of Stabbing","floor":24.0,"turns":4.0},{"damage":0.0,"enemies":"3 Cultists","floor":27.0,"turns":2.0},{"damage":0.0,"enemies":"Gremlin Leader","floor":29.0,"turns":5.0},{"damage":26.0,"enemies":"Sentry and Sphere","floor":30.0,"turns":5.0},{"damage":20.0,"enemies":"Snake Plant","floor":31.0,"turns":3.0},{"damage":30.0,"enemies":"Champ","floor":33.0,"turns":5.0},{"damage":44.0,"enemies":"3 Shapes","floor":35.0,"turns":3.0},{"damage":14.0,"enemies":"Orb Walker","floor":37.0,"turns":4.0},{"damage":107.0,"enemies":"4 Shapes","floor":39.0,"turns":3.0},{"damage":40.0,"enemies":"Nemesis","floor":41.0,"turns":3.0},{"damage":0.0,"enemies":"Writhing Mass","floor":42.0,"turns":2.0},{"damage":0.0,"enemies":"Spire Growth","floor":45.0,"turns":2.0},{"damage":9.0,"enemies":"Reptomancer","floor":46.0,"turns":3.0},{"damage":0.0,"enemies":"Transient","floor":47.0,"turns":3.0},{"damage":51.0,"enemies":"Donu and Deca","floor":50.0,"turns":4.0},{"damage":84.0,"enemies":"Time Eater","floor":51.0,"turns":8.0},{"damage":49.0,"enemies":"Shield and Spear","floor":55.0,"turns":4.0},{"damage":134,"enemies":"The Heart","floor":56,"turns":9}],"seed_played":"-7364985553477597027","potions_obtained":[{"floor":1.0,"key":"Weak Potion"},{"floor":2.0,"key":"AttackPotion"},{"floor":12.0,"key":"ColorlessPotion"},{"floor":16.0,"key":"BlessingOfTheForge"},{"floor":18.0,"key":"Energy Potion"},{"floor":21.0,"key":"BloodPotion"},{"floor":22.0,"key":"Explosive Potion"},{"floor":27.0,"key":"Fire Potion"},{"floor":29.0,"key":"Strength Potion"},{"floor":35.0,"key":"DistilledChaos"},{"floor":42.0,"key":"FairyPotion"},{"floor":45.0,"key":"Ancient Potion"}],"is_trial":false,"path_per_floor":["M","M","?","T","M","E","R","?","T","T","E","M","E","M","R","B",null,"M","M","?","?","M","R","E","$","T","M","$","E","M","M","R","B",null,"M","?","M","$","M","R","E","M","T","R","M","E","M","T","R","B","B",null,"R","$","E","B",null],"character_chosen":"IRONCLAD","items_purchased":["Bag of Preparation","Nunchaku","Vajra","War Paint","Flex"],"campfire_rested":4,"item_purchase_floors":[25,28,54,54,54],"current_hp_per_floor":[74,75,64,64,70,44,44,33,33,33,7,7,7,8,30,19,61,71,81,81,67,64,64,53,53,53,63,63,69,53,43,75,80,103,69,69,61,61,64,64,34,40,40,40,50,47,57,57,111,90,41,115,139,139,96,34],"gold":301,"neow_bonus":"THREE_ENEMY_KILL","is_daily":false,"chose_seed":false,"campfire_upgraded":3,"win_rate":0.0,"timestamp":1612172585,"path_taken":["M","M","?","?","?","E","R","?","T","?","E","M","E","M","R","BOSS","M","M","?","?","M","R","E","$","T","M","$","E","M","M","R","BOSS","M","?","M","$","M","R","E","M","T","R","M","E","M","?","R","BOSS","BOSS","R","$","E","BOSS"],"items_purchased_type":["Relic","Relic","Relic","Relic","Card"],"build_version":"2020-12-22","purchased_purges":4,"victory":true,"max_hp_per_floor":[75,75,75,75,75,75,75,75,75,75,75,75,75,75,75,75,75,79,83,83,87,91,91,95,95,95,99,99,99,103,107,107,111,111,115,115,115,115,119,119,123,123,123,123,127,127,131,131,131,135,139,139,139,139,139,139],"relic_stats":{"Regal Pillow":15,"counters":[31,111],"Bag of Preparation":[34],"Ginger":[5],"War Paint":["Defend_R","Defend_R"],"Smiling Mask":225,"Burning Blood":181,"Nunchaku":[59],"Dream Catcher":3,"Pantograph":120,"Bronze Scales":[180],"Tiny Chest":2,"Kunai":[127],"obtain_stats":[{"Regal Pillow":46,"NeowsBlessing":0,"Oddly Smooth Stone":4,"Vajra":54,"Bag of Preparation":25,"Incense Burner":55,"Ginger":24,"War Paint":54,"Empty Cage":17,"Smiling Mask":26,"Ancient Tea Set":48,"Burning Blood":0,"Bottled Flame":13,"Nunchaku":28,"Dream Catcher":29,"Pantograph":9,"Bronze Scales":41,"Tiny Chest":3,"Molten Egg 2":10,"Red Mask":21,"Kunai":43,"InkBottle":11,"Pocketwatch":6,"Runic Pyramid":34},{"Regal Pillow":26,"NeowsBlessing":0,"Oddly Smooth Stone":2,"Vajra":29,"Bag of Preparation":14,"Incense Burner":30,"Ginger":14,"War Paint":29,"Empty Cage":9,"Smiling Mask":14,"Ancient Tea Set":27,"Burning Blood":0,"Bottled Flame":7,"Nunchaku":15,"Dream Catcher":16,"Pantograph":4,"Bronze Scales":23,"Tiny Chest":2,"Molten Egg 2":4,"Red Mask":12,"Kunai":24,"InkBottle":5,"Pocketwatch":4,"Runic Pyramid":19},{"Regal Pillow":83,"NeowsBlessing":0,"Oddly Smooth Stone":2,"Vajra":98,"Bag of Preparation":43,"Incense Burner":102,"Ginger":43,"War Paint":98,"Empty Cage":28,"Smiling Mask":43,"Ancient Tea Set":86,"Burning Blood":0,"Bottled Flame":18,"Nunchaku":45,"Dream Catcher":50,"Pantograph":7,"Bronze Scales":76,"Tiny Chest":2,"Molten Egg 2":7,"Red Mask":36,"Kunai":78,"InkBottle":12,"Pocketwatch":7,"Runic Pyramid":63}],"InkBottle":[56],"Pocketwatch":[86]},"card_choices":[{"not_picked":["Body Slam","Seeing Red"],"picked":"Dropkick","floor":1.0},{"not_picked":["Blood for Blood","Sword Boomerang"],"picked":"Thunderclap","floor":2.0},{"not_picked":["Blood for Blood","Flex"],"picked":"Immolate","floor":5.0},{"not_picked":["Battle Trance","Havoc"],"picked":"Dual Wield","floor":6.0},{"not_picked":["Metallicize","Hemokinesis+1","Flame Barrier"],"picked":"SKIP","floor":11.0},{"not_picked":["Iron Wave+1","Sword Boomerang+1","Clash+1"],"picked":"SKIP","floor":12.0},{"not_picked":["Feed+1","Juggernaut","Barricade"],"picked":"SKIP","floor":13.0},{"not_picked":["Spot Weakness","Body Slam+1","Cleave+1"],"picked":"SKIP","floor":14.0},{"not_picked":["Bludgeon+1","Double Tap"],"picked":"Feed+1","floor":16.0},{"not_picked":["Havoc","Flex"],"picked":"Pommel Strike+1","floor":18.0},{"not_picked":["Clash+1","Shockwave","Headbutt+1"],"picked":"SKIP","floor":19.0},{"not_picked":["Disarm","Battle Trance"],"picked":"True Grit+1","floor":21.0},{"not_picked":["Heavy Blade+1","Body Slam+1"],"picked":"Dropkick+1","floor":22.0},{"not_picked":["Cleave+1","Heavy Blade+1","Twin Strike+1"],"picked":"SKIP","floor":24.0},{"not_picked":["Body Slam+1","Juggernaut","Heavy Blade+1"],"picked":"SKIP","floor":27.0},{"not_picked":["Sever Soul+1","Wild Strike+1","Anger+1"],"picked":"SKIP","floor":29.0},{"not_picked":["Flex","Iron Wave+1","Heavy Blade+1"],"picked":"SKIP","floor":30.0},{"not_picked":["Uppercut+1","Entrench","True Grit"],"picked":"SKIP","floor":31.0},{"not_picked":["Wild Strike+1","Armaments"],"picked":"Burning Pact","floor":32.0},{"not_picked":["Thunderclap+1","Armaments+1","Body Slam+1"],"picked":"SKIP","floor":35.0},{"not_picked":["Burning Pact","Iron Wave+1","Warcry"],"picked":"SKIP","floor":37.0},{"not_picked":["Pommel Strike+1","Clash+1","Warcry"],"picked":"SKIP","floor":39.0},{"not_picked":["Sentinel","Rampage+1","Clash+1"],"picked":"SKIP","floor":41.0},{"not_picked":["Warcry","Rampage+1","Impervious"],"picked":"SKIP","floor":42.0},{"not_picked":["Infernal Blade+1","Havoc","Heavy Blade+1"],"picked":"SKIP","floor":45.0},{"not_picked":["Cleave+1","Spot Weakness","Clothesline+1"],"picked":"SKIP","floor":46.0},{"not_picked":["Clothesline+1","Pommel Strike+1","Infernal Blade"],"picked":"SKIP","floor":47.0},{"not_picked":["Havoc+1","Clothesline+1","Body Slam+1"],"picked":"SKIP","floor":55}],"player_experience":519387,"relics_obtained":[{"floor":4.0,"key":"Oddly Smooth Stone"},{"floor":6.0,"key":"Pocketwatch"},{"floor":9.0,"key":"Pantograph"},{"floor":10.0,"key":"Molten Egg 2"},{"floor":11.0,"key":"InkBottle"},{"floor":13.0,"key":"Bottled Flame"},{"floor":21.0,"key":"Red Mask"},{"floor":24.0,"key":"Ginger"},{"floor":26.0,"key":"Smiling Mask"},{"floor":29.0,"key":"Dream Catcher"},{"floor":41.0,"key":"Bronze Scales"},{"floor":43.0,"key":"Kunai"},{"floor":46.0,"key":"Regal Pillow"},{"floor":48.0,"key":"Ancient Tea Set"},{"floor":55,"key":"Incense Burner"}],"event_choices":[{"damage_healed":0.0,"max_hp_gain":0.0,"max_hp_loss":0.0,"gold_gain":0.0,"event_name":"Scrap Ooze","player_choice":"Success","floor":3.0,"gold_loss":0.0,"damage_taken":11.0,"relics_obtained":["Tiny Chest"]},{"damage_healed":0.0,"max_hp_gain":0.0,"max_hp_loss":0.0,"gold_gain":75.0,"event_name":"World of Goop","player_choice":"Gather Gold","floor":8.0,"gold_loss":0.0,"damage_taken":11.0},{"cards_removed":["Strike_R"],"damage_healed":0.0,"max_hp_gain":0.0,"max_hp_loss":0.0,"gold_gain":0.0,"event_name":"Back to Basics","player_choice":"Elegance","floor":20.0,"gold_loss":0.0,"damage_taken":0.0},{"damage_healed":0.0,"max_hp_gain":0.0,"max_hp_loss":0.0,"gold_gain":0.0,"event_name":"Masked Bandits","player_choice":"Fought Bandits","floor":21.0,"gold_loss":0.0,"damage_taken":0.0},{"damage_healed":0.0,"max_hp_gain":0.0,"max_hp_loss":0.0,"gold_gain":222.0,"event_name":"Tomb of Lord Red Mask","player_choice":"Wore Mask","floor":36.0,"gold_loss":0.0,"damage_taken":0.0}],"is_beta":false,"boss_relics":[{"not_picked":["Busted Crown","Fusion Hammer"],"picked":"Empty Cage"},{"not_picked":["Velvet Choker","Snecko Eye"],"picked":"Runic Pyramid"}],"items_purged_floors":[25,28,38,54],"is_endless":false,"potions_floor_spawned":[1,2,12,16,18,21,22,27,29,35,42,45,55],"ascension_level":20}}