{"host":"75dm291x99j0clh1","time":1612200639,"event":{"mods":["100% Spire Juice","Arknights","BaseMod","Friendly Minions","Marisa£¨Ùöéë¡¡Øª×âÞÞ£©","Minty Spire (QoL Compilation)","StSLib"],"gold_per_floor":[115,115,115,67,87,126,139,152,152,179,192,192,217,73,73,202,202,218,218,218,241,44,87,87,127,196,212,212,230,243,287,299,440,452,478,823,835,847,869,896,942,662,685,717,736,753,801,818,818,818,818,818,36,67,67],"floor_reached":56,"language":"KOR","playtime":5937,"items_purged":["Injury","ats:Armor Crushing Shot"],"score":1244,"play_id":"8b21ceac-3ee1-487e-8254-d0f2fc02b035","local_time":"20210202023039","is_ascension_mode":false,"campfire_choices":[{"data":"ats:Burning Ground","floor":12.0,"key":"SMITH"},{"data":"ats:Healing Drone","floor":15.0,"key":"SMITH"},{"floor":24.0,"key":"REST"},{"data":"ats:Burning Ground","floor":28.0,"key":"SMITH"},{"floor":32,"key":"REST"},{"floor":49,"key":"RECALL"},{"data":"ats:Emotion Absorption","floor":52,"key":"SMITH"}],"circlet_count":0,"master_deck":["ats:Strike C+1","ats:Strike G+1","ats:Strike S+1","ats:Strike V+1","ats:Defend+1","ats:Defend+1","ats:Defend+1","ats:Defend+1","ats:Emotion Absorption+1","Blind+1","ats:Defend Order","ats:Apocalypse","ats:Sunburst","ats:Ignite","ats:Healing Drone+1","ats:Burning Ground+1","ats:Steam Pump+1","ats:Assault Order+1","ats:Soul Absorption+1","ats:Calcification+1","CurseOfTheBell","ats:Ignite","ats:Assault Order+1","Apotheosis+1","ats:Burning Ground+1","ats:Flame Of Heaven+1","ats:Support Order+1","ats:Phantom+1","ats:Assault Order+1","Panacea+1","ats:Absolute Focus+1","ats:Very Hot Blade+1","ats:Very Hot Blade","ats:Guardian Obelisk+1","Deep Breath+1","ats:Thorns"],"relics":["ats:Sanity","ats:Originium","Unceasing Top","Toxic Egg 2","Toy Ornithopter","Calling Bell","Calipers","Happy Flower","ats:Industrial Water Cannon","ats:Military Tradition","Centennial Puzzle","ats:Lavender","MawBank","ats:Tactical Delivery","Ornamental Fan","ats:Arts","Anchor","Bird Faced Urn","ats:Emergency Defibrillator","TungstenRod","Blue Candle"],"acts_visited":["Exordium","TheCity","TheBeyond","TheEnding"],"potions_floor_usage":[40,41,41,45,48,55,55],"damage_taken":[{"damage":3.0,"enemies":"Jaw Worm","floor":1.0,"turns":5.0},{"damage":0.0,"enemies":"2 Louse","floor":5.0,"turns":5.0},{"damage":29.0,"enemies":"3 Sentries","floor":6.0,"turns":10.0},{"damage":4.0,"enemies":"Cultist","floor":7.0,"turns":3.0},{"damage":32.0,"enemies":"Exordium Wildlife","floor":8.0,"turns":8.0},{"damage":2.0,"enemies":"Looter","floor":11.0,"turns":4.0},{"damage":7.0,"enemies":"Red Slaver","floor":13.0,"turns":4.0},{"damage":39.0,"enemies":"Slime Boss","floor":16.0,"turns":9.0},{"damage":38.0,"enemies":"Shell Parasite","floor":18.0,"turns":8.0},{"damage":20.0,"enemies":"2 Thieves","floor":21.0,"turns":4.0},{"damage":61.0,"enemies":"Book of Stabbing","floor":23.0,"turns":9.0},{"damage":25.0,"enemies":"Gremlin Leader","floor":25.0,"turns":6.0},{"damage":7.0,"enemies":"Sentry and Sphere","floor":27.0,"turns":4.0},{"damage":16.0,"enemies":"Snake Plant","floor":29.0,"turns":4.0},{"damage":15.0,"enemies":"Shelled Parasite and Fungi","floor":30.0,"turns":4.0},{"damage":57,"enemies":"Slavers","floor":31,"turns":6},{"damage":15,"enemies":"Collector","floor":33,"turns":7},{"damage":12,"enemies":"Orb Walker","floor":35,"turns":4},{"damage":4,"enemies":"3 Darklings","floor":39,"turns":3},{"damage":17,"enemies":"Writhing Mass","floor":40,"turns":4},{"damage":43,"enemies":"Reptomancer","floor":41,"turns":7},{"damage":13,"enemies":"Nemesis","floor":44,"turns":3},{"damage":0,"enemies":"Sphere and 2 Shapes","floor":45,"turns":3},{"damage":0,"enemies":"Maw","floor":46,"turns":5},{"damage":9,"enemies":"2 Orb Walkers","floor":47,"turns":2},{"damage":35,"enemies":"3 Darklings","floor":48,"turns":4},{"damage":103,"enemies":"Time Eater","floor":50,"turns":12},{"damage":35,"enemies":"Shield and Spear","floor":54,"turns":4},{"damage":120,"enemies":"The Heart","floor":55,"turns":10}],"seed_played":"812285435560851715","potions_obtained":[{"floor":1.0,"key":"AttackPotion"},{"floor":6.0,"key":"SkillPotion"},{"floor":8.0,"key":"Swift Potion"},{"floor":20.0,"key":"SteroidPotion"},{"floor":20.0,"key":"SpeedPotion"},{"floor":20.0,"key":"GamblersBrew"},{"floor":21.0,"key":"ats:Top Emergency Sanity Potion"},{"floor":25.0,"key":"PowerPotion"},{"floor":29.0,"key":"SneckoOil"},{"floor":31,"key":"SkillPotion"},{"floor":35,"key":"EssenceOfSteel"},{"floor":44,"key":"AttackPotion"},{"floor":46,"key":"ColorlessPotion"},{"floor":47,"key":"AttackPotion"}],"is_trial":false,"path_per_floor":["M","?","?","$","M","E","M","M","T","T","M","R","M","$","R","B",null,"M","?","?","M","$","E","R","E","T","M","R","M","M","E","R","B",null,"M","?","?","?","M","M","E","$","T","E","M","M","?","M","R","B",null,"R","$","E","B",null],"character_chosen":"DOCTOR_CLASS","items_purchased":["ats:Apocalypse","ats:Soul Absorption+1","Apotheosis+1","ats:Arts","Anchor","TungstenRod","ats:Very Hot Blade","ats:Guardian Obelisk+1","FairyPotion","Strength Potion","Deep Breath+1"],"campfire_rested":2,"item_purchase_floors":[4,14,22,42,42,53,53,53,53,53,53],"current_hp_per_floor":[69,69,55,55,63,46,46,34,34,34,42,42,45,45,45,49,72,60,60,60,58,58,23,44,52,52,55,55,56,53,15,36,47,72,65,65,65,65,72,62,65,65,65,60,72,72,70,61,61,30,72,72,72,54,2],"gold":67,"neow_bonus":"RANDOM_COLORLESS","is_daily":false,"chose_seed":false,"campfire_upgraded":4,"win_rate":0.0,"timestamp":1612200639,"path_taken":["M","?","?","?","M","E","M","M","T","?","?","R","M","$","R","BOSS","M","?","?","M","$","E","R","E","T","M","R","?","M","E","R","BOSS","M","?","?","?","M","M","E","$","T","E","?","M","?","M","R","BOSS","R","$","E","BOSS"],"items_purchased_type":["Card","Card","Card","Relic","Relic","Relic","Card","Card","Potion","Potion","Card"],"build_version":"2020-12-22","purchased_purges":2,"victory":true,"max_hp_per_floor":[72,72,72,72,72,72,72,72,72,72,72,72,72,72,72,72,72,72,72,72,72,72,72,72,72,72,72,72,72,72,72,72,72,72,72,72,72,72,72,72,72,72,72,72,72,72,72,72,72,72,72,72,72,72,72],"card_choices":[{"not_picked":["Finesse","Forethought"],"picked":"Blind","floor":0.0},{"not_picked":["ats:Leaping Hammer","ats:Shell Defense"],"picked":"ats:Defend Order","floor":1.0},{"not_picked":["ats:Literary Storm","ats:Ignite"],"picked":"ats:Sunburst","floor":5.0},{"not_picked":["ats:Very Hot Blade","ats:Durian"],"picked":"ats:Ignite","floor":6.0},{"not_picked":["ats:Overload","ats:Flexible Camouflage"],"picked":"ats:Healing Drone","floor":7.0},{"not_picked":["ats:Apocalypse","ats:Collapsing Strike"],"picked":"ats:Burning Ground","floor":8.0},{"not_picked":["ats:Absolute Focus+1","ats:Flexible Camouflage+1"],"picked":"ats:Steam Pump+1","floor":11.0},{"not_picked":["ats:Closed Bolt Burst Fire","ats:Poison Spread"],"picked":"ats:Assault Order+1","floor":13.0},{"not_picked":["ats:Nebulous Foxfire+1","ats:Roar Of Ursus"],"picked":"ats:Calcification+1","floor":16.0},{"not_picked":["ats:Cat Scratch","ats:Red Shift"],"picked":"ats:Ignite","floor":18.0},{"not_picked":["ats:Powerful Strike","ats:Apocalypse+1"],"picked":"ats:Assault Order+1","floor":21.0},{"not_picked":["ats:Cat Scratch","ats:Sword Rain"],"picked":"ats:Burning Ground","floor":23.0},{"not_picked":["ats:Leaping Hammer","ats:Absolute Focus+1"],"picked":"ats:Flame Of Heaven+1","floor":25.0},{"not_picked":["ats:Closed Bolt Burst Fire","ats:Absolute Focus+1"],"picked":"ats:Support Order+1","floor":27.0},{"not_picked":["ats:Red Shift","ats:Disruption Kick"],"picked":"ats:Phantom+1","floor":29.0},{"not_picked":["ats:Hammer On","ats:Poison Spread+1","ats:Phantom+1"],"picked":"SKIP","floor":30.0},{"not_picked":["ats:Counter Healing Mode+1","ats:Magnetic Hammer+1"],"picked":"ats:Assault Order+1","floor":31},{"not_picked":["ats:Explosion Area Strengthen","ats:Blood Oath","ats:Absolute Focus+1"],"picked":"SKIP","floor":35},{"not_picked":["Finesse+1","Thinking Ahead+1"],"picked":"Panacea+1","floor":37},{"not_picked":["ats:Thorns","ats:Cat Scratch"],"picked":"ats:Absolute Focus+1","floor":39},{"not_picked":["ats:Soul Absorption+1","ats:Curse Doll+1"],"picked":"ats:Very Hot Blade+1","floor":40},{"not_picked":["ats:Nebulous Foxfire+1","ats:Hammer On","ats:Leaping Hammer"],"picked":"SKIP","floor":41},{"not_picked":["ats:Closed Bolt Burst Fire","ats:Chain Hook","ats:Powerful Strike+1"],"picked":"SKIP","floor":44},{"not_picked":["ats:Cat Scratch+1","ats:Powerful Strike+1","ats:Flexible Camouflage+1"],"picked":"SKIP","floor":45},{"not_picked":["ats:Automatic Cover+1","ats:Healing Strengthening","ats:Hammer On+1"],"picked":"SKIP","floor":46},{"not_picked":["ats:Nebulous Foxfire+1","ats:Flexible Camouflage+1","ats:Closed Bolt Burst Fire+1"],"picked":"SKIP","floor":48},{"not_picked":["ats:Volcano","ats:Soul Rend"],"picked":"ats:Thorns","floor":54}],"player_experience":575378,"relics_obtained":[{"floor":6.0,"key":"ats:Originium"},{"floor":6.0,"key":"Unceasing Top"},{"floor":9.0,"key":"Toxic Egg 2"},{"floor":10.0,"key":"Toy Ornithopter"},{"floor":17.0,"key":"Calipers"},{"floor":17.0,"key":"Happy Flower"},{"floor":17.0,"key":"ats:Industrial Water Cannon"},{"floor":23.0,"key":"ats:Originium"},{"floor":23.0,"key":"ats:Military Tradition"},{"floor":25.0,"key":"ats:Originium"},{"floor":25.0,"key":"Centennial Puzzle"},{"floor":26.0,"key":"ats:Lavender"},{"floor":31,"key":"ats:Originium"},{"floor":31,"key":"MawBank"},{"floor":41,"key":"Ornamental Fan"},{"floor":44,"key":"Bird Faced Urn"},{"floor":47,"key":"ats:Emergency Defibrillator"},{"floor":54,"key":"Blue Candle"}],"event_choices":[{"damage_healed":0.0,"max_hp_gain":0.0,"max_hp_loss":0.0,"gold_gain":0.0,"event_name":"Golden Idol","player_choice":"Take Wound","floor":2.0,"gold_loss":0.0,"damage_taken":0.0,"relics_obtained":["Golden Idol"],"cards_obtained":["Injury"]},{"damage_healed":0.0,"max_hp_gain":0.0,"max_hp_loss":0.0,"gold_gain":0.0,"event_name":"Shining Light","player_choice":"Entered Light","floor":3.0,"gold_loss":0.0,"damage_taken":14.0,"cards_upgraded":["Blind","ats:Defend"]},{"damage_healed":0.0,"max_hp_gain":0.0,"max_hp_loss":0.0,"gold_gain":0.0,"event_name":"Back to Basics","player_choice":"Simplicity","floor":19.0,"gold_loss":0.0,"damage_taken":0.0,"cards_upgraded":["ats:Strike C","ats:Strike G","ats:Strike S","ats:Strike V","ats:Defend","ats:Defend","ats:Defend"]},{"damage_healed":0.0,"max_hp_gain":0.0,"max_hp_loss":0.0,"gold_gain":0.0,"event_name":"Lab","player_choice":"Got Potions","floor":20.0,"gold_loss":0.0,"damage_taken":0.0},{"damage_healed":0,"gold_gain":333,"player_choice":"Gave Idol","damage_taken":0,"max_hp_gain":0,"max_hp_loss":0,"event_name":"The Moai Head","floor":36,"relics_lost":["Golden Idol"],"gold_loss":0},{"damage_healed":0,"gold_gain":0,"player_choice":"Memory 1","damage_taken":0,"max_hp_gain":0,"max_hp_loss":0,"event_name":"SensoryStone","floor":37,"gold_loss":0},{"damage_healed":0,"gold_gain":0,"player_choice":"Ignored","damage_taken":0,"max_hp_gain":0,"max_hp_loss":0,"event_name":"NoteForYourself","floor":38,"gold_loss":0},{"damage_healed":0,"gold_gain":0,"player_choice":"Fight","damage_taken":0,"max_hp_gain":0,"max_hp_loss":0,"event_name":"Mysterious Sphere","floor":47,"gold_loss":0}],"is_beta":false,"boss_relics":[{"not_picked":["Philosopher\u0027s Stone","Ectoplasm"],"picked":"Calling Bell"},{"not_picked":["Runic Dome","Empty Cage"],"picked":"ats:Tactical Delivery"}],"items_purged_floors":[14,53],"is_endless":false,"potions_floor_spawned":[1,6,8,13,21,25,29,31,35,44,46,47],"ascension_level":0}}