{"host":"4qkvkh7pd9qr2mca","time":1612221589,"event":{"mods":["AchievementEnabler","Act Like it!","BaseMod","Colored Map","Colored Powertips","Highlight Path","Minty Spire (QoL Compilation)","Pale of the Ancients","Permanent Neow","Quick Restart","Relic Stats","StSLib","SuperFastMode"],"gold_per_floor":[137,137,153,78,108,108,142,142,142,202,202,237,287,355,355,453,453,448,492,528,453,498,498,498],"floor_reached":23,"language":"ENG","playtime":1415,"items_purged":["Strike_B"],"score":426,"play_id":"64729c7a-c87f-43aa-b95c-c8ebbe676d20","local_time":"20210202001949","is_ascension_mode":true,"campfire_choices":[{"data":"HandOfGreed","floor":6.0,"key":"SMITH"},{"data":"Reboot","floor":8.0,"key":"SMITH"},{"data":"Dualcast","floor":11.0,"key":"SMITH"},{"floor":15.0,"key":"REST"}],"circlet_count":0,"master_deck":["AscendersBane","Defend_B","Defend_B","Defend_B","Dualcast+1","HandOfGreed+1","Gash","Reboot+1","Leap","Undo","Turbo","Scrape","Scrape","FTL","Glacier","Seek","Streamline+1","Hologram+1","Defragment+1","Cold Snap","White Noise","Capacitor+1","Buffer","Loop","Defragment+1"],"relics":["Cracked Core","Bird Faced Urn","Emotion Chip","Ornamental Fan","Blood Vial","Astrolabe"],"acts_visited":["Exordium","TheCity"],"potions_floor_usage":[23,23],"damage_taken":[{"damage":2.0,"enemies":"Jaw Worm","floor":1.0,"turns":3.0},{"damage":1.0,"enemies":"Cultist","floor":3.0,"turns":4.0},{"damage":0.0,"enemies":"2 Louse","floor":5.0,"turns":3.0},{"damage":12.0,"enemies":"Lagavulin","floor":7.0,"turns":6.0},{"damage":5.0,"enemies":"Gremlin Nob","floor":10.0,"turns":3.0},{"damage":0.0,"enemies":"Large Slime","floor":12.0,"turns":4.0},{"damage":12.0,"enemies":"3 Sentries","floor":13.0,"turns":9.0},{"damage":9.0,"enemies":"3 Louse","floor":14.0,"turns":4.0},{"damage":36.0,"enemies":"Hexaghost","floor":16.0,"turns":14.0},{"damage":6.0,"enemies":"2 Thieves","floor":18.0,"turns":4.0},{"damage":0.0,"enemies":"Chosen","floor":19.0,"turns":5.0},{"damage":27.0,"enemies":"Shelled Parasite and Fungi","floor":20.0,"turns":8.0},{"damage":7.0,"enemies":"Snake Plant","floor":22.0,"turns":5.0},{"damage":26,"enemies":"Gremlin Leader","floor":23,"turns":4}],"seed_played":"1894894814829782802","potions_obtained":[{"floor":3.0,"key":"Swift Potion"},{"floor":7.0,"key":"Weak Potion"},{"floor":14.0,"key":"Dexterity Potion"},{"floor":20.0,"key":"DistilledChaos"}],"is_trial":false,"path_per_floor":["M","?","M","$","M","R","E","R","T","E","R","M","E","M","R","B",null,"M","M","M","?","M","E"],"character_chosen":"DEFECT","items_purchased":[],"campfire_rested":1,"item_purchase_floors":[],"current_hp_per_floor":[62,62,61,61,61,61,49,49,49,44,44,44,32,25,44,10,51,49,53,32,32,33,15,15],"gold":498,"neow_bonus":"RANDOM_COLORLESS_2","is_daily":false,"chose_seed":false,"campfire_upgraded":3,"win_rate":0.0,"timestamp":1612221589,"path_taken":["M","?","M","$","M","R","E","R","T","E","R","M","E","M","R","BOSS","M","M","M","?","?","E"],"items_purchased_type":[],"build_version":"2020-12-22","purchased_purges":1,"victory":false,"max_hp_per_floor":[64,64,64,64,64,64,64,64,64,64,64,64,64,64,64,64,64,64,64,64,64,64,64,64],"relic_stats":{"Blood Vial":14,"Emotion Chip":[24,11,13,0,0],"counters":[14,76],"Ornamental Fan":[52],"Bird Faced Urn":[20],"Astrolabe":["Streamline","Hologram","Defragment"],"obtain_stats":[{"Blood Vial":13,"Emotion Chip":9,"Ornamental Fan":10,"Bird Faced Urn":7,"Astrolabe":17,"Cracked Core":0},{"Blood Vial":7,"Emotion Chip":4,"Ornamental Fan":5,"Bird Faced Urn":4,"Astrolabe":9,"Cracked Core":0},{"Blood Vial":32,"Emotion Chip":16,"Ornamental Fan":19,"Bird Faced Urn":16,"Astrolabe":50,"Cracked Core":0}]},"card_choices":[{"not_picked":["Sadistic Nature","Thinking Ahead"],"picked":"HandOfGreed","floor":0.0},{"not_picked":["Conserve Battery","Stack"],"picked":"Gash","floor":1.0},{"not_picked":["Stack","Go for the Eyes"],"picked":"Undo","floor":3.0},{"not_picked":["Leap","Go for the Eyes","Double Energy"],"picked":"SKIP","floor":5.0},{"not_picked":["Consume","Redo"],"picked":"Turbo","floor":7.0},{"not_picked":["Barrage","Reinforced Body"],"picked":"Scrape","floor":10.0},{"not_picked":["BootSequence","Conserve Battery"],"picked":"Scrape","floor":12.0},{"not_picked":["Reinforced Body","Reboot"],"picked":"FTL","floor":13.0},{"not_picked":["Hologram","Go for the Eyes"],"picked":"Glacier","floor":14.0},{"not_picked":["Machine Learning","Meteor Strike"],"picked":"Seek","floor":16.0},{"not_picked":["Steam","BootSequence+1"],"picked":"Cold Snap","floor":18.0},{"not_picked":["Chill","Hello World"],"picked":"White Noise","floor":19.0},{"not_picked":["Go for the Eyes","Coolheaded"],"picked":"Capacitor+1","floor":20.0},{"not_picked":["Chaos","Coolheaded"],"picked":"Defragment+1","floor":22.0}],"player_experience":611238,"relics_obtained":[{"floor":7.0,"key":"Bird Faced Urn"},{"floor":9.0,"key":"Emotion Chip"},{"floor":10.0,"key":"Ornamental Fan"},{"floor":13.0,"key":"Blood Vial"}],"event_choices":[{"damage_healed":0.0,"max_hp_gain":0.0,"max_hp_loss":0.0,"gold_gain":0.0,"event_name":"Match and Keep!","player_choice":"2 cards matched","floor":2.0,"gold_loss":0.0,"damage_taken":0.0,"cards_obtained":["Reboot","Leap"]},{"damage_healed":0.0,"max_hp_gain":0.0,"max_hp_loss":0.0,"gold_gain":0.0,"cards_transformed":["Defend_B","Zap"],"event_name":"Designer","player_choice":"Transformed Cards","floor":21.0,"gold_loss":75.0,"damage_taken":0.0,"cards_obtained":["Buffer","Loop"]}],"is_beta":false,"boss_relics":[{"not_picked":["Inserter","Runic Pyramid"],"picked":"Astrolabe"}],"items_purged_floors":[4],"is_endless":false,"potions_floor_spawned":[3,7,14,20,22],"killed_by":"Gremlin Leader","ascension_level":20}}