{"host":"zsnmfqgcm92hlreo","time":1612159299,"event":{"mods":["AchievementEnabler","Act Like it!","BaseMod","Beaked The Cultist","Bestiary","Block Reminder","Colored Map","Colored Powertips","Downfall","Gensokyo","Gremlin Mod","Hermit","Jorbs\u0027s Wanderer Trilogy","Koishi","Marisa????????","Minty Spire (QoL Compilation)","Permanent Neow","Quick Restart","Relic Stats","StSLib","The Animator","The Cursed","The Forsaken","The Hierophant","The Judge","The Jungle","The Necromancer","The Senshi","The Servant 0.9.4","Weighted Paths"],"gold_per_floor":[368,388,406,178,178,178,76,76,376,376,376,376],"floor_reached":11,"language":"ENG","playtime":273,"items_purged":["Strike_P"],"score":92,"play_id":"d98de499-5274-4ed4-97e4-bd8025926820","local_time":"20210201000139","is_ascension_mode":true,"campfire_choices":[{"data":"Vigilance","floor":6.0,"key":"SMITH"},{"floor":8.0,"key":"REST"}],"circlet_count":0,"master_deck":["AscendersBane","Strike_P","Strike_P","Strike_P","Defend_P","Defend_P","Defend_P","Defend_P","Eruption","Vigilance+1","CutThroughFate","SignatureMove","Wallop","Gensokyo:TarnishedGold","Gensokyo:BlemishedSteel","Gensokyo:CrescentMoonSlash"],"relics":["PureWater","Bag of Marbles","Old Coin"],"acts_visited":["Exordium"],"potions_floor_usage":[11],"damage_taken":[{"damage":3.0,"enemies":"Gensokyo:Gryphon","floor":1.0,"turns":4.0},{"damage":0.0,"enemies":"Gensokyo:Python","floor":2.0,"turns":2.0},{"damage":0.0,"enemies":"Gensokyo:2_Kodama","floor":3.0,"turns":2.0},{"damage":55,"enemies":"Gensokyo:Aya","floor":11,"turns":5}],"seed_played":"4746929175657270279","potions_obtained":[{"floor":3.0,"key":"Swift Potion"}],"is_trial":false,"path_per_floor":["M","M","M","$","?","R","COS","R","T","?","E"],"character_chosen":"WATCHER","items_purchased":["Bag of Marbles"],"campfire_rested":1,"item_purchase_floors":[4],"current_hp_per_floor":[44,44,44,44,37,37,37,58,58,48,0,0],"gold":376,"neow_bonus":"TWO_FIFTY_GOLD","is_daily":false,"chose_seed":false,"campfire_upgraded":1,"win_rate":0.0,"timestamp":1612159299,"path_taken":["M","M","M","$","?","R","COS","R","T","?","E"],"items_purchased_type":["Relic"],"build_version":"2020-12-22","purchased_purges":1,"victory":false,"max_hp_per_floor":[72,72,72,72,72,72,72,72,72,72,72,72],"relic_stats":{"counters":[4,13],"obtain_stats":[{"Bag of Marbles":4,"PureWater":0,"Old Coin":9},{"Bag of Marbles":3,"PureWater":0,"Old Coin":3},{"Bag of Marbles":8,"PureWater":0,"Old Coin":8}]},"card_choices":[{"not_picked":["MentalFortress","JustLucky"],"picked":"CutThroughFate","floor":1.0},{"not_picked":["Prostrate","ClearTheMind"],"picked":"SignatureMove","floor":2.0},{"not_picked":["PathToVictory","ThirdEye"],"picked":"Wallop","floor":3.0}],"player_experience":981263,"relics_obtained":[{"floor":9.0,"key":"Old Coin"}],"event_choices":[],"is_beta":false,"boss_relics":[],"items_purged_floors":[4],"is_endless":false,"potions_floor_spawned":[3],"killed_by":"Gensokyo:Aya","ascension_level":10}}