{"host":"yx5rao87132cy5xq","time":1612145411,"event":{"mods":["2.2 Compatiblity","AchievementEnabler","BaseMod","Bestiary","Colored Map","Colored Powertips","Minty Spire (QoL Compilation)","Quick Restart","Relic Stats","Slay-I","SuperFastMode"],"gold_per_floor":[118,135,146,146,158,158,186,236,236,247,261,261,292,306,306,306,306],"floor_reached":16,"language":"ENG","playtime":3079,"items_purged":[],"score":205,"play_id":"bdef6711-0ebf-4281-a50c-2ae740883dae","local_time":"20210201031011","is_ascension_mode":true,"campfire_choices":[{"data":"Bash","floor":6,"key":"SMITH"},{"data":"Iron Wave","floor":12,"key":"SMITH"},{"floor":15,"key":"REST"}],"circlet_count":0,"master_deck":["AscendersBane","Strike_R","Strike_R","Strike_R","Strike_R","Strike_R","Defend_R","Defend_R","Defend_R","Defend_R","Bash+1","Hemokinesis+1","Anger","Spot Weakness","Clothesline","Iron Wave+1","Limit Break","Flex","Shockwave","Shrug It Off"],"relics":["Burning Blood","Blood Vial","Gremlin Horn","Matryoshka","The Courier"],"acts_visited":["Exordium"],"potions_floor_usage":[],"damage_taken":[{"damage":1,"enemies":"Cultist","floor":1,"turns":3},{"damage":5,"enemies":"Small Slimes","floor":2,"turns":4},{"damage":2,"enemies":"2 Louse","floor":3,"turns":2},{"damage":17,"enemies":"Large Slime","floor":5,"turns":5},{"damage":34,"enemies":"Gremlin Nob","floor":7,"turns":4},{"damage":2,"enemies":"2 Fungi Beasts","floor":10,"turns":2},{"damage":12,"enemies":"Lots of Slimes","floor":11,"turns":3},{"damage":27,"enemies":"3 Sentries","floor":13,"turns":6},{"damage":17,"enemies":"3 Louse","floor":14,"turns":3},{"damage":37,"enemies":"Hexaghost","floor":16,"turns":7}],"seed_played":"3648888815320360547","potions_obtained":[{"floor":1,"key":"ElixirPotion"},{"floor":7,"key":"Dexterity Potion"},{"floor":11,"key":"SpeedPotion"}],"is_trial":false,"path_per_floor":["M","M","M","?","M","R","E","?","T","M","M","R","E","M","R","B"],"character_chosen":"IRONCLAD","items_purchased":[],"campfire_rested":1,"item_purchase_floors":[],"current_hp_per_floor":[75,75,75,75,64,64,38,38,38,44,40,40,21,12,34,0,0],"gold":306,"neow_bonus":"RANDOM_COMMON_RELIC","is_daily":false,"chose_seed":false,"campfire_upgraded":2,"win_rate":0.0,"timestamp":1612145411,"path_taken":["M","?","M","?","M","R","E","?","T","M","?","R","E","M","R","BOSS"],"items_purchased_type":[],"build_version":"2020-12-22","purchased_purges":0,"victory":false,"max_hp_per_floor":[75,75,75,75,75,75,75,75,75,75,75,75,75,75,75,75,75],"relic_stats":{"Blood Vial":14,"Gremlin Horn":[9,9],"counters":[10,39],"obtain_stats":[{"Blood Vial":0,"Matryoshka":9,"Gremlin Horn":7,"The Courier":13,"Burning Blood":0},{"Blood Vial":0,"Matryoshka":5,"Gremlin Horn":5,"The Courier":8,"Burning Blood":0},{"Blood Vial":0,"Matryoshka":18,"Gremlin Horn":18,"The Courier":29,"Burning Blood":0}],"Burning Blood":49},"card_choices":[{"not_picked":["Rage","Pommel Strike"],"picked":"Hemokinesis","floor":1},{"not_picked":["Sword Boomerang","Clash"],"picked":"Anger","floor":2},{"not_picked":["Havoc","Twin Strike"],"picked":"Spot Weakness","floor":3},{"not_picked":["Pommel Strike","Warcry"],"picked":"Clothesline","floor":5},{"not_picked":["Thunderclap","True Grit"],"picked":"Iron Wave","floor":7},{"not_picked":["Perfected Strike","Pommel Strike"],"picked":"Limit Break","floor":10},{"not_picked":["Heavy Blade","Evolve"],"picked":"Flex","floor":11},{"not_picked":["Wild Strike","Entrench"],"picked":"Shockwave","floor":13},{"not_picked":["Seeing Red","Pummel"],"picked":"Shrug It Off","floor":14}],"player_experience":954168,"relics_obtained":[{"floor":7,"key":"Gremlin Horn"},{"floor":9,"key":"Matryoshka"},{"floor":13,"key":"The Courier"}],"event_choices":[{"damage_healed":0,"gold_gain":0,"player_choice":"Grow","damage_taken":0,"max_hp_gain":0,"max_hp_loss":0,"event_name":"Living Wall","floor":4,"gold_loss":0,"cards_upgraded":["Hemokinesis"]},{"damage_healed":0,"gold_gain":50,"player_choice":"Pray","damage_taken":0,"max_hp_gain":0,"max_hp_loss":0,"event_name":"Golden Shrine","floor":8,"gold_loss":0}],"is_beta":false,"boss_relics":[],"items_purged_floors":[],"is_endless":false,"potions_floor_spawned":[1,7,11],"killed_by":"Hexaghost","ascension_level":16}}