{"host":"klrvvo16pazy794l","time":1612203050,"event":{"mods":["BaseMod","Minty Spire (QoL Compilation)"],"gold_per_floor":[11,24,24,99,117,117,160,160,160,160,17,17,31,74,74,205,205,218,218,218,22,37,37,37,68,68,68,87,131,151,170,170,294,357,371,392,408,111,124,124,143,143,192,192,38,52,52,52,52,52,52],"floor_reached":50,"language":"ENG","playtime":1726,"items_purged":["Writhe","Strike_R"],"score":617,"play_id":"a8fcb1b3-2099-4b8b-a439-568e3c4c8803","local_time":"20210201121050","is_ascension_mode":true,"campfire_choices":[{"data":"Cleave","floor":6,"key":"SMITH"},{"data":"Pommel Strike","floor":8,"key":"SMITH"},{"data":"True Grit","floor":10,"key":"SMITH"},{"floor":12,"key":"REST"},{"data":"Combust","floor":15,"key":"SMITH"},{"data":"Flex","floor":23,"key":"SMITH"},{"data":"Immolate","floor":27,"key":"SMITH"},{"floor":32,"key":"REST"},{"data":"Armaments","floor":40,"key":"SMITH"},{"data":"Demon Form","floor":42,"key":"SMITH"},{"data":"Exhume","floor":44,"key":"SMITH"},{"floor":49,"key":"REST"}],"circlet_count":0,"master_deck":["Strike_R","Strike_R+1","Strike_R","Strike_R","Defend_R","Defend_R","Defend_R","Defend_R","Bash","Cleave+1","True Grit+1","Bludgeon","Pommel Strike+1","Combust+1","Immolate+1","Evolve+1","Flex+1","Shrug It Off","Double Tap","Headbutt","Feel No Pain","Demon Form+1","Exhume+1","Thunderclap+1","Armaments+1","Parasite"],"relics":["Burning Blood","Golden Idol","Strawberry","ClockworkSouvenir","Magic Flower","Mark of Pain","Paper Frog","Nloth\u0027s Gift","Pen Nib","Gambling Chip","Tiny House","Potion Belt","Red Skull","HandDrill"],"acts_visited":["Exordium","TheCity","TheBeyond"],"potions_floor_usage":[7,25,33,35,37,39,50],"damage_taken":[{"damage":8,"enemies":"2 Louse","floor":1,"turns":3},{"damage":8,"enemies":"Jaw Worm","floor":2,"turns":4},{"damage":0,"enemies":"Small Slimes","floor":5,"turns":2},{"damage":33,"enemies":"Lagavulin","floor":7,"turns":6},{"damage":0,"enemies":"Gremlin Gang","floor":13,"turns":3},{"damage":8,"enemies":"Gremlin Nob","floor":14,"turns":3},{"damage":73,"enemies":"The Guardian","floor":16,"turns":10},{"damage":36,"enemies":"Shell Parasite","floor":18,"turns":4},{"damage":23,"enemies":"Spheric Guardian","floor":22,"turns":4},{"damage":36,"enemies":"Gremlin Leader","floor":25,"turns":5},{"damage":38,"enemies":"Snake Plant","floor":28,"turns":3},{"damage":22,"enemies":"Slavers","floor":29,"turns":4},{"damage":22,"enemies":"Shelled Parasite and Fungi","floor":30,"turns":4},{"damage":0,"enemies":"Snecko","floor":31,"turns":2},{"damage":43,"enemies":"Collector","floor":33,"turns":6},{"damage":0,"enemies":"3 Darklings","floor":35,"turns":1},{"damage":31,"enemies":"3 Shapes","floor":36,"turns":4},{"damage":81,"enemies":"Maw","floor":37,"turns":7},{"damage":24,"enemies":"Writhing Mass","floor":39,"turns":4},{"damage":23,"enemies":"3 Darklings","floor":41,"turns":5},{"damage":22,"enemies":"Sphere and 2 Shapes","floor":46,"turns":5},{"damage":72,"enemies":"Donu and Deca","floor":50,"turns":5}],"seed_played":"7096965516186003080","potions_obtained":[{"floor":1,"key":"SkillPotion"},{"floor":14,"key":"HeartOfIron"},{"floor":16,"key":"Ancient Potion"},{"floor":28,"key":"FairyPotion"},{"floor":31,"key":"Swift Potion"},{"floor":33,"key":"SpeedPotion"},{"floor":34,"key":"DistilledChaos"},{"floor":35,"key":"Fruit Juice"},{"floor":37,"key":"SneckoOil"},{"floor":46,"key":"Explosive Potion"}],"is_trial":false,"path_per_floor":["M","M","?","?","M","R","E","R","T","R","$","R","M","E","R","B",null,"M","?","?","$","M","R","$","E","T","R","M","E","M","M","R","B",null,"M","M","M","$","M","R","M","R","T","R","$","M","$","?","R","B"],"character_chosen":"IRONCLAD","items_purchased":["ClockworkSouvenir","BloodPotion","Flex","Shrug It Off","Potion Belt","Armaments","HandDrill"],"campfire_rested":3,"item_purchase_floors":[11,21,21,21,38,38,45],"current_hp_per_floor":[94,92,68,57,63,63,36,36,43,43,43,73,79,77,77,13,103,76,76,76,76,62,62,62,65,65,65,36,23,10,19,49,15,108,113,91,19,19,59,59,45,45,45,45,45,32,32,32,65,0,0],"gold":52,"neow_bonus":"TWENTY_PERCENT_HP_BONUS","is_daily":false,"chose_seed":false,"campfire_upgraded":9,"win_rate":0.0,"timestamp":1612203050,"path_taken":["M","M","?","?","M","R","E","R","T","R","$","R","M","E","R","BOSS","M","?","?","$","M","R","$","E","T","R","M","E","?","M","R","BOSS","M","M","M","$","M","R","M","R","T","R","$","M","$","?","R","BOSS"],"items_purchased_type":["Relic","Potion","Card","Card","Relic","Card","Relic"],"build_version":"2020-12-22","purchased_purges":2,"victory":false,"max_hp_per_floor":[96,96,96,96,96,96,96,96,103,103,103,103,103,103,103,103,103,103,103,103,103,103,103,103,103,103,103,103,103,103,103,103,103,108,113,113,113,113,113,113,113,113,113,113,113,113,113,113,113,113,113],"card_choices":[{"not_picked":["Ghostly Armor","Fire Breathing"],"picked":"Cleave","floor":1},{"not_picked":["Iron Wave","Cleave"],"picked":"True Grit","floor":2},{"not_picked":["Anger","Cleave"],"picked":"Bludgeon","floor":5},{"not_picked":["Feed","Hemokinesis"],"picked":"Pommel Strike","floor":7},{"not_picked":["Anger","Pommel Strike","Burning Pact"],"picked":"SKIP","floor":13},{"not_picked":["Infernal Blade","Havoc"],"picked":"Combust","floor":14},{"not_picked":["Berserk","Demon Form"],"picked":"Immolate","floor":16},{"not_picked":["Iron Wave","Pommel Strike"],"picked":"Evolve+1","floor":18},{"not_picked":["Infernal Blade","Clash"],"picked":"Double Tap","floor":22},{"not_picked":["Entrench+1","Intimidate"],"picked":"Headbutt","floor":25},{"not_picked":["Warcry","Clothesline"],"picked":"Feel No Pain","floor":28},{"not_picked":["Impervious","Cleave+1","Feel No Pain"],"picked":"SKIP","floor":29},{"not_picked":["Cleave","Entrench","Clothesline+1"],"picked":"SKIP","floor":30},{"not_picked":["Dropkick","Clothesline"],"picked":"Demon Form","floor":31},{"not_picked":["Double Tap","Corruption"],"picked":"Exhume","floor":33},{"not_picked":["Headbutt+1","Whirlwind"],"picked":"Thunderclap","floor":34},{"not_picked":["Clothesline+1","Headbutt","Second Wind"],"picked":"SKIP","floor":35},{"not_picked":["Headbutt","Flame Barrier+1","Iron Wave"],"picked":"SKIP","floor":36},{"not_picked":["Clothesline","Thunderclap","Reckless Charge+1"],"picked":"SKIP","floor":37},{"not_picked":["Searing Blow","Rampage+1","True Grit"],"picked":"SKIP","floor":39},{"not_picked":["Bludgeon","Anger+1","Body Slam"],"picked":"SKIP","floor":41},{"not_picked":["Shrug It Off+1","Sword Boomerang+1","Flame Barrier"],"picked":"SKIP","floor":46}],"player_experience":492699,"relics_obtained":[{"floor":7,"key":"Bottled Flame"},{"floor":9,"key":"Strawberry"},{"floor":14,"key":"Magic Flower"},{"floor":25,"key":"Pen Nib"},{"floor":29,"key":"Gambling Chip"},{"floor":43,"key":"Red Skull"}],"event_choices":[{"damage_healed":0,"gold_gain":0,"player_choice":"Take Damage","damage_taken":24,"relics_obtained":["Golden Idol"],"max_hp_gain":0,"max_hp_loss":0,"event_name":"Golden Idol","floor":3,"gold_loss":0},{"damage_healed":0,"gold_gain":75,"player_choice":"Gather Gold","damage_taken":11,"max_hp_gain":0,"max_hp_loss":0,"event_name":"World of Goop","floor":4,"gold_loss":0},{"damage_healed":0,"gold_gain":0,"player_choice":"Opened","damage_taken":0,"relics_obtained":["Paper Frog"],"max_hp_gain":0,"max_hp_loss":0,"event_name":"The Mausoleum","floor":19,"gold_loss":0,"cards_obtained":["Writhe"]},{"damage_healed":0,"gold_gain":0,"player_choice":"Traded Relic","damage_taken":0,"relics_obtained":["Nloth\u0027s Gift"],"max_hp_gain":0,"max_hp_loss":0,"event_name":"N\u0027loth","floor":20,"relics_lost":["Bottled Flame"],"gold_loss":0},{"damage_healed":0,"gold_gain":0,"player_choice":"Forge","damage_taken":0,"max_hp_gain":0,"max_hp_loss":0,"event_name":"Accursed Blacksmith","floor":48,"gold_loss":0,"cards_upgraded":["Thunderclap"]}],"is_beta":false,"boss_relics":[{"not_picked":["Coffee Dripper","Astrolabe"],"picked":"Mark of Pain"},{"not_picked":["Philosopher\u0027s Stone","Runic Cube"],"picked":"Tiny House"}],"items_purged_floors":[21,38],"is_endless":false,"potions_floor_spawned":[1,14,16,28,31,33,35,37,46],"killed_by":"Donu and Deca","ascension_level":2}}