{"host":"erqkcga9ejnpd4e1","time":1612159527,"event":{"mods":["AchievementEnabler","BaseMod","Colored Map","Downfall","Glutton Mod","Minty Spire (QoL Compilation)","Pikachu Mod","Shop Mod","StSLib","The Bug Knight","The Exordian Avenger","The Forsaken","The Saiyan","Thrall Mod"],"gold_per_floor":[119,134,84,95,95,20,41,41,41,54,54,54,73,86,86,215,215,235,235,235,252,252,252,252],"floor_reached":23,"language":"ENG","playtime":1591,"items_purged":[],"score":183,"play_id":"2d1b77d7-e03b-41ff-80fd-60423cfa0c90","local_time":"20210131220527","is_ascension_mode":false,"campfire_choices":[{"data":"Pikachu:Rage","floor":8.0,"key":"SMITH"},{"data":"Pikachu:Charge_Beam","floor":11.0,"key":"SMITH"},{"data":"Pikachu:Flash","floor":15.0,"key":"SMITH"}],"circlet_count":0,"master_deck":["Pikachu:TailWhip","Pikachu:Growl","Pikachu:ElectroBall","Pikachu:QuickAttack","Pikachu:Defend_Yellow","Pikachu:Defend_Yellow","Pikachu:Flash+1","Pikachu:Spark","Pikachu:Charge_Beam+1","Pikachu:Rage+1","Pikachu:Secret_Power","Pikachu:ZapCannon","Pikachu:ZapCannon","Pikachu:ElectroBall","Pikachu:Rest","Pikachu:Spark+1","Pikachu:Rain_Dance+1","Pikachu:ElectroBall+1","Pikachu:Double_Team"],"relics":["Pikachu:LeftoversRelic","NeowsBlessing","Bloody Idol","Oddly Smooth Stone","Astrolabe"],"acts_visited":["Exordium","TheCity"],"potions_floor_usage":[21],"damage_taken":[{"damage":0.0,"enemies":"2 Louse","floor":1.0,"turns":1.0},{"damage":0.0,"enemies":"Small Slimes","floor":2.0,"turns":1.0},{"damage":0.0,"enemies":"Jaw Worm","floor":4.0,"turns":1.0},{"damage":14.0,"enemies":"3 Louse","floor":7.0,"turns":4.0},{"damage":14.0,"enemies":"Looter","floor":10.0,"turns":4.0},{"damage":1.0,"enemies":"2 Fungi Beasts","floor":13.0,"turns":4.0},{"damage":16.0,"enemies":"3 Louse","floor":14.0,"turns":3.0},{"damage":38.0,"enemies":"The Guardian","floor":16.0,"turns":10.0},{"damage":16.0,"enemies":"Chosen","floor":18.0,"turns":6.0},{"damage":8,"enemies":"3 Byrds","floor":21,"turns":3},{"damage":55,"enemies":"Slavers","floor":23,"turns":4}],"seed_played":"11731750010225274","potions_obtained":[{"floor":4.0,"key":"LiquidBronze"},{"floor":14.0,"key":"DuplicationPotion"},{"floor":21,"key":"GamblersBrew"}],"is_trial":false,"path_per_floor":["M","M","?","M","?","$","M","R","T","M","R","?","M","M","R","B",null,"M","?","$","M","?","E"],"character_chosen":"THE_DEFAULT","items_purchased":["Pikachu:Rage"],"campfire_rested":0,"item_purchase_floors":[6],"current_hp_per_floor":[70,70,70,70,53,53,41,41,41,29,29,52,53,39,39,3,70,54,54,54,53,53,0,0],"gold":252,"neow_bonus":"THREE_ENEMY_KILL","is_daily":false,"chose_seed":false,"campfire_upgraded":3,"win_rate":0.0,"timestamp":1612159527,"path_taken":["M","M","?","M","?","$","M","R","T","?","R","?","M","M","R","BOSS","M","?","$","M","?","E"],"items_purchased_type":["Card"],"build_version":"2020-12-22","purchased_purges":0,"victory":false,"max_hp_per_floor":[70,70,70,70,70,70,70,70,70,70,70,70,70,70,70,70,70,70,70,70,70,70,70,70],"card_choices":[{"not_picked":["Pikachu:Feint","Pikachu:Iron_Tail"],"picked":"Pikachu:BodySlam","floor":1.0},{"not_picked":["Pikachu:Rain_Dance","Pikachu:Thunder_Wave"],"picked":"Pikachu:Spark","floor":2.0},{"not_picked":["Pikachu:QuickAttack","Pikachu:NaturalGift"],"picked":"Pikachu:Charge_Beam","floor":4.0},{"not_picked":["Pikachu:Agility","Pikachu:WildCharge"],"picked":"Pikachu:Secret_Power","floor":7.0},{"not_picked":["Pikachu:Toxic","Pikachu:Iron_Tail"],"picked":"Pikachu:ZapCannon","floor":10.0},{"not_picked":["Pikachu:Swagger","Pikachu:Fling"],"picked":"Pikachu:ZapCannon","floor":13.0},{"not_picked":["Pikachu:Slam","Pikachu:Spark"],"picked":"Pikachu:ElectroBall","floor":14.0},{"not_picked":["Pikachu:Thunder","Pikachu:Toxic"],"picked":"Pikachu:Rest","floor":16.0},{"not_picked":["Pikachu:Slam+1","Pikachu:ZapCannon+1"],"picked":"Pikachu:Double_Team","floor":18.0},{"not_picked":["Pikachu:Iron_Tail","Pikachu:VoltSwitch+1","Pikachu:Strength"],"picked":"SKIP","floor":21}],"player_experience":970060,"relics_obtained":[{"floor":9.0,"key":"Oddly Smooth Stone"}],"event_choices":[{"cards_removed":["Pikachu:ThunderShock"],"damage_healed":0.0,"max_hp_gain":0.0,"max_hp_loss":0.0,"gold_gain":0.0,"event_name":"The Cleric","player_choice":"Card Removal","floor":3.0,"gold_loss":50.0,"damage_taken":0.0},{"damage_healed":0.0,"max_hp_gain":0.0,"max_hp_loss":0.0,"gold_gain":0.0,"event_name":"Golden Idol","player_choice":"Take Damage","floor":5.0,"gold_loss":0.0,"damage_taken":17.0,"relics_obtained":["Golden Idol"]},{"damage_healed":23.0,"max_hp_gain":0.0,"max_hp_loss":0.0,"gold_gain":0.0,"event_name":"Big Fish","player_choice":"Banana","floor":12.0,"gold_loss":0.0,"damage_taken":0.0},{"damage_healed":0.0,"max_hp_gain":0.0,"max_hp_loss":0.0,"gold_gain":0.0,"event_name":"Forgotten Altar","player_choice":"Gave Idol","floor":19.0,"relics_lost":["Golden Idol"],"gold_loss":0.0,"damage_taken":0.0,"relics_obtained":["Bloody Idol"]},{"damage_healed":0,"gold_gain":0,"player_choice":"Ignored","damage_taken":0,"max_hp_gain":0,"max_hp_loss":0,"event_name":"Vampires","floor":22,"gold_loss":0}],"is_beta":false,"boss_relics":[{"not_picked":["Calling Bell","Black Star"],"picked":"Astrolabe"}],"items_purged_floors":[],"is_endless":false,"potions_floor_spawned":[4,14,21],"killed_by":"Slavers","ascension_level":0}}