{"host":"3y33rrrkia6pkpow","time":1612188698,"event":{"mods":["2.2 Compatiblity","AchievementEnabler","Act Like it!","BaseMod","BetterRewards","Block Reminder","Colored Map","Colored Powertips","DeckTracker","Faster Ascension Climbing","Gensokyo","Highlight Path","Infinite Spire","Minty Spire (QoL Compilation)","Quick Restart","Rare Cards Sparkle","Replay The Spire","Shop Mod","Spicy Shops","StSLib","Synergy Search","The Animator","The Blue Laboratory","Unknown Chances"],"gold_per_floor":[114,130,141,169,169,169,196,196,196,196,196,210,190,223,223,300,300,316,331,331,1,13,45,45,45,45,45,45,45,45,74,74,74,74],"floor_reached":33,"language":"ENG","playtime":3057,"items_purged":[],"score":530,"play_id":"a4cecc2d-f9ea-47d2-ac9c-f7cf94505e00","local_time":"20210201081138","is_ascension_mode":true,"campfire_choices":[{"floor":6,"key":"REST"},{"floor":8,"key":"REST"},{"data":"Replay:Fractal Strike","floor":10,"key":"SMITH"},{"data":"animator:AcuraAkari","floor":15,"key":"SMITH"},{"data":"animator:AcuraShin","floor":28,"key":"SMITH"},{"data":"animator:AcuraShin","floor":30,"key":"SMITH"},{"floor":32,"key":"REST"}],"circlet_count":0,"master_deck":["AscendersBane","animator:Strike_HitsugiNoChaika","animator:Defend_HitsugiNoChaika","animator:Strike","animator:Strike","animator:Defend","animator:Defend","animator:Defend","animator:AcuraAkari+1","animator:Gillette","animator:Gillette","animator:Rena","animator:Chung","animator:AcuraTooru","Replay:Fractal Strike+1","animator:NarberalGamma","animator:AcuraTooru","animator:Chung","animator:Fredrika","animator:Fredrika+1","animator:AcuraShin+1","animator:AcuraShin+1","animator:MarisaKirisame","Voices","animator:ChaikaBohdan"],"relics":["animator:LivingPicture","animator:TheMissingPiece","animator:PurgingStone","infinitespire:BottledMercury","infinitespire:Satchel","InkBottle","Torii","animator:HolyGrailRelic","Philosopher\u0027s Stone","DollysMirror","Replay:Mystery Machine","CloakClasp","Bottled Flame","infinitespire:CheckeredPen","Ring of Fury"],"acts_visited":["Exordium","TheCity"],"potions_floor_usage":[4,23,31],"damage_taken":[{"damage":6,"enemies":"infinitespire:Voidling","floor":1,"turns":4},{"damage":2,"enemies":"Jaw Worm","floor":2,"turns":2},{"damage":7,"enemies":"2 Louse","floor":3,"turns":2},{"damage":7,"enemies":"Large Slime","floor":4,"turns":3},{"damage":6,"enemies":"Red Slaver","floor":7,"turns":3},{"damage":8,"enemies":"Exordium Thugs","floor":12,"turns":4},{"damage":4,"enemies":"Gremlin Nob","floor":14,"turns":3},{"damage":2,"enemies":"Hexaghost","floor":16,"turns":6},{"damage":31,"enemies":"Spheric Guardian","floor":18,"turns":8},{"damage":0,"enemies":"Chosen","floor":19,"turns":4},{"damage":2,"enemies":"Snecko","floor":22,"turns":4},{"damage":4,"enemies":"animator:HornedBat","floor":23,"turns":6},{"damage":11,"enemies":"Centurion and Healer","floor":31,"turns":4},{"damage":34,"enemies":"Collector","floor":33,"turns":5}],"seed_played":"-3913559626089697948","potions_obtained":[{"floor":1,"key":"LiquidBronze"},{"floor":3,"key":"blueLaboratory:FruitPreserves"},{"floor":13,"key":"Milkshake"},{"floor":31,"key":"blueLaboratory:BottleOfRum"}],"is_trial":false,"path_per_floor":["M","M","M","M","?","R","M","R","T","R","?","M","?","E","R","B",null,"M","M","?","$","M","E","$","T","T","?","R","?","R","M","R","B"],"character_chosen":"THE_ANIMATOR","items_purchased":["infinitespire:BottledMercury","infinitespire:Satchel","Fire Potion","DollysMirror","Replay:Mystery Machine"],"campfire_rested":3,"item_purchase_floors":[0,0,0,21,21],"current_hp_per_floor":[42,40,33,26,11,29,23,41,41,41,41,33,33,29,29,27,60,13,15,15,15,15,13,13,13,13,13,13,13,13,13,26,0,0],"gold":74,"neow_bonus":"","is_daily":false,"chose_seed":true,"campfire_upgraded":4,"win_rate":0.0,"timestamp":1612188698,"path_taken":["M","?","M","?","?","R","M","R","T","R","?","M","?","E","R","BOSS","M","M","?","$","M","E","$","?","T","?","R","?","R","M","R","BOSS"],"items_purchased_type":["Relic","Relic","Potion","Relic","Relic"],"build_version":"2020-12-22","purchased_purges":0,"victory":false,"max_hp_per_floor":[60,60,60,60,60,60,60,60,60,60,60,60,60,60,60,60,68,37,39,39,39,41,43,43,43,43,43,43,43,43,45,45,42,42],"card_choices":[{"not_picked":["animator:Elsword","animator:SuikaIbuki"],"picked":"animator:Gillette","floor":1},{"not_picked":["animator:SuikaIbuki","animator:Sloth"],"picked":"animator:Rena","floor":2},{"not_picked":["animator:IzunaHatsuse","animator:DolaCouronne"],"picked":"animator:Chung","floor":3},{"not_picked":["animator:ChaikaBohdan","animator:Viivi"],"picked":"animator:AcuraTooru","floor":4},{"not_picked":["infinitespire:Execution","ReplayTheSpireMod:??????????????????????"],"picked":"Replay:Fractal Strike","floor":5},{"not_picked":["animator:OrikoMikuni","animator:YuiTsuruno"],"picked":"animator:NarberalGamma","floor":7},{"not_picked":["animator:Sloth","animator:YuiTsuruno"],"picked":"animator:AcuraTooru","floor":12},{"not_picked":["animator:Lu","animator:MamiTomoe"],"picked":"animator:Chung","floor":14},{"not_picked":["animator:SwordMaiden","animator:GoblinSlayer"],"picked":"animator:Father","floor":16},{"not_picked":["animator:Guy","animator:Gillette"],"picked":"animator:Fredrika","floor":18},{"not_picked":["animator:Gillette","animator:MarisaKirisame"],"picked":"animator:Fredrika+1","floor":19},{"not_picked":["animator:Jibril","animator:Ciel","animator:Gluttony"],"picked":"SKIP","floor":22},{"not_picked":["animator:CowGirl","animator:IrohaTamaki"],"picked":"animator:MarisaKirisame","floor":23},{"not_picked":["animator:Guy","animator:Viivi"],"picked":"animator:ChaikaBohdan","floor":31}],"player_experience":949165,"relics_obtained":[{"floor":9,"key":"InkBottle"},{"floor":14,"key":"Torii"},{"floor":23,"key":"CloakClasp"},{"floor":25,"key":"Bottled Flame"},{"floor":26,"key":"infinitespire:CheckeredPen"},{"floor":29,"key":"Ring of Fury"}],"event_choices":[{"damage_healed":0,"gold_gain":0,"player_choice":"Ignored","damage_taken":0,"max_hp_gain":0,"max_hp_loss":0,"event_name":"Shining Light","floor":11,"gold_loss":0},{"damage_healed":0,"gold_gain":0,"player_choice":"Bought 1 Potion","damage_taken":0,"max_hp_gain":0,"max_hp_loss":0,"event_name":"The Woman in Blue","floor":13,"gold_loss":0},{"damage_healed":0,"gold_gain":0,"cards_transformed":["animator:Strike"],"player_choice":"Transformed","damage_taken":0,"max_hp_gain":0,"max_hp_loss":0,"event_name":"Transmorgrifier","floor":20,"gold_loss":0,"cards_obtained":["animator:AcuraShin"]},{"damage_healed":0,"gold_gain":0,"player_choice":"Ignored","damage_taken":0,"max_hp_gain":0,"max_hp_loss":0,"event_name":"Cursed Tome","floor":27,"gold_loss":0}],"is_beta":false,"boss_relics":[{"not_picked":["Sozu","Fusion Hammer"],"picked":"animator:HolyGrailRelic"}],"items_purged_floors":[],"is_endless":false,"potions_floor_spawned":[1,3,16,22,31],"killed_by":"Collector","ascension_level":20}}