{"host":"5whzic8tg4l22wdh","time":1612137652,"event":{"mods":["BaseMod","Colored Map","Minty Spire (QoL Compilation)"],"gold_per_floor":[115,62,78,78,88,88,120,130,130,130,157,157,172,202,202,298,298,308,324,324,342,342,342,354,354,354,354,385,385,137,152,152,253,253,265,0,16,16,36,36,65,84,109,133,0,12,41,53,65,77,77],"floor_reached":50,"language":"SPA","playtime":2422,"items_purged":[],"score":640,"play_id":"95dc4880-2da0-4f05-96ce-1da673aab2ac","local_time":"20210201010052","is_ascension_mode":true,"campfire_choices":[{"data":"Bash","floor":6.0,"key":"SMITH"},{"data":"Inflame","floor":10.0,"key":"SMITH"},{"floor":12.0,"key":"REST"},{"data":"Pommel Strike","floor":15.0,"key":"SMITH"},{"data":"Flame Barrier","floor":23.0,"key":"SMITH"},{"data":"Pommel Strike","floor":25.0,"key":"SMITH"},{"data":"Perfected Strike","floor":27.0,"key":"SMITH"},{"data":"Cleave","floor":29.0,"key":"SMITH"},{"data":"Shrug It Off","floor":32.0,"key":"SMITH"},{"data":"Shrug It Off","floor":40.0,"key":"SMITH"},{"data":"Flame Barrier","floor":46.0,"key":"SMITH"},{"data":"Headbutt","floor":49.0,"key":"SMITH"}],"circlet_count":0,"master_deck":["Strike_R+1","Strike_R","Strike_R","Strike_R+1","Strike_R","Defend_R","Defend_R","Defend_R","Bash+1","Sword Boomerang","Perfected Strike+1","Armaments","Twin Strike","Cleave+1","Inflame+1","Twin Strike","Pommel Strike+1","Flame Barrier+1","Pommel Strike+1","Seeing Red+1","Shrug It Off+1","Flame Barrier+1","Headbutt+1","Shrug It Off+1","Inflame+1","Panacea"],"relics":["Burning Blood","Whetstone","Meat on the Bone","InkBottle","Lantern","Pantograph","Coffee Dripper","Anchor","Mercury Hourglass","Bottled Lightning","Boot","Sozu","Eternal Feather","Potion Belt","MawBank","Red Mask"],"acts_visited":["TheCity","TheBeyond"],"potions_floor_usage":[50],"damage_taken":[{"damage":9.0,"enemies":"Small Slimes","floor":1.0,"turns":4.0},{"damage":1.0,"enemies":"Cultist","floor":3.0,"turns":3.0},{"damage":2.0,"enemies":"2 Louse","floor":5.0,"turns":4.0},{"damage":29.0,"enemies":"Gremlin Nob","floor":7.0,"turns":4.0},{"damage":6.0,"enemies":"Blue Slaver","floor":8.0,"turns":4.0},{"damage":20.0,"enemies":"3 Sentries","floor":11.0,"turns":5.0},{"damage":17.0,"enemies":"Exordium Thugs","floor":13.0,"turns":4.0},{"damage":35.0,"enemies":"Lagavulin","floor":14.0,"turns":4.0},{"damage":74.0,"enemies":"Hexaghost","floor":16.0,"turns":9.0},{"damage":12.0,"enemies":"3 Byrds","floor":18.0,"turns":4.0},{"damage":12.0,"enemies":"Chosen","floor":19.0,"turns":3.0},{"damage":24.0,"enemies":"Centurion and Healer","floor":21.0,"turns":5.0},{"damage":0.0,"enemies":"Snake Plant","floor":24.0,"turns":2.0},{"damage":12.0,"enemies":"Slavers","floor":28.0,"turns":4.0},{"damage":0.0,"enemies":"Chosen and Byrds","floor":31.0,"turns":2.0},{"damage":49.0,"enemies":"Champ","floor":33.0,"turns":10.0},{"damage":0.0,"enemies":"3 Shapes","floor":35.0,"turns":2.0},{"damage":0.0,"enemies":"Orb Walker","floor":37.0,"turns":3.0},{"damage":14.0,"enemies":"Jaw Worm Horde","floor":39.0,"turns":4.0},{"damage":72.0,"enemies":"Nemesis","floor":41.0,"turns":7.0},{"damage":0.0,"enemies":"Sphere and 2 Shapes","floor":42.0,"turns":3.0},{"damage":5.0,"enemies":"Transient","floor":44.0,"turns":5.0},{"damage":0.0,"enemies":"4 Shapes","floor":47.0,"turns":3.0},{"damage":104,"enemies":"Time Eater","floor":50,"turns":9}],"seed_played":"-7515710568259038708","potions_obtained":[{"floor":1.0,"key":"BloodPotion"},{"floor":4.0,"key":"Energy Potion"},{"floor":4.0,"key":"DuplicationPotion"},{"floor":11.0,"key":"BlessingOfTheForge"},{"floor":18.0,"key":"BloodPotion"},{"floor":21.0,"key":"DistilledChaos"},{"floor":28.0,"key":"EssenceOfSteel"},{"floor":31.0,"key":"SpeedPotion"}],"is_trial":false,"path_per_floor":["M","$","M","?","M","R","E","M","T","R","E","R","M","E","R","B",null,"M","M","?","M","?","R","M","R","T","R","E","R","$","M","R","B",null,"M","$","M","?","M","R","E","M","T","M","?","R","M","?","R","B"],"character_chosen":"IRONCLAD","items_purchased":["Perfected Strike","Fruit Juice","Boot","Eternal Feather","Headbutt"],"campfire_rested":1,"item_purchase_floors":[2,30,30,36,36],"current_hp_per_floor":[77,77,80,80,80,80,57,57,57,57,55,79,68,51,51,20,65,59,53,53,63,63,63,69,69,69,69,63,63,68,74,74,54,77,83,83,85,85,77,85,31,49,49,50,50,65,71,71,85,0,0],"gold":77,"neow_bonus":"RANDOM_COMMON_RELIC","is_daily":false,"chose_seed":false,"campfire_upgraded":11,"win_rate":0.0,"timestamp":1612137652,"path_taken":["M","$","M","?","M","R","E","M","T","R","E","R","M","E","R","BOSS","M","M","?","M","?","R","?","R","T","R","E","R","$","?","R","BOSS","M","$","M","?","M","R","E","M","T","M","?","R","?","?","R","BOSS"],"items_purchased_type":["Card","Potion","Relic","Relic","Card"],"build_version":"2020-12-22","purchased_purges":0,"victory":false,"max_hp_per_floor":[80,80,80,80,80,80,80,80,80,80,80,80,80,80,80,80,80,80,80,80,80,80,80,80,80,80,80,80,80,85,85,85,85,85,85,85,85,85,85,85,85,85,85,85,85,85,85,85,85,85,85],"card_choices":[{"not_picked":["True Grit","Pummel"],"picked":"Sword Boomerang","floor":1.0},{"not_picked":["Thunderclap","Rupture"],"picked":"Armaments","floor":3.0},{"not_picked":["Combust","Impervious"],"picked":"Twin Strike","floor":5.0},{"not_picked":["True Grit","Iron Wave"],"picked":"Cleave","floor":7.0},{"not_picked":["Flex","Perfected Strike"],"picked":"Inflame","floor":8.0},{"not_picked":["Sentinel","Heavy Blade","Dark Embrace"],"picked":"SKIP","floor":11.0},{"not_picked":["Combust","Wild Strike"],"picked":"Twin Strike","floor":13.0},{"not_picked":["Warcry","Anger"],"picked":"Pommel Strike","floor":14.0},{"not_picked":["Clash+1","Bloodletting","Reckless Charge"],"picked":"SKIP","floor":18.0},{"not_picked":["Burning Pact","Sword Boomerang","Flex"],"picked":"SKIP","floor":19.0},{"not_picked":["Second Wind","Dropkick"],"picked":"Flame Barrier","floor":21.0},{"not_picked":["Reckless Charge+1","Heavy Blade+1"],"picked":"Pommel Strike","floor":24.0},{"not_picked":["Clash","Exhume"],"picked":"Seeing Red+1","floor":28.0},{"not_picked":["Clash+1","True Grit"],"picked":"Shrug It Off","floor":31.0},{"not_picked":["Feel No Pain","Flex+1"],"picked":"Flame Barrier","floor":35.0},{"not_picked":["Bloodletting","Clash"],"picked":"Shrug It Off","floor":37.0},{"not_picked":["Flex","Anger+1","Searing Blow"],"picked":"SKIP","floor":39.0},{"not_picked":["Dropkick","Warcry+1","Immolate"],"picked":"SKIP","floor":41.0},{"not_picked":["Burning Pact","Thunderclap+1","Anger+1"],"picked":"SKIP","floor":42.0},{"not_picked":["Pommel Strike","Fire Breathing"],"picked":"Inflame+1","floor":44.0},{"not_picked":["Body Slam+1","Entrench","Clothesline"],"picked":"SKIP","floor":47.0},{"not_picked":["Purity","Violence"],"picked":"Panacea","floor":48.0}],"player_experience":290752,"relics_obtained":[{"floor":7.0,"key":"Meat on the Bone"},{"floor":9.0,"key":"InkBottle"},{"floor":11.0,"key":"Lantern"},{"floor":14.0,"key":"Pantograph"},{"floor":26.0,"key":"Mercury Hourglass"},{"floor":28.0,"key":"Bottled Lightning"},{"floor":41.0,"key":"Potion Belt"},{"floor":43.0,"key":"MawBank"}],"event_choices":[{"damage_healed":0.0,"max_hp_gain":0.0,"max_hp_loss":0.0,"gold_gain":0.0,"event_name":"Lab","player_choice":"Got Potions","floor":4.0,"gold_loss":0.0,"damage_taken":0.0},{"damage_healed":0.0,"max_hp_gain":0.0,"max_hp_loss":0.0,"gold_gain":0.0,"event_name":"The Mausoleum","player_choice":"Opened","floor":20.0,"gold_loss":0.0,"damage_taken":0.0,"relics_obtained":["Anchor"],"cards_obtained":["Writhe"]},{"cards_removed":["Writhe"],"damage_healed":0.0,"max_hp_gain":0.0,"max_hp_loss":0.0,"gold_gain":0.0,"event_name":"Fountain of Cleansing","player_choice":"Removed Curses","floor":22.0,"gold_loss":0.0,"damage_taken":0.0},{"cards_removed":["Defend_R"],"damage_healed":0.0,"max_hp_gain":0.0,"max_hp_loss":0.0,"gold_gain":0.0,"event_name":"Falling","player_choice":"Removed Skill","floor":38.0,"gold_loss":0.0,"damage_taken":0.0},{"damage_healed":0.0,"max_hp_gain":0.0,"max_hp_loss":0.0,"gold_gain":0.0,"event_name":"Tomb of Lord Red Mask","player_choice":"Paid","floor":45.0,"gold_loss":145.0,"damage_taken":0.0,"relics_obtained":["Red Mask"]},{"damage_healed":0.0,"max_hp_gain":0.0,"max_hp_loss":0.0,"gold_gain":0.0,"event_name":"SensoryStone","player_choice":"Memory 1","floor":48.0,"gold_loss":0.0,"damage_taken":0.0}],"is_beta":false,"boss_relics":[{"not_picked":["Velvet Choker","Empty Cage"],"picked":"Coffee Dripper"},{"not_picked":["Astrolabe","Snecko Eye"],"picked":"Sozu"}],"items_purged_floors":[],"is_endless":false,"potions_floor_spawned":[1,11,13,18,21,28,31,35,41,42],"killed_by":"Time Eater","ascension_level":5}}