{"host":"natui9yr7uuq78xo","time":1612140441,"event":{"mods":["BaseMod","Better Third Choice","BetterRewards","Lobotomy","LobotomyExtend","Minty Spire (QoL Compilation)","StSLib"],"gold_per_floor":[115,126,137,155,120,152,152,177,201,201,215,215,215],"floor_reached":12,"language":"ENG","playtime":854,"items_purged":[],"score":95,"play_id":"1bb8ad03-3eac-4f5f-aa17-9517384a5326","local_time":"20210131144721","is_ascension_mode":true,"campfire_choices":[{"data":"Malaise","floor":7,"key":"SMITH"},{"floor":10,"key":"REST"}],"circlet_count":0,"master_deck":["Strike_G","Strike_G","Strike_G","Strike_G","Strike_G","Defend_G","Defend_G","Defend_G","Defend_G","Defend_G","Survivor","Neutralize","WallGazer","Well Laid Plans","Dagger Spray","UniverseFragment","Malaise+1","Wellcheers","MHz","Quick Slash","FairyFestival","Backflip"],"relics":["Ring of the Snake","CogitoBucket","LetterFromLob","Omamori","Orichalcum","Lantern","ResearcherNote"],"acts_visited":["Exordium"],"potions_floor_usage":[],"damage_taken":[{"damage":0,"enemies":"2 Louse","floor":1,"turns":3},{"damage":4,"enemies":"Small Slimes","floor":2,"turns":6},{"damage":9,"enemies":"Jaw Worm","floor":3,"turns":6},{"damage":12,"enemies":"Exordium Wildlife","floor":4,"turns":5},{"damage":39,"enemies":"3 Sentries","floor":6,"turns":14},{"damage":9,"enemies":"Gremlin Nob","floor":8,"turns":9},{"damage":10,"enemies":"2 Fungi Beasts","floor":11,"turns":7},{"damage":49,"enemies":"Lagavulin","floor":12,"turns":10}],"seed_played":"4970479047954391093","potions_obtained":[{"floor":8,"key":"Poison Potion"},{"floor":11,"key":"Poison Potion"}],"is_trial":false,"path_per_floor":["M","M","M","M","?","E","R","E","T","R","M","E"],"character_chosen":"THE_SILENT","items_purchased":[],"campfire_rested":1,"item_purchase_floors":[],"current_hp_per_floor":[70,66,57,45,62,23,23,20,20,41,31,0,0],"gold":215,"neow_bonus":"","is_daily":false,"chose_seed":false,"campfire_upgraded":1,"win_rate":0.0,"timestamp":1612140441,"path_taken":["M","M","M","M","?","E","R","E","T","R","M","E"],"items_purchased_type":[],"build_version":"2020-12-22","purchased_purges":0,"victory":false,"max_hp_per_floor":[70,70,70,70,70,70,70,70,70,70,70,70,70],"card_choices":[{"not_picked":["Murderer","BeautyBeast"],"picked":"WallGazer","floor":1},{"not_picked":["Backflip","Blade Dance"],"picked":"Well Laid Plans","floor":1},{"not_picked":["PiercingWail","Choke"],"picked":"Dagger Spray","floor":2},{"not_picked":["Murderer","MHz"],"picked":"UniverseFragment","floor":3},{"not_picked":["Backflip","Masterful Stab"],"picked":"Malaise","floor":3},{"not_picked":["Bane","Cloak And Dagger","Burst"],"picked":"SKIP","floor":4},{"not_picked":["Alriune","HeroicMonk"],"picked":"Wellcheers","floor":6},{"not_picked":["Deflect","Concentrate","Dagger Throw"],"picked":"SKIP","floor":6},{"not_picked":["VoidDream","PunishingBird"],"picked":"MHz","floor":8},{"not_picked":["Endless Agony","Poisoned Stab"],"picked":"Quick Slash","floor":8},{"not_picked":["SpiderBud","VoidDream"],"picked":"FairyFestival","floor":11},{"not_picked":["Expertise","Riddle With Holes"],"picked":"Backflip","floor":11}],"player_experience":333844,"relics_obtained":[{"floor":1,"key":"LetterFromLob"},{"floor":6,"key":"Omamori"},{"floor":8,"key":"Orichalcum"},{"floor":9,"key":"Lantern"}],"event_choices":[{"damage_healed":17,"gold_gain":0,"player_choice":"Healed","damage_taken":0,"max_hp_gain":0,"max_hp_loss":0,"event_name":"The Cleric","floor":5,"gold_loss":35}],"is_beta":false,"boss_relics":[],"items_purged_floors":[],"is_endless":false,"potions_floor_spawned":[8,11],"killed_by":"Lagavulin","ascension_level":1}}