{"host":"Lucas","time":1612137712,"event":{"mods":["BaseMod","Downfall","Minty Spire (QoL Compilation)","READ ME - Guardian Mod","StSLib","The Cursed","The Disciple","The Necromancer","The Servant 0.9.4"],"gold_per_floor":[99,117,117,132,142,154,154,166,178,205,205,221,221,221,239,343,343,343,359,81,97,112,104,185,185,185,293,303,318,335,353,376,482,482,482,498,556,556,556,556,556,556,599,599,424,218,218,237,237],"floor_reached":50,"language":"ENG","playtime":3314,"items_purged":["Regret"],"score":776,"play_id":"5489bca5-1507-4f1a-9261-b34875f92bb5","local_time":"20210201000152","is_ascension_mode":false,"campfire_choices":[{"data":"hexamod:Sear","floor":1,"key":"SMITH"},{"data":"hexamod:CatchUp","floor":11,"key":"SMITH"},{"data":"hexamod:PhantomFireball","floor":13,"key":"SMITH"},{"data":"hexamod:UnlimitedPower","floor":18,"key":"SMITH"},{"data":"hexamod:Float","floor":26,"key":"SMITH"},{"data":"hexamod:SoulSteal","floor":35,"key":"SMITH"},{"floor":42,"key":"REST"},{"floor":44,"key":"REST"}],"circlet_count":0,"master_deck":["hexamod:Strike","hexamod:Strike","hexamod:Strike","hexamod:Defend","hexamod:Defend","hexamod:Defend","hexamod:Defend","hexamod:Sear+1","hexamod:Float+1","hexamod:FirstSeal","hexamod:HeatMetal","hexamod:BurningTouch","hexamod:ShieldOfDarkness","hexamod:PhantomFireball+1","hexamod:CatchUp+1","hexamod:HauntingEcho","hexamod:ThermalTransfer","hexamod:ChargedBarrage","hexamod:UnlimitedPower+1","hexamod:RainOfEmbers","hexamod:SwordOfDarkness","hexamod:SoulSteal+1","hexamod:GhostOfSpirePast+1","hexamod:SecondSeal","hexamod:ThirdSeal","hexamod:FourthSeal","hexamod:GhostShield+1","hexamod:BurningTouch+1","hexamod:BacktrackSmack","hexamod:EtherealExpedition","hexamod:NightmareGuise+1","hexamod:ForkedFlame","hexamod:FastForward+1","hexamod:Again+1","hexamod:Incineration","hexamod:Firestarter","hexamod:SearingWound","hexamod:GhostflameInferno","hexamod:BurningTouch+1","hexamod:EmpoweredFlame+1","hexamod:BacktrackSmack+1","hexamod:AdvancingGuard+1","expansioncontent:PolyBeam","hexamod:SpectersWail+1","hexamod:HeatMetal+1","hexamod:Firestarter+1","hexamod:CatchUp+1","hexamod:RadiantFlame+1","expansioncontent:AwakenDeath","hexamod:FirstSeal","hexamod:SecondSeal","hexamod:SpectersWail+1"],"relics":["hexamod:SpiritBrand","Meat on the Bone","FossilizedHelix","Lantern","Philosopher\u0027s Stone","Membership Card","Bag of Marbles","Pear","Turnip","Gremlin Horn","SlaversCollar","WingedGreaves","Ancient Tea Set","The Courier","Juzu Bracelet","Letter Opener","Oddly Smooth Stone","Lizard Tail","Chemical X","Bronze Scales","Shuriken","Eternal Feather","downfall:TeleportStone"],"acts_visited":["Exordium","TheCity","TheBeyond"],"potions_floor_usage":[16,19,29,33,37,48,49],"damage_taken":[{"damage":0,"enemies":"Small Slimes","floor":2,"turns":4},{"damage":0,"enemies":"Cultist","floor":4,"turns":3},{"damage":9,"enemies":"2 Louse","floor":5,"turns":3},{"damage":10,"enemies":"Exordium Thugs","floor":6,"turns":3},{"damage":10,"enemies":"3 Louse","floor":8,"turns":4},{"damage":2,"enemies":"Blue Slaver","floor":9,"turns":3},{"damage":8,"enemies":"Lagavulin","floor":10,"turns":7},{"damage":12,"enemies":"3 Louse","floor":12,"turns":4},{"damage":2,"enemies":"Red Slaver","floor":15,"turns":3},{"damage":61,"enemies":"WA_ARCHETYPE_RETAIN","floor":16,"turns":8},{"damage":16,"enemies":"3 Byrds","floor":19,"turns":4},{"damage":5,"enemies":"downfall:FleeingMerchant","floor":20,"turns":4},{"damage":7,"enemies":"3 Cultists","floor":21,"turns":3},{"damage":0,"enemies":"Snecko","floor":22,"turns":3},{"damage":19,"enemies":"SI_SHIV_ARCHETYPE","floor":27,"turns":6},{"damage":0,"enemies":"Cultist and Chosen","floor":28,"turns":3},{"damage":10,"enemies":"Shelled Parasite and Fungi","floor":29,"turns":3},{"damage":16,"enemies":"Snake Plant","floor":30,"turns":2},{"damage":0,"enemies":"3 Cultists","floor":31,"turns":3},{"damage":0,"enemies":"Cultist and Chosen","floor":32,"turns":4},{"damage":54,"enemies":"IC_MUSHROOM_ARCHETYPE","floor":33,"turns":5},{"damage":8,"enemies":"3 Shapes","floor":36,"turns":4},{"damage":25,"enemies":"2 Orb Walkers","floor":37,"turns":4},{"damage":68,"enemies":"Nemesis","floor":43,"turns":7},{"damage":0,"enemies":"downfall:FleeingMerchant","floor":45,"turns":4},{"damage":0,"enemies":"downfall:FleeingMerchant","floor":46,"turns":3},{"damage":0,"enemies":"Orb Walker","floor":48,"turns":2},{"damage":73,"enemies":"DF_ARCHETYPE_ORBS","floor":49,"turns":6}],"seed_played":"-1365186099872643988","potions_obtained":[{"floor":2,"key":"SmokeBomb"},{"floor":5,"key":"LiquidMemories"},{"floor":6,"key":"FairyPotion"},{"floor":9,"key":"Slimebound:ThreeZeroPotion"},{"floor":16,"key":"champ:CounterPotion"},{"floor":19,"key":"FearPotion"},{"floor":27,"key":"Ancient Potion"},{"floor":28,"key":"Explosive Potion"},{"floor":29,"key":"sneckomod:MuddlingPotion"},{"floor":32,"key":"DuplicationPotion"},{"floor":33,"key":"FairyPotion"},{"floor":37,"key":"BlessingOfTheForge"},{"floor":48,"key":"Fruit Juice"}],"is_trial":false,"path_per_floor":["R","M","?","M","M","M","T","M","M","E","R","M","R","?","M","B",null,"R","M","$","M","M","?","T","?","R","?","M","M","M","M","M","B",null,"R","M","?","?","T","?","T","R","E","R","$","$","?","M","B",null],"character_chosen":"THE_SPIRIT","items_purchased":["Membership Card","Bag of Marbles","Letter Opener","Oddly Smooth Stone","Lizard Tail","Chemical X","Bronze Scales","expansioncontent:AwakenDeath","Shuriken","Eternal Feather","hexamod:FirstSeal","hexamod:SecondSeal"],"campfire_rested":2,"item_purchase_floors":[20,20,45,45,46,46,46,46,46,46,46,46],"current_hp_per_floor":[77,77,77,77,75,72,72,69,74,73,73,68,68,68,73,31,77,77,61,63,63,70,70,80,80,80,68,75,65,56,63,63,28,87,87,79,61,61,61,61,61,87,38,64,71,78,78,83,22],"gold":237,"neow_bonus":"TEN_PERCENT_HP_BONUS","is_daily":false,"chose_seed":false,"campfire_upgraded":6,"win_rate":0.0,"timestamp":1612137712,"path_taken":["R","M","?","?","M","M","T","M","?","E","R","?","R","?","M","BOSS","R","M","$","M","M","?","T","?","R","?","M","M","M","?","M","BOSS","R","M","?","?","?","?","T","R","E","R","?","$","?","M","BOSS"],"items_purchased_type":["Relic","Relic","Relic","Relic","Relic","Relic","Relic","Card","Relic","Relic","Card","Card"],"build_version":"2020-12-18","purchased_purges":1,"victory":true,"max_hp_per_floor":[77,77,77,77,77,77,77,77,77,77,77,77,77,77,77,77,77,77,77,77,77,77,77,87,87,87,87,87,87,87,87,87,87,87,87,87,87,87,87,87,87,87,87,87,87,87,87,92,92],"card_choices":[{"not_picked":["hexamod:GhostOfSpireFuture","hexamod:GhostLash"],"picked":"hexamod:FirstSeal","floor":2},{"not_picked":["hexamod:BacktrackSmack","hexamod:SpectersWail"],"picked":"hexamod:BurningTouch","floor":4},{"not_picked":["hexamod:HeatMetal","hexamod:BurningTouch"],"picked":"hexamod:ShieldOfDarkness","floor":5},{"not_picked":["hexamod:SwordOfDarkness","hexamod:EtherealExpedition"],"picked":"hexamod:PhantomFireball","floor":6},{"not_picked":["hexamod:AdvancingGuard","hexamod:GhostShield"],"picked":"hexamod:InspiringFlames","floor":8},{"not_picked":["hexamod:ShieldOfDarkness","hexamod:ChargedBarrage"],"picked":"hexamod:CatchUp","floor":9},{"not_picked":["hexamod:StepThrough","hexamod:InspiringFlames"],"picked":"hexamod:HauntingEcho","floor":10},{"not_picked":["hexamod:Haunt","hexamod:InspiringFlames"],"picked":"hexamod:ThermalTransfer","floor":12},{"not_picked":["hexamod:HauntingEcho","hexamod:HeatShield"],"picked":"hexamod:ChargedBarrage","floor":15},{"not_picked":["hexamod:UnleashSpirits","hexamod:SearingWound"],"picked":"hexamod:UnlimitedPower","floor":16},{"not_picked":["hexamod:GhostLash","hexamod:BurningTouch"],"picked":"hexamod:RainOfEmbers","floor":19},{"not_picked":["hexamod:HeatMetal","hexamod:NightmareGuise+1"],"picked":"hexamod:SwordOfDarkness","floor":20},{"not_picked":["hexamod:PhantomFireball","hexamod:InspiringFlames"],"picked":"hexamod:SoulSteal","floor":21},{"not_picked":["hexamod:ShieldOfDarkness","hexamod:EmpoweredFlame"],"picked":"hexamod:GhostOfSpirePast+1","floor":22},{"not_picked":["hexamod:RetreatToShadows","hexamod:ShieldOfDarkness"],"picked":"hexamod:GhostShield+1","floor":27},{"not_picked":["hexamod:SpectersWail","hexamod:EtherealExpedition"],"picked":"hexamod:BurningTouch+1","floor":27},{"not_picked":["hexamod:ThermalTransfer","hexamod:CatchUp"],"picked":"hexamod:BacktrackSmack","floor":28},{"not_picked":["hexamod:ShieldOfDarkness","hexamod:BacktrackSmack"],"picked":"hexamod:EtherealExpedition","floor":28},{"not_picked":["hexamod:BurningTouch","hexamod:CatchUp"],"picked":"hexamod:NightmareGuise+1","floor":29},{"not_picked":["hexamod:HeatMetal","hexamod:HauntingEcho+1"],"picked":"hexamod:ForkedFlame","floor":29},{"not_picked":["hexamod:GhostOfSpirePast","hexamod:ThermalTransfer"],"picked":"hexamod:FastForward+1","floor":30},{"not_picked":["hexamod:ThermalTransfer","hexamod:Hexaguard"],"picked":"hexamod:Again+1","floor":31},{"not_picked":["hexamod:ThermalTransfer","hexamod:ShieldOfDarkness"],"picked":"hexamod:Incineration","floor":31},{"not_picked":["hexamod:RecurringNightmare","hexamod:HauntingEcho+1"],"picked":"hexamod:Firestarter","floor":32},{"not_picked":["hexamod:GhostOfSpirePresent","hexamod:HexaLevel"],"picked":"hexamod:SearingWound","floor":33},{"not_picked":["hexamod:WildfireWeapon","hexamod:HexaLevel"],"picked":"hexamod:GhostflameInferno","floor":33},{"not_picked":["hexamod:HeatMetal","hexamod:NightmareGuise"],"picked":"hexamod:BurningTouch+1","floor":36},{"not_picked":["hexamod:HeatMetal","hexamod:SwordOfDarkness"],"picked":"hexamod:EmpoweredFlame+1","floor":36},{"not_picked":["hexamod:GhostLash","hexamod:Firestarter"],"picked":"hexamod:BacktrackSmack+1","floor":37},{"not_picked":["hexamod:Again","hexamod:ShieldOfDarkness+1"],"picked":"hexamod:AdvancingGuard+1","floor":37},{"not_picked":["expansioncontent:DecaShield","expansioncontent:HyperBeam"],"picked":"expansioncontent:PolyBeam","floor":40},{"not_picked":["hexamod:WildfireWeapon","hexamod:HeatMetal"],"picked":"hexamod:SpectersWail+1","floor":43},{"not_picked":["hexamod:GhostShield","hexamod:SpectersWail+1"],"picked":"hexamod:HeatMetal+1","floor":43},{"not_picked":["hexamod:NightmareGuise","hexamod:NightmareStrike"],"picked":"hexamod:Firestarter+1","floor":45},{"not_picked":["hexamod:SixthSeal","hexamod:RetreatToShadows+1"],"picked":"hexamod:CatchUp+1","floor":45},{"not_picked":["hexamod:HeatMetal","hexamod:AdvancingGuard"],"picked":"hexamod:RadiantFlame+1","floor":46},{"not_picked":["hexamod:RainOfEmbers","hexamod:HauntingEcho"],"picked":"hexamod:SpectersWail+1","floor":48}],"player_experience":1245660,"relics_obtained":[{"floor":7,"key":"Meat on the Bone"},{"floor":10,"key":"FossilizedHelix"},{"floor":24,"key":"Pear"},{"floor":27,"key":"Turnip"},{"floor":27,"key":"Gremlin Horn"},{"floor":37,"key":"WingedGreaves"},{"floor":39,"key":"Ancient Tea Set"},{"floor":41,"key":"The Courier"},{"floor":43,"key":"Juzu Bracelet"}],"event_choices":[{"damage_healed":0,"gold_gain":0,"player_choice":"Box","damage_taken":0,"relics_obtained":["Lantern"],"max_hp_gain":0,"max_hp_loss":0,"event_name":"Big Fish","floor":14,"gold_loss":0,"cards_obtained":["Regret"]},{"damage_healed":0,"gold_gain":0,"player_choice":"Fight","damage_taken":0,"max_hp_gain":0,"max_hp_loss":0,"event_name":"Mysterious Sphere","floor":37,"gold_loss":0}],"is_beta":true,"boss_relics":[{"not_picked":["Busted Crown","Pandora\u0027s Box"],"picked":"Philosopher\u0027s Stone"},{"not_picked":["Coffee Dripper","Runic Pyramid"],"picked":"SlaversCollar"}],"items_purged_floors":[20],"is_endless":false,"potions_floor_spawned":[2,5,6,9,10,16,19,28,30,32,33,36,48],"ascension_level":0}}