{"host":"hp5j21f092xpawtl","time":1612161144,"event":{"mods":["Act Like it!","BaseMod","Dota2Spire","Downfall","Gensokyo","Minty Spire (QoL Compilation)","Remilia（蕾米莉亚）","Replay The Spire","Shop Mod","StSLib","TestMod","The Administrix","The Bladedancer","The Bug Knight","The Jungle","The Senshi","The Servant 0.9.4","[IsaacMod]以撒尖塔","noobMod"],"gold_per_floor":[118,118,168,184,25,25,54,54,54,374,404,501,515,515,515,616,616,628,36,36,53,63,63,95,95,95,130,130,130,53,271,271,366,366,380,380,380,400,420,451,451,470,542,125,164,164,171,496,496,710,710],"floor_reached":50,"language":"ZHS","playtime":7025,"items_purged":["Strike_S","Defend_S","Hallucinations","Defend_S"],"score":1396,"play_id":"1f0ccd54-5416-4283-83bb-34ec3cdceeb7","local_time":"20210201143224","is_ascension_mode":false,"campfire_choices":[{"floor":6,"key":"RECALL"},{"floor":15,"key":"DIG"},{"data":"Defend_S","floor":23,"key":"PURGE"},{"data":"Strike_S","floor":32,"key":"PURGE"},{"floor":46,"key":"DIG"},{"data":"Luminosity","floor":49,"key":"SMITH"}],"circlet_count":0,"master_deck":["KidneyShot","FastForward+1","Contraction+1","Ricochet","Rearm+1","Misdirection+1","WasteNot","Comet","Rearm+1","Sunlight","Starlight","GearUp+1","Starlight+1","Defy+1","Read+1","TheWorld+1","Rearm+1","MoonPhase","FlawlessForm","Solidify+1","TheWorld+1","Solidify+1","BottledTime+1","Gensokyo:OverchargedCore","Rearm+1","Collapse","Luminosity+1","BottledTime+1","Starlight+1"],"relics":["Uniform","HushsDoor","ice","testmod-TestBox","testmod-Déjàvu","SteamSale","Gensokyo:Justice","Toxic Egg 2","PreservedInsect","Replay:Multitool","Dota2Spire:Desolator","Dota2Spire:Vanguard","testmod-LifeArmor","testmod-BouquetWithThorns","ReplayTheSpireMod:Ring of Exchange","Replay:Wax Seal","Medical Kit","GuppysTail","SplendidAttire","Oddly Smooth Stone","Gensokyo:ConquerorOfFear","DeadEye","Eternal Feather","Juzu Bracelet","Membership Card","GnawedLeaf","Lantern","DollysMirror","Gensokyo:EmptyGrave","Dota2Spire:CrimsonGuard","SalivaCoin","HowToJump","testmod-CardMagician","testmod-Hope","testmod-DeterminationOfClimber","Orichalcum","FossilizedHelix","Strawberry","Dota2Spire:LotusOrb"],"acts_visited":["Gensokyo:Gensokyo","Gensokyo:Gensokyoer","Gensokyo:Gensokyoest"],"potions_floor_usage":[],"damage_taken":[{"damage":136.0,"enemies":"Gensokyo:Gryphon","floor":1.0,"turns":18.0},{"damage":4.0,"enemies":"Hiden Room Battle","floor":3.0,"turns":3.0},{"damage":0.0,"enemies":"Gensokyo:Python","floor":4.0,"turns":2.0},{"damage":51,"enemies":"Gensokyo:Aya","floor":7,"turns":7},{"damage":6,"enemies":"Gensokyo:3_Fairies","floor":10,"turns":4},{"damage":18,"enemies":"Gensokyo:Mamizou","floor":11,"turns":6},{"damage":37,"enemies":"Gensokyo:3_Kodama","floor":13,"turns":10},{"damage":2,"enemies":"Gensokyo:Kokoro","floor":16,"turns":17},{"damage":0,"enemies":"Gensokyo:CosmicMonolith","floor":18,"turns":2},{"damage":0,"enemies":"Gensokyo:AngelMirror","floor":21,"turns":2},{"damage":0,"enemies":"Gensokyo:Wraith","floor":22,"turns":2},{"damage":0,"enemies":"Gensokyo:Reisen","floor":24,"turns":2},{"damage":0,"enemies":"Gensokyo:Tenshi","floor":27,"turns":1},{"damage":0,"enemies":"Gensokyo:Chomper_and_Gloop","floor":31,"turns":2},{"damage":0,"enemies":"Gensokyo:Kaguya","floor":33,"turns":4},{"damage":0,"enemies":"Gensokyo:3_Boulders","floor":35,"turns":2},{"damage":0,"enemies":"Gensokyo:3_Bats","floor":38,"turns":1},{"damage":0,"enemies":"Gensokyo:Sharpion","floor":39,"turns":1},{"damage":0,"enemies":"Gensokyo:Kasen","floor":40,"turns":1},{"damage":0,"enemies":"Gensokyo:Rafflesia","floor":42,"turns":2},{"damage":0,"enemies":"Gensokyo:Doremy","floor":45,"turns":1},{"damage":0,"enemies":"Gensokyo:SeedOfUnknown","floor":48,"turns":1},{"damage":0,"enemies":"Gensokyo:Shinki","floor":50,"turns":8}],"seed_played":"-8552089502634503944","potions_obtained":[{"floor":3.0,"key":"Swift Potion"},{"floor":11,"key":"Reflective Coating"},{"floor":16,"key":"DuplicationPotion"},{"floor":33,"key":"DuplicationPotion"}],"is_trial":false,"path_per_floor":["M","?","?","M","COS","R","E","T","T","M","E","?","M","?","R","B",null,"M","COS","?","M","M","R","E","?","T","E","?","?","$","M","R","B",null,"M","?","?","M","M","E","$","M","T","COS","E","R","?","M","R","B"],"character_chosen":"THE_SERVANT","items_purchased":["GuppysTail","Membership Card","GnawedLeaf","Lantern","TheWorld+1","Rearm+1","MoonPhase","Solidify+1","SalivaCoin","HowToJump","testmod-CardMagician","Luminosity"],"campfire_rested":0,"item_purchase_floors":[17,30,30,30,30,30,30,34,41,41,41,41],"current_hp_per_floor":[79,79,60,60,60,60,9,9,9,82,64,43,6,6,6,108,118,118,118,118,118,118,118,118,118,118,118,118,118,118,118,125,125,119,119,119,110,110,110,110,110,110,110,110,110,110,102,117,117,117,117],"gold":710,"neow_bonus":"TEN_PERCENT_HP_BONUS","is_daily":false,"chose_seed":false,"campfire_upgraded":1,"win_rate":0.0,"timestamp":1612161144,"path_taken":["M","?","?","M","COS","R","E","?","T","?","E","?","M","?","R","BOSS","M","COS","?","M","?","R","E","?","T","E","?","?","$","M","R","BOSS","M","?","?","M","M","E","$","M","T","COS","E","R","?","M","R","BOSS"],"items_purchased_type":["Relic","Relic","Relic","Relic","Card","Card","Card","Card","Relic","Relic","Relic","Card"],"build_version":"2020-12-22","purchased_purges":4,"victory":false,"max_hp_per_floor":[79,79,82,82,82,82,82,82,82,84,85,85,105,105,105,133,118,119,119,119,121,125,125,125,125,125,125,125,125,125,125,125,130,119,119,119,110,110,110,110,110,110,110,110,110,110,117,117,117,117,117],"card_choices":[{"not_picked":["InstantArmor","DualDimension","Potential"],"picked":"SKIP","floor":1.0},{"not_picked":["Potential","Deny+1"],"picked":"FastForward+1","floor":3.0},{"not_picked":["Replace+1","Alleviate+1"],"picked":"Contraction+1","floor":4.0},{"not_picked":["Unruled","Shuttle+1"],"picked":"Ricochet","floor":7},{"not_picked":["Revamp+1","Comet"],"picked":"Rearm+1","floor":10},{"not_picked":["Replace+1","TimeWarp"],"picked":"Misdirection+1","floor":11},{"not_picked":["Starlight","TimeWarp"],"picked":"WasteNot","floor":12},{"not_picked":["Barrier+1","FanOfKnives"],"picked":"Comet","floor":12},{"not_picked":["Alleviate+1","Potential"],"picked":"Rearm+1","floor":13},{"not_picked":["Initiator","SoulSculpture"],"picked":"Sunlight","floor":16},{"not_picked":["Defy+1","Contraction+1"],"picked":"Starlight","floor":18},{"not_picked":["RealityMarble+1","Spin+1"],"picked":"GearUp+1","floor":21},{"not_picked":["Starlight+1","Potential+1"],"picked":"Luminosity+1","floor":21},{"not_picked":["Duplication+1","FastForward+1"],"picked":"Starlight+1","floor":22},{"not_picked":["Sabotage","ShatteredReality"],"picked":"Defy+1","floor":24},{"not_picked":["FanOfKnives","Hightail+1"],"picked":"Read+1","floor":27},{"not_picked":["RealityMarble","ShatteredReality","DoubleEdge+1"],"picked":"SKIP","floor":31},{"not_picked":["SoulSculpture","PendulumOfEternity"],"picked":"FlawlessForm","floor":33},{"not_picked":["ForgedInTime","PendulumOfEternity"],"picked":"Solidify","floor":33},{"not_picked":["Unruled+1","FastForward+1"],"picked":"BottledTime+1","floor":35},{"not_picked":["Desolation","Hightail+1"],"picked":"Rearm+1","floor":38},{"not_picked":["DoubleEdge+1","Alleviate+1"],"picked":"Collapse","floor":39},{"not_picked":["Read+1","Reset+1","Gouge+1"],"picked":"SKIP","floor":40},{"not_picked":["Revamp+1","Spin+1"],"picked":"BottledTime+1","floor":42},{"not_picked":["BottledTime+1","Rewind+1"],"picked":"Starlight+1","floor":45},{"not_picked":["Revamp+1","Snipe","ShatteredReality+1"],"picked":"SKIP","floor":45},{"not_picked":["Ricochet","Misdirection+1","Potential"],"picked":"SKIP","floor":48}],"player_experience":44254,"relics_obtained":[{"floor":3.0,"key":"Toxic Egg 2"},{"floor":3.0,"key":"PreservedInsect"},{"floor":7,"key":"Ice Cream"},{"floor":9,"key":"Replay:Multitool"},{"floor":11,"key":"Dota2Spire:Vanguard"},{"floor":12,"key":"testmod-LifeArmor"},{"floor":14,"key":"ReplayTheSpireMod:Ring of Exchange"},{"floor":15,"key":"Replay:Wax Seal"},{"floor":26,"key":"DeadEye"},{"floor":27,"key":"Gensokyo:ConquerorOfFear"},{"floor":27,"key":"Eternal Feather"},{"floor":40,"key":"Dota2Spire:CrimsonGuard"},{"floor":43,"key":"testmod-Hope"},{"floor":45,"key":"Orichalcum"},{"floor":46,"key":"FossilizedHelix"}],"event_choices":[{"damage_healed":0.0,"max_hp_gain":0.0,"max_hp_loss":0.0,"gold_gain":0.0,"event_name":"HidenRoomEvent","player_choice":"Fight","floor":3.0,"gold_loss":0.0,"damage_taken":0.0},{"damage_healed":0,"gold_gain":0,"player_choice":"Swap Relic","damage_taken":0,"relics_obtained":["Juzu Bracelet"],"max_hp_gain":0,"max_hp_loss":0,"event_name":"给自己的盒子","floor":29,"relics_lost":["Toolbox"],"gold_loss":0}],"is_beta":false,"boss_relics":[{"not_picked":["Fusion Hammer","Ectoplasm"],"picked":"Medical Kit"},{"not_picked":[]},{"not_picked":["Cursed Key","Ring of Chaos"],"picked":"DollysMirror"},{"not_picked":[]}],"items_purged_floors":[17,30,34,41],"is_endless":false,"potions_floor_spawned":[3,11,16,22,27,33,35,45,48],"killed_by":"Gensokyo:Shinki","ascension_level":0}}