{"host":"xp5rvh2jwe2ejyfm","time":1612197909,"event":{"mods":["Aspiration","BaseMod","BetterRewards","Colored Powertips","Conspire","Downfall","Duelist Mod","GifTheSpireLib","Gremlin Mod","Hermit","Hubris","Minty Spire (QoL Compilation)","Robot Space Explorer","StSLib","The Blackbeard","The Clintock","The Construct","The Cursed","The Disciple","The Forsaken","The Hierophant","The Necromancer","The Runesmith","The Servant 0.9.4"],"gold_per_floor":[113,123,139,150,150,182,197,229,252,252,56,83,83,94,94,196,196,211,21,37,48,11,39,39,74,74,74,84,84,101,120,120,120,120],"floor_reached":33,"language":"ENG","playtime":1353,"items_purged":[],"score":309,"play_id":"dc1bea12-8a6e-4a42-bfe8-c8f27d285b2b","local_time":"20210201114509","is_ascension_mode":false,"campfire_choices":[{"floor":10,"key":"RECALL"},{"data":"RobotSpaceExplorer:DroneSwarm","floor":13,"key":"SMITH"},{"floor":15,"key":"REST"},{"floor":24,"key":"REST"},{"floor":27,"key":"REST"},{"data":"RobotSpaceExplorer:PowerGlove","floor":32,"key":"SMITH"}],"circlet_count":0,"master_deck":["RobotSpaceExplorer:Strike","RobotSpaceExplorer:Strike","RobotSpaceExplorer:Strike","RobotSpaceExplorer:Strike","RobotSpaceExplorer:Defend","RobotSpaceExplorer:Defend","RobotSpaceExplorer:Defend","RobotSpaceExplorer:Defend","RobotSpaceExplorer:Scan","RobotSpaceExplorer:MiniLasers","RobotSpaceExplorer:Electropulse","RobotSpaceExplorer:SurgingShield","RobotSpaceExplorer:ScrapMissile","RobotSpaceExplorer:Probe","RobotSpaceExplorer:Electroshield","RobotSpaceExplorer:PowerGlove","RobotSpaceExplorer:StarLightning","RobotSpaceExplorer:StunGrenade","RobotSpaceExplorer:DroneSwarm+1","RobotSpaceExplorer:Pulsar","RobotSpaceExplorer:Blaster","RobotSpaceExplorer:SurgingShield","RobotSpaceExplorer:PowerGlove+1","RobotSpaceExplorer:ScrapMissile","RobotSpaceExplorer:BigMissile","RobotSpaceExplorer:ImprovisedAttack","RobotSpaceExplorer:ScrapMissile","RobotSpaceExplorer:SwiftStep+1","RobotSpaceExplorer:StunGrenade","RobotSpaceExplorer:Scanner","RobotSpaceExplorer:MiniDrones"],"relics":["RobotSpaceExplorer:RoboCore","hubris:Towel","Anchor","Mango","RobotSpaceExplorer:FoglandsKnife","Ice Cream","hubris:Backtick","Mercury Hourglass","hubris:DisguiseKit","Bottled Flame","Matryoshka"],"acts_visited":["Exordium","TheCity"],"potions_floor_usage":[6,8,8,16,21,25,33],"damage_taken":[{"damage":0,"enemies":"2 Louse","floor":1,"turns":2},{"damage":0,"enemies":"Small Slimes","floor":2,"turns":2},{"damage":0,"enemies":"Cultist","floor":3,"turns":3},{"damage":2,"enemies":"Blue Slaver","floor":4,"turns":4},{"damage":1,"enemies":"Gremlin Nob","floor":6,"turns":3},{"damage":7,"enemies":"Large Slime","floor":7,"turns":5},{"damage":34,"enemies":"Lagavulin","floor":8,"turns":6},{"damage":18,"enemies":"Gremlin Nob","floor":12,"turns":5},{"damage":0,"enemies":"Red Slaver","floor":14,"turns":3},{"damage":14,"enemies":"Slime Boss","floor":16,"turns":7},{"damage":1,"enemies":"Shell Parasite","floor":18,"turns":7},{"damage":0,"enemies":"Chosen","floor":20,"turns":4},{"damage":7,"enemies":"Centurion and Healer","floor":21,"turns":5},{"damage":42,"enemies":"Slavers","floor":23,"turns":4},{"damage":41,"enemies":"Gremlin Leader","floor":25,"turns":7},{"damage":0,"enemies":"Snecko","floor":28,"turns":4},{"damage":0,"enemies":"Cultist and Chosen","floor":30,"turns":5},{"damage":9,"enemies":"Chosen and Byrds","floor":31,"turns":5},{"damage":96,"enemies":"Champ","floor":33,"turns":13}],"seed_played":"7004926708878551561","potions_obtained":[{"floor":1,"key":"FearPotion"},{"floor":6,"key":"SkillPotion"},{"floor":7,"key":"Regen Potion"},{"floor":8,"key":"Energy Potion"},{"floor":12,"key":"sneckomod:MuddlingPotion"},{"floor":20,"key":"Swift Potion"},{"floor":28,"key":"Strength Potion"}],"is_trial":false,"path_per_floor":["M","M","M","M","?","E","M","E","T","R","$","E","R","M","R","B",null,"M","$","M","M","$","E","R","E","T","R","M","?","M","M","R","B"],"character_chosen":"RobotSpaceExplorer","items_purchased":["RobotSpaceExplorer:FoglandsKnife","RobotSpaceExplorer:StunGrenade","RobotSpaceExplorer:PowerGlove","RobotSpaceExplorer:ScrapMissile","RobotSpaceExplorer:BigMissile","RobotSpaceExplorer:FreezeRay"],"campfire_rested":3,"item_purchase_floors":[11,11,19,19,19,22],"current_hp_per_floor":[75,75,75,73,73,72,65,57,57,57,57,39,39,39,65,51,89,88,88,88,81,81,39,65,24,24,50,50,89,89,80,80,0,0],"gold":120,"neow_bonus":"","is_daily":false,"chose_seed":false,"campfire_upgraded":2,"win_rate":0.0,"timestamp":1612197909,"path_taken":["M","M","M","M","?","E","M","E","T","R","$","E","R","M","R","BOSS","M","$","M","M","$","E","R","E","T","R","M","?","?","M","R","BOSS"],"items_purchased_type":["Relic","Card","Card","Card","Card","Card"],"build_version":"2020-12-22","purchased_purges":0,"victory":false,"max_hp_per_floor":[75,75,75,75,75,75,75,89,89,89,89,89,89,89,89,89,89,89,89,89,89,89,89,89,89,89,89,89,89,89,89,89,89,89],"card_choices":[{"not_picked":["RobotSpaceExplorer:FranticSearch","RobotSpaceExplorer:ImprovisedAttack"],"picked":"RobotSpaceExplorer:Electropulse","floor":1},{"not_picked":["RobotSpaceExplorer:ScrapShield","RobotSpaceExplorer:SwiftStep"],"picked":"RobotSpaceExplorer:SurgingShield","floor":2},{"not_picked":["RobotSpaceExplorer:Exploration","RobotSpaceExplorer:Counterblock"],"picked":"RobotSpaceExplorer:ScrapMissile","floor":3},{"not_picked":["RobotSpaceExplorer:Jetpack","RobotSpaceExplorer:RigExplosive"],"picked":"RobotSpaceExplorer:Probe","floor":4},{"not_picked":["RobotSpaceExplorer:Pulsar","RobotSpaceExplorer:SurgingStrike"],"picked":"RobotSpaceExplorer:Electroshield","floor":6},{"not_picked":["RobotSpaceExplorer:DoubleBlock","RobotSpaceExplorer:ShovelStrike"],"picked":"RobotSpaceExplorer:PowerGlove","floor":7},{"not_picked":["RobotSpaceExplorer:PowerGlove","RobotSpaceExplorer:Blitz"],"picked":"RobotSpaceExplorer:StarLightning","floor":8},{"not_picked":["RobotSpaceExplorer:SurgingShield","RobotSpaceExplorer:Probe"],"picked":"RobotSpaceExplorer:DroneSwarm","floor":12},{"not_picked":["RobotSpaceExplorer:GlueShot","RobotSpaceExplorer:SurgingShield"],"picked":"RobotSpaceExplorer:Pulsar","floor":14},{"not_picked":["RobotSpaceExplorer:Explosion","RobotSpaceExplorer:Accelerator"],"picked":"RobotSpaceExplorer:Blaster","floor":16},{"not_picked":["RobotSpaceExplorer:ShockKick","RobotSpaceExplorer:Electropulse"],"picked":"RobotSpaceExplorer:SurgingShield","floor":18},{"not_picked":["RobotSpaceExplorer:GlueShot","RobotSpaceExplorer:GlueSpray+1"],"picked":"RobotSpaceExplorer:ImprovisedAttack","floor":20},{"not_picked":["RobotSpaceExplorer:SurgingStrike","RobotSpaceExplorer:ScrapToss"],"picked":"RobotSpaceExplorer:ScrapMissile","floor":21},{"not_picked":["RobotSpaceExplorer:JunkDive","RobotSpaceExplorer:FranticSearch"],"picked":"RobotSpaceExplorer:SwiftStep+1","floor":23},{"not_picked":["RobotSpaceExplorer:Smokescreen+1","RobotSpaceExplorer:Blitz","RobotSpaceExplorer:Discharger+1","Infernal Blade"],"picked":"SKIP","floor":25},{"not_picked":["RobotSpaceExplorer:ShovelStrike+1","RobotSpaceExplorer:GlueShot","Iron Wave"],"picked":"RobotSpaceExplorer:StunGrenade","floor":28},{"not_picked":["RobotSpaceExplorer:ShovelStrike","RobotSpaceExplorer:GlueShot","Body Slam"],"picked":"RobotSpaceExplorer:Scanner","floor":30},{"not_picked":["RobotSpaceExplorer:SurgingShield","RobotSpaceExplorer:StunGrenade","Warcry"],"picked":"RobotSpaceExplorer:MiniDrones","floor":31}],"player_experience":381799,"relics_obtained":[{"floor":6,"key":"Anchor"},{"floor":8,"key":"Mango"},{"floor":12,"key":"Ice Cream"},{"floor":23,"key":"hubris:DisguiseKit"},{"floor":25,"key":"Bottled Flame"},{"floor":26,"key":"Matryoshka"}],"event_choices":[{"cards_removed":["RobotSpaceExplorer:FreezeRay"],"damage_healed":39,"gold_gain":0,"player_choice":"Offered Uncommon","damage_taken":0,"max_hp_gain":0,"max_hp_loss":0,"event_name":"Bonfire Elementals","floor":29,"gold_loss":0}],"is_beta":false,"boss_relics":[{"not_picked":["Ectoplasm","theForsaken:PaleLantern"],"picked":"hubris:Backtick"}],"items_purged_floors":[],"is_endless":false,"potions_floor_spawned":[1,6,7,8,12,20,25,28],"killed_by":"Champ","ascension_level":0}}