{"host":"vex7walpoxzv48nx","time":1612202857,"event":{"mods":["AchievementEnabler","BaseMod","Bestiary","Minty Spire (QoL Compilation)","Permanent Neow","Quick Restart","Relic Stats","UnlockEverythingMod"],"gold_per_floor":[119,119,17,38,52,86,47,47,47,47,47],"floor_reached":10,"language":"ENG","playtime":814,"items_purged":["Injury"],"score":116,"play_id":"93b8fa3f-a227-4c7f-ae7a-e57d01435776","local_time":"20210201190737","is_ascension_mode":true,"campfire_choices":[{"floor":8,"key":"REST"}],"circlet_count":0,"master_deck":["AscendersBane","Strike_G","Strike_G","Strike_G","Strike_G","Strike_G","Defend_G","Defend_G","Defend_G","Defend_G","Defend_G","Survivor","Neutralize","Die Die Die","Footwork","PiercingWail","Masterful Stab","Deadly Poison","Bouncing Flask"],"relics":["Ring of the Snake","Golden Idol","Shuriken","Eternal Feather"],"acts_visited":["Exordium"],"potions_floor_usage":[6],"damage_taken":[{"damage":0.0,"enemies":"Cultist","floor":1.0,"turns":4.0},{"damage":1.0,"enemies":"Small Slimes","floor":4.0,"turns":4.0},{"damage":2.0,"enemies":"Jaw Worm","floor":5.0,"turns":4.0},{"damage":40,"enemies":"3 Sentries","floor":6,"turns":13},{"damage":0,"enemies":"Lagavulin","floor":10,"turns":1}],"seed_played":"1760894856063824583","potions_obtained":[{"floor":1.0,"key":"EssenceOfSteel"},{"floor":5.0,"key":"Strength Potion"}],"is_trial":false,"path_per_floor":["M","?","$","M","M","E","?","R","T","E"],"character_chosen":"THE_SILENT","items_purchased":["PiercingWail"],"campfire_rested":1,"item_purchase_floors":[3],"current_hp_per_floor":[59,59,59,58,56,16,16,35,35,35,35],"gold":47,"neow_bonus":"ONE_RANDOM_RARE_CARD","is_daily":false,"chose_seed":false,"campfire_upgraded":0,"win_rate":0.0,"timestamp":1612202857,"path_taken":["M","?","$","M","M","E","?","R","T","E"],"items_purchased_type":["Card"],"build_version":"2020-12-22","purchased_purges":1,"victory":false,"max_hp_per_floor":[66,66,66,66,66,66,66,66,66,66,66],"relic_stats":{"counters":[5,26],"Golden Idol":14,"Shuriken":[0],"Eternal Feather":0,"obtain_stats":[{"Golden Idol":2,"Shuriken":6,"Eternal Feather":9,"Ring of the Snake":0},{"Golden Idol":1,"Shuriken":4,"Eternal Feather":4,"Ring of the Snake":0},{"Golden Idol":4,"Shuriken":25,"Eternal Feather":25,"Ring of the Snake":0}],"Ring of the Snake":[10]},"card_choices":[{"not_picked":["Cloak And Dagger","Prepared"],"picked":"Footwork","floor":1.0},{"not_picked":["Concentrate","Deflect"],"picked":"Masterful Stab","floor":4.0},{"not_picked":["Escape Plan","Reflex"],"picked":"Deadly Poison","floor":5.0},{"not_picked":["Quick Slash","Skewer"],"picked":"Bouncing Flask","floor":6}],"player_experience":254066,"relics_obtained":[{"floor":6,"key":"Shuriken"},{"floor":9,"key":"Eternal Feather"}],"event_choices":[{"damage_healed":0.0,"max_hp_gain":0.0,"max_hp_loss":0.0,"gold_gain":0.0,"event_name":"Golden Idol","player_choice":"Take Wound","floor":2.0,"gold_loss":0.0,"damage_taken":0.0,"relics_obtained":["Golden Idol"],"cards_obtained":["Injury"]},{"damage_healed":0,"gold_gain":0,"player_choice":"Left Gold","damage_taken":0,"max_hp_gain":0,"max_hp_loss":0,"event_name":"World of Goop","floor":7,"gold_loss":39}],"is_beta":false,"boss_relics":[],"items_purged_floors":[3],"is_endless":false,"potions_floor_spawned":[1,5],"killed_by":"Lagavulin","ascension_level":15}}