{"host":"gx7yyrn1gkym3qpb","time":1612160631,"event":{"mods":["AchievementEnabler","BaseMod","Better Altar","Better Match","Better Note","Better Sensory Stone","Better Skull","Better Third Choice","Highlight Path","Minty Spire (QoL Compilation)","Permanent Neow","Quick Restart","StSLib","Unceasing Turn Reminder"],"gold_per_floor":[115,130,140,157,157,157,183,183,207,42,42,61,91,119,131,217,229,259,289,301,327,339,351,363,363],"floor_reached":24,"language":"ENG","playtime":825,"items_purged":[],"score":443,"play_id":"8121bafb-4c7c-4295-b3ca-dfd2159929f4","local_time":"20210201012351","is_ascension_mode":true,"campfire_choices":[{"data":"Blade Dance","floor":6,"key":"SMITH"},{"data":"Dagger Spray","floor":8,"key":"SMITH"},{"data":"Caltrops","floor":11,"key":"SMITH"},{"data":"Die Die Die","floor":15,"key":"SMITH"},{"data":"Glass Knife","floor":23,"key":"SMITH"}],"circlet_count":0,"master_deck":["AscendersBane","Strike_G","Strike_G","Strike_G","Strike_G+1","Defend_G","Defend_G","Defend_G+1","Defend_G","Defend_G","Survivor","Neutralize+1","Footwork","Blade Dance+1","Backstab","Dagger Spray+1","Caltrops+1","Die Die Die+1","Glass Knife+1","Dash","Reflex"],"relics":["Ring of the Snake","Tiny Chest","Bag of Marbles","ClockworkSouvenir","MawBank","Black Star","Gremlin Horn"],"acts_visited":["Exordium","TheCity"],"potions_floor_usage":[7,16,16,19],"damage_taken":[{"damage":2,"enemies":"Small Slimes","floor":1,"turns":4},{"damage":0,"enemies":"2 Louse","floor":2,"turns":5},{"damage":0,"enemies":"Jaw Worm","floor":3,"turns":6},{"damage":1,"enemies":"Exordium Wildlife","floor":4,"turns":5},{"damage":8,"enemies":"Lagavulin","floor":7,"turns":5},{"damage":0,"enemies":"3 Louse","floor":12,"turns":1},{"damage":0,"enemies":"Gremlin Nob","floor":13,"turns":2},{"damage":0,"enemies":"Exordium Thugs","floor":14,"turns":2},{"damage":19,"enemies":"Slime Boss","floor":16,"turns":9},{"damage":17,"enemies":"2 Thieves","floor":18,"turns":3},{"damage":2,"enemies":"3 Byrds","floor":19,"turns":4},{"damage":6,"enemies":"Centurion and Healer","floor":21,"turns":6},{"damage":40,"enemies":"Gremlin Leader","floor":24,"turns":7}],"seed_played":"-7757192820807325995","potions_obtained":[{"floor":3,"key":"Fire Potion"},{"floor":4,"key":"SkillPotion"},{"floor":12,"key":"Regen Potion"},{"floor":18,"key":"AttackPotion"},{"floor":19,"key":"Energy Potion"}],"is_trial":false,"path_per_floor":["M","M","M","M","?","R","E","R","T","$","R","M","E","M","R","B",null,"M","M","?","M","?","R","E"],"character_chosen":"THE_SILENT","items_purchased":["ClockworkSouvenir"],"campfire_rested":0,"item_purchase_floors":[10],"current_hp_per_floor":[57,57,57,56,36,36,28,28,28,28,28,28,28,28,28,24,56,39,37,37,31,31,31,0,0],"gold":363,"neow_bonus":"UPGRADE_CARD","is_daily":false,"chose_seed":false,"campfire_upgraded":5,"win_rate":0.0,"timestamp":1612160631,"path_taken":["M","M","M","M","?","R","E","R","T","$","R","M","E","M","R","BOSS","M","M","?","M","?","R","E"],"items_purchased_type":["Relic"],"build_version":"2020-12-22","purchased_purges":0,"victory":false,"max_hp_per_floor":[66,66,66,66,66,66,66,66,66,66,66,66,66,66,66,66,66,66,66,66,66,66,66,66,66],"card_choices":[{"not_picked":["Flying Knee","Deflect"],"picked":"Footwork","floor":1},{"not_picked":["Bane","Infinite Blades"],"picked":"Blade Dance","floor":2},{"not_picked":["Bane","Choke"],"picked":"Backstab","floor":3},{"not_picked":["Deflect","Poisoned Stab"],"picked":"Dagger Spray","floor":4},{"not_picked":["Dagger Throw","Dagger Spray"],"picked":"Caltrops","floor":7},{"not_picked":["Cloak And Dagger","Deflect"],"picked":"Die Die Die","floor":12},{"not_picked":["Caltrops","Crippling Poison","Underhanded Strike"],"picked":"SKIP","floor":13},{"not_picked":["Cloak And Dagger","Underhanded Strike","Deflect"],"picked":"SKIP","floor":14},{"not_picked":["Bullet Time","Doppelganger"],"picked":"Glass Knife","floor":16},{"not_picked":["Quick Slash","Dagger Spray"],"picked":"Dash","floor":18},{"not_picked":["Dagger Throw","Underhanded Strike","Bane"],"picked":"SKIP","floor":19},{"not_picked":["Poisoned Stab","Slice+1","Flying Knee"],"picked":"SKIP","floor":21}],"player_experience":421697,"relics_obtained":[{"floor":7,"key":"Tiny Chest"},{"floor":9,"key":"Bag of Marbles"},{"floor":13,"key":"MawBank"}],"event_choices":[{"damage_healed":56,"gold_gain":0,"player_choice":"Upgrade","damage_taken":20,"max_hp_gain":0,"max_hp_loss":66,"event_name":"betterThird:BetterShining","floor":5,"gold_loss":0,"cards_upgraded":["Strike_G","Defend_G"]},{"damage_healed":0,"gold_gain":0,"player_choice":"Gave Potion","damage_taken":0,"relics_obtained":["Gremlin Horn"],"max_hp_gain":0,"max_hp_loss":0,"event_name":"WeMeetAgain","floor":20,"gold_loss":0},{"damage_healed":0,"gold_gain":0,"cards_transformed":["Strike_G"],"player_choice":"Transformed","damage_taken":0,"max_hp_gain":0,"max_hp_loss":0,"event_name":"Transmorgrifier","floor":22,"gold_loss":0,"cards_obtained":["Reflex"]}],"is_beta":false,"boss_relics":[{"not_picked":["Snecko Eye","Sozu"],"picked":"Black Star"}],"items_purged_floors":[],"is_endless":false,"potions_floor_spawned":[3,4,12,14,18,19],"killed_by":"Gremlin Leader","ascension_level":18}}