{"host":"u0qetpmu4y58k1tf","time":1612191139,"event":{"mods":["AchievementEnabler","BaseMod","Colored Map","Colored Powertips","Hermit","Marisa£¨Ùöéë¡¡Øª×âÞÞ£©","Minty Spire (QoL Compilation)","Replay The Spire","StSLib","SuperFastMode","The Bug Knight","The Cursed","The Hierophant","The Runesmith"],"gold_per_floor":[118,131,2,2,277,302,325,337,374,406,433,474,486,526,538,646,658,683,706,734,405,419,419,419,419],"floor_reached":24,"language":"KOR","playtime":861,"items_purged":["Strike_R","Strike_R"],"score":279,"play_id":"58b7e34b-ccf8-46e2-9084-d3f0d1cdca54","local_time":"20210201235219","is_ascension_mode":true,"campfire_choices":[{"data":"Rupture","floor":8,"key":"SMITH"},{"data":"Heavy Blade","floor":13,"key":"SMITH"},{"floor":15,"key":"REST"},{"floor":23,"key":"REST"}],"circlet_count":0,"master_deck":["Strike_R","Strike_R","Defend_R","Defend_R","Defend_R","Defend_R","Bash","Rupture+1","Heavy Blade+1","Regret","Warcry","Combust","Sword Boomerang","Hemokinesis","Exhume","Spot Weakness+1","Blood for Blood","Warcry","ReplayTheSpireMod:Private Reserves","Seeing Red"],"relics":["Burning Blood","NeowsBlessing","MawBank","Bag of Marbles","Blood Vial","Tiny Chest","Sozu","PrismaticShard"],"acts_visited":["Exordium","TheCity"],"potions_floor_usage":[11,14,18,18],"damage_taken":[{"damage":0,"enemies":"Small Slimes","floor":1,"turns":1},{"damage":0,"enemies":"Cultist","floor":2,"turns":1},{"damage":0,"enemies":"Gremlin Nob","floor":6,"turns":1},{"damage":3,"enemies":"2 Louse","floor":7,"turns":2},{"damage":9,"enemies":"Looter","floor":10,"turns":4},{"damage":15,"enemies":"Large Slime","floor":11,"turns":4},{"damage":43,"enemies":"3 Sentries","floor":12,"turns":5},{"damage":22,"enemies":"Lagavulin","floor":14,"turns":4},{"damage":48,"enemies":"Fading Forest","floor":16,"turns":11},{"damage":13,"enemies":"2 Thieves","floor":18,"turns":2},{"damage":25,"enemies":"3 Byrds","floor":19,"turns":4},{"damage":39,"enemies":"Cultist and Chosen","floor":20,"turns":5},{"damage":20,"enemies":"Centurion and Healer","floor":22,"turns":4},{"damage":43,"enemies":"Gremlin Leader","floor":24,"turns":2}],"seed_played":"-5493564654535532764","potions_obtained":[{"floor":2,"key":"FearPotion"},{"floor":6,"key":"Weak Potion"},{"floor":11,"key":"SteroidPotion"},{"floor":12,"key":"PowerPotion"}],"is_trial":false,"path_per_floor":["M","M","$","?","?","E","M","R","T","M","M","E","R","E","R","B",null,"M","M","M","$","M","R","E"],"character_chosen":"IRONCLAD","items_purchased":["Heavy Blade","PrismaticShard","ReplayTheSpireMod:Private Reserves"],"campfire_rested":2,"item_purchase_floors":[3,21,21],"current_hp_per_floor":[80,80,80,80,80,80,80,80,80,77,68,31,31,17,41,9,80,73,56,25,25,13,37,0,0],"gold":419,"neow_bonus":"THREE_ENEMY_KILL","is_daily":false,"chose_seed":false,"campfire_upgraded":2,"win_rate":0.0,"timestamp":1612191139,"path_taken":["M","M","$","?","?","E","?","R","T","?","M","E","R","E","R","BOSS","M","M","M","$","M","R","E"],"items_purchased_type":["Card","Relic","Card"],"build_version":"2020-12-22","purchased_purges":2,"victory":false,"max_hp_per_floor":[80,80,80,80,80,80,80,80,80,80,80,80,80,80,80,80,80,80,80,80,80,80,80,80,80],"card_choices":[{"not_picked":["Anger","Feel No Pain"],"picked":"Rupture","floor":1},{"not_picked":["Feel No Pain","Twin Strike","Uppercut"],"picked":"SKIP","floor":2},{"not_picked":["Shrug It Off","Headbutt","Twin Strike"],"picked":"SKIP","floor":6},{"not_picked":["Iron Wave","Heavy Blade"],"picked":"Warcry","floor":7},{"not_picked":["Heavy Blade","Thunderclap"],"picked":"Combust","floor":10},{"not_picked":["Clothesline","Armaments","Twin Strike"],"picked":"SKIP","floor":11},{"not_picked":["Abandon","Pommel Strike"],"picked":"Sword Boomerang","floor":12},{"not_picked":["Shrug It Off","ReplayTheSpireMod:LeadingStrike"],"picked":"Hemokinesis","floor":14},{"not_picked":["Replay:Many Hands","Fiend Fire"],"picked":"Exhume","floor":16},{"not_picked":["Dark Embrace","Clothesline"],"picked":"Spot Weakness+1","floor":18},{"not_picked":["Sever Soul","Body Slam"],"picked":"Blood for Blood","floor":19},{"not_picked":["Entrench","ReplayTheSpireMod:Stacked+1"],"picked":"Warcry","floor":20},{"not_picked":["Acceleration","Twin Strike"],"picked":"Seeing Red","floor":22}],"player_experience":69781,"relics_obtained":[{"floor":6,"key":"MawBank"},{"floor":9,"key":"Bag of Marbles"},{"floor":12,"key":"Blood Vial"},{"floor":14,"key":"Tiny Chest"}],"event_choices":[{"cards_removed":["Strike_R"],"damage_healed":0,"gold_gain":0,"player_choice":"Forget","damage_taken":0,"max_hp_gain":0,"max_hp_loss":0,"event_name":"Living Wall","floor":4,"gold_loss":0},{"damage_healed":0,"gold_gain":275,"player_choice":"Desecrate","damage_taken":0,"max_hp_gain":0,"max_hp_loss":0,"event_name":"Golden Shrine","floor":5,"gold_loss":0,"cards_obtained":["Regret"]}],"is_beta":false,"boss_relics":[{"not_picked":["Kintsugi","Snecko Eye"],"picked":"Sozu"}],"items_purged_floors":[3,21],"is_endless":false,"potions_floor_spawned":[2,6,11,12,19,22],"killed_by":"Gremlin Leader","ascension_level":3}}