{"host":"oehe2dxjvdgux73m","time":1612208805,"event":{"mods":["AchievementEnabler","BaseMod","Colored Map","Colored Powertips","DeckTracker","Keyboard Shortcuts","Minty Spire (QoL Compilation)","Permanent Neow","Quick Restart","StSLib","SuperFastMode"],"gold_per_floor":[116,116,132,148,248,292,292,328,397,411,411,96,126,169,169,169,169],"floor_reached":16,"language":"KOR","playtime":309,"items_purged":[],"score":212,"play_id":"e3de4a2b-a8b8-47f8-ad3e-69bdbd3bb33f","local_time":"20210202044645","is_ascension_mode":true,"campfire_choices":[{"floor":7.0,"key":"REST"},{"floor":11.0,"key":"REST"},{"data":"Perfected Strike","floor":15.0,"key":"SMITH"}],"circlet_count":0,"master_deck":["AscendersBane","Strike_R","Strike_R","Strike_R","Strike_R","Strike_R","Defend_R","Defend_R","Defend_R","Defend_R","Bash","Perfected Strike+1","Feel No Pain","Headbutt","Immolate","Twin Strike","Pommel Strike","Pommel Strike","Pommel Strike","Impervious","Wild Strike"],"relics":["Burning Blood","Prayer Wheel","Golden Idol","StoneCalendar","MealTicket","Mercury Hourglass","Calipers","Odd Mushroom","Nunchaku"],"acts_visited":["Exordium"],"potions_floor_usage":[16],"damage_taken":[{"damage":11.0,"enemies":"2 Louse","floor":1.0,"turns":3.0},{"damage":1.0,"enemies":"Cultist","floor":3.0,"turns":4.0},{"damage":16.0,"enemies":"Small Slimes","floor":4.0,"turns":3.0},{"damage":29.0,"enemies":"3 Sentries","floor":6.0,"turns":6.0},{"damage":29.0,"enemies":"Lagavulin","floor":8.0,"turns":6.0},{"damage":8.0,"enemies":"Blue Slaver","floor":10.0,"turns":2.0},{"damage":20.0,"enemies":"The Mushroom Lair","floor":13.0,"turns":4.0},{"damage":24.0,"enemies":"Gremlin Nob","floor":14.0,"turns":4.0},{"damage":16,"enemies":"The Guardian","floor":16,"turns":4}],"seed_played":"-7529342362962008577","potions_obtained":[{"floor":3.0,"key":"ColorlessPotion"},{"floor":6.0,"key":"FearPotion"},{"floor":8.0,"key":"EssenceOfSteel"},{"floor":14.0,"key":"CultistPotion"}],"is_trial":false,"path_per_floor":["M","?","M","M","?","E","R","E","T","M","R","$","?","E","R","B"],"character_chosen":"IRONCLAD","items_purchased":["Calipers"],"campfire_rested":2,"item_purchase_floors":[12],"current_hp_per_floor":[45,45,50,40,40,17,37,14,14,12,32,47,33,15,15,0,0],"gold":169,"neow_bonus":"ONE_RARE_RELIC","is_daily":false,"chose_seed":false,"campfire_upgraded":1,"win_rate":0.0,"timestamp":1612208805,"path_taken":["M","?","M","M","?","E","R","E","T","?","R","$","?","E","R","BOSS"],"items_purchased_type":["Relic"],"build_version":"2020-12-22","purchased_purges":0,"victory":false,"max_hp_per_floor":[75,68,68,68,68,68,68,68,68,68,68,68,68,68,68,68,68],"card_choices":[{"not_picked":["Iron Wave","Armaments"],"picked":"Perfected Strike","floor":1.0},{"not_picked":["Havoc","Cleave"],"picked":"Feel No Pain","floor":1.0},{"not_picked":["Whirlwind","Searing Blow"],"picked":"Headbutt","floor":3.0},{"not_picked":["Heavy Blade","Sword Boomerang"],"picked":"Immolate","floor":3.0},{"not_picked":["Cleave","Shrug It Off"],"picked":"Twin Strike","floor":4.0},{"not_picked":["Armaments","Berserk"],"picked":"Pommel Strike","floor":4.0},{"not_picked":["True Grit","Barricade"],"picked":"Pommel Strike","floor":6.0},{"not_picked":["Anger","Flex"],"picked":"Pommel Strike","floor":8.0},{"not_picked":["Sword Boomerang","Iron Wave"],"picked":"Impervious","floor":10.0},{"not_picked":["Warcry","Evolve","Searing Blow"],"picked":"SKIP","floor":10.0},{"not_picked":["Feel No Pain","Dual Wield"],"picked":"Wild Strike","floor":14.0}],"player_experience":350009,"relics_obtained":[{"floor":6.0,"key":"StoneCalendar"},{"floor":8.0,"key":"MealTicket"},{"floor":9.0,"key":"Mercury Hourglass"},{"floor":13.0,"key":"Odd Mushroom"},{"floor":14.0,"key":"Nunchaku"}],"event_choices":[{"damage_healed":0.0,"max_hp_gain":0.0,"max_hp_loss":7.0,"gold_gain":0.0,"event_name":"Golden Idol","player_choice":"Lose Max HP","floor":2.0,"gold_loss":0.0,"damage_taken":0.0,"relics_obtained":["Golden Idol"]},{"damage_healed":0.0,"max_hp_gain":0.0,"max_hp_loss":0.0,"gold_gain":100.0,"event_name":"Wheel of Change","player_choice":"Gold","floor":5.0,"gold_loss":0.0,"damage_taken":0.0},{"damage_healed":0.0,"max_hp_gain":0.0,"max_hp_loss":0.0,"gold_gain":0.0,"event_name":"Mushrooms","player_choice":"Fought Mushrooms","floor":13.0,"gold_loss":0.0,"damage_taken":0.0}],"is_beta":false,"boss_relics":[],"items_purged_floors":[],"is_endless":false,"potions_floor_spawned":[3,6,8,14],"killed_by":"The Guardian","ascension_level":16}}