{"host":"bd3tl98ed0kk4173","time":1612184337,"event":{"mods":["Arknights","Aspiration","BaseMod","Beaked The Cultist","Better Altar","Better Match","Better Note","Better Sensory Stone","Better Skull","Better Third Choice","BetterRewards","CapriCore","Colored Map","Colored Powertips","Conspire","Emptier Cage","Energized Spire","GifTheSpireLib","GungeonMod","Halation","HexUI Lib","Highlight Path","Hubris","Infinite Spire","Jorbs\u0027s Wanderer Trilogy","Minty Spire (QoL Compilation)","Permanent Neow","Quick Restart","Rare Cards Sparkle","Reliquary","Replay The Spire","SacredBarkPlus","Spicy Shops","StSLib","The Animator","The Blue Laboratory","The Death Knight","The Disciple","The Problem Sleuth","The Sage","The Valiant","[GremlinLeader]The Maniac","??????REMEMod"],"gold_per_floor":[112,112,135,135,145,145,179,179,252,268,30,30,30,48,48,151,151,166,126,145,145,145,145,145,145,169,169,169,199,80,80,80,178,178,194,244,244,244,264,297,297,297,323,323,376,401,413,525,537,549,561,573,585,624,636],"floor_reached":56,"language":"ENG","playtime":3715,"items_purged":[],"score":1233,"play_id":"3108c011-5a9b-4a62-abb1-55a7579870c2","local_time":"20210201075857","is_ascension_mode":false,"campfire_choices":[{"data":"maniac:AbyssShackle","floor":6.0,"key":"SMITH"},{"data":"maniac:HammerStrike","floor":12.0,"key":"SMITH"},{"data":"maniac:Assassinate","floor":23.0,"key":"SMITH"},{"data":"ReplayTheSpireMod:Black Plague","floor":25.0,"key":"SMITH"},{"data":"maniac:ExceedEnchantment","floor":27.0,"key":"SMITH"},{"data":"maniac:BurnBlood","floor":32,"key":"SMITH"},{"floor":41,"key":"RECALL"},{"floor":44,"key":"REST"}],"circlet_count":0,"master_deck":["maniac:Strike+1","maniac:Strike+1","maniac:Strike+1","maniac:Strike+1","maniac:Strike+1","maniac:Defend+1","maniac:Defend+1","maniac:Defend+1","maniac:Defend+1","maniac:BurnBlood+1","maniac:AbyssShackle+1","maniac:Assassinate+1","maniac:PanickyParry+1","maniac:WitnessTrueSorcery+1","maniac:HammerStrike+1","ReplayTheSpireMod:Black Plague+1","maniac:Refine+1","maniac:ExceedEnchantment+1","maniac:SorceryHour+1"],"relics":["maniac:DamagedAnvil","maniac:BrokenHorn","REME_ComplimentaryCards","aspiration:Nostalgia","Burning Blood","hubris:AstralHammer","halation:EternalFortune","aspiration:ArtOfWarUpgrade","Replay:Bottled Snecko","Thread and Needle","Anchor","hubris:Backtick","reliquary:Stiletto","aspiration:RitualStick","REME_HandOfSuture","halation:LostSnail","Busted Crown","Replay:Mystery Machine","aspiration:HummingbirdHeart","halation:ForbiddenBikini","StoneCalendar","DemoMod:Relodestone","aspiration:FetidBarrel","Bronze Scales","MawBank","Akabeko"],"acts_visited":["Exordium","TheCity","TheBeyond","TheEnding"],"potions_floor_usage":[29,35,55,55],"damage_taken":[{"damage":0.0,"enemies":"Cultist","floor":1.0,"turns":3.0},{"damage":8.0,"enemies":"Small Slimes","floor":5.0,"turns":3.0},{"damage":16.0,"enemies":"Gremlin Nob","floor":7.0,"turns":3.0},{"damage":3.0,"enemies":"conspire:RoseBush","floor":10.0,"turns":2.0},{"damage":0.0,"enemies":"2 Fungi Beasts","floor":14.0,"turns":2.0},{"damage":7.0,"enemies":"The Guardian","floor":16.0,"turns":5.0},{"damage":3.0,"enemies":"Chosen","floor":18.0,"turns":2.0},{"damage":3.0,"enemies":"2 Thieves","floor":20.0,"turns":4.0},{"damage":0,"enemies":"conspire:SneckoGhost","floor":29,"turns":5},{"damage":0,"enemies":"Champ","floor":33,"turns":2},{"damage":0,"enemies":"Orb Walker","floor":35,"turns":2},{"damage":0,"enemies":"Mind Bloom Boss Battle","floor":36,"turns":6},{"damage":0,"enemies":"3 Shapes","floor":39,"turns":3},{"damage":0,"enemies":"R_Hoarder","floor":40,"turns":4},{"damage":0,"enemies":"Writhing Mass","floor":46,"turns":4},{"damage":3,"enemies":"Replay:Hell Engine","floor":50,"turns":4},{"damage":3,"enemies":"Shield and Spear","floor":54,"turns":3},{"damage":4,"enemies":"The Heart","floor":55,"turns":5}],"seed_played":"-6683219724738489063","potions_obtained":[{"floor":7.0,"key":"blueLaboratory:RememoryPotion"},{"floor":16.0,"key":"Adrenaline Potion"},{"floor":18.0,"key":"blueLaboratory:StoneskinPotion"},{"floor":29,"key":"REME_GoldPotion"},{"floor":33,"key":"Fire Potion"},{"floor":39,"key":"LiquidBronze"}],"is_trial":false,"path_per_floor":["M","$","?","?","M","R","E","?","T","M","$","R","?","M","R_BF","B",null,"M","?","M","?","?","R","?","R","T","R","AVR","E","$","T","R","B",null,"M","?","?","?","M","E","R","AVR","T","R","T","M","?","?","R","B",null,"R","$","E","B",null],"character_chosen":"THE_MANIAC","items_purchased":["Thread and Needle","Anchor","aspiration:HummingbirdHeart"],"campfire_rested":1,"item_purchase_floors":[11,11,30],"current_hp_per_floor":[80,80,80,83,81,81,71,71,71,77,77,77,57,63,86,86,86,86,86,86,86,69,69,69,69,69,69,69,83,83,83,83,86,86,86,86,86,61,67,73,73,73,73,86,86,89,92,92,92,92,92,92,92,92,92],"gold":648,"neow_bonus":"NOSTALGIA","is_daily":false,"chose_seed":false,"campfire_upgraded":6,"win_rate":0.0,"timestamp":1612184337,"path_taken":["M","$","?","?","M","R","E","?","T","M","$","R","?","M","R_BF","BOSS","M","?","?","?","?","R","?","R","T","R","AVR","E","$","?","R","BOSS","M","?","?","?","?","E","R","AVR","T","R","?","M","?","?","R","BOSS","R","$","E","BOSS"],"items_purchased_type":["Relic","Relic","Relic"],"build_version":"2020-12-22","purchased_purges":0,"victory":true,"max_hp_per_floor":[80,80,80,83,83,83,83,83,83,86,86,86,86,86,86,86,86,86,86,86,86,86,86,86,86,86,86,86,86,86,86,86,86,86,86,86,86,86,86,86,86,86,86,86,86,89,92,92,92,92,92,92,92,92,92],"card_choices":[{"not_picked":["maniac:UntravelledPath","maniac:SecretBackups","maniac:Lacerate"],"picked":"SKIP","floor":1.0},{"not_picked":["maniac:Traceback","maniac:ColdHeart"],"picked":"maniac:Assassinate","floor":3.0},{"not_picked":["maniac:ListenToNone","maniac:Blastwave"],"picked":"maniac:PanickyParry","floor":5.0},{"not_picked":["maniac:TimeForm","maniac:FindAShortcut"],"picked":"maniac:WitnessTrueSorcery","floor":7.0},{"not_picked":["maniac:Assassinate","maniac:SpectralKnives"],"picked":"maniac:HammerStrike","floor":10.0},{"not_picked":["infinitespire:Punishment","hubris:InfiniteBlow"],"picked":"ReplayTheSpireMod:Black Plague","floor":13.0},{"not_picked":["maniac:DashForward","maniac:PanickyParry"],"picked":"maniac:Refine","floor":14.0},{"not_picked":["maniac:Collecting","maniac:ReachVictory"],"picked":"maniac:ExceedEnchantment","floor":16.0},{"not_picked":["maniac:MeleeStrike","maniac:Refine","maniac:ObscuredAttack"],"picked":"SKIP","floor":18.0},{"not_picked":["maniac:ShelteringEdge+1","maniac:UntravelledPath","maniac:BladeShoot"],"picked":"SKIP","floor":20.0},{"not_picked":["maniac:Refine"],"picked":"SKIP","floor":29},{"not_picked":["maniac:EndOfTheRoad+1"],"picked":"SKIP","floor":35},{"not_picked":[],"picked":"maniac:SorceryHour+1","floor":36},{"not_picked":["maniac:MortalSteel"],"picked":"SKIP","floor":39},{"not_picked":["maniac:MeleeStrike+1"],"picked":"SKIP","floor":40},{"not_picked":["maniac:BladeShoot"],"picked":"SKIP","floor":46},{"not_picked":["maniac:TorturousScreams"],"picked":"SKIP","floor":54}],"player_experience":93347,"relics_obtained":[{"floor":3.0,"key":"hubris:AstralHammer"},{"floor":7.0,"key":"Art of War"},{"floor":9.0,"key":"Replay:Bottled Snecko"},{"floor":10.0,"key":"halation:EternalFortune"},{"floor":26.0,"key":"DemoMod:WeirdEgg"},{"floor":29,"key":"Replay:Mystery Machine"},{"floor":36,"key":"StoneCalendar"},{"floor":40,"key":"DemoMod:Relodestone"},{"floor":43,"key":"Bronze Scales"},{"floor":45,"key":"MawBank"},{"floor":46,"key":"halation:EternalFortune"},{"floor":54,"key":"Akabeko"}],"event_choices":[{"damage_healed":0.0,"max_hp_gain":0.0,"max_hp_loss":0.0,"gold_gain":0.0,"event_name":"Designer","player_choice":"Upgraded Two","floor":19.0,"gold_loss":40.0,"damage_taken":0.0,"cards_upgraded":["maniac:Strike","maniac:WitnessTrueSorcery"]},{"cards_removed":["maniac:HammerStrike"],"damage_healed":0.0,"max_hp_gain":0.0,"max_hp_loss":0.0,"gold_gain":0.0,"event_name":"betterNote:BetterNote","player_choice":"Give","floor":21.0,"gold_loss":0.0,"damage_taken":0.0,"cards_obtained":["stsjorbsmod:Concentrate"]},{"damage_healed":0.0,"max_hp_gain":0.0,"max_hp_loss":8.0,"gold_gain":0.0,"event_name":"betterThird:BetterWriting","player_choice":"Simplicity","floor":24.0,"gold_loss":0.0,"damage_taken":0.0},{"damage_healed":0,"gold_gain":0,"player_choice":"Fight","damage_taken":0,"max_hp_gain":0,"max_hp_loss":0,"event_name":"MindBloom","floor":36,"gold_loss":0},{"damage_healed":0,"gold_gain":0,"player_choice":"Leave","damage_taken":0,"max_hp_gain":0,"max_hp_loss":0,"event_name":"conspire:Investor","floor":37,"gold_loss":0},{"damage_healed":0,"gold_gain":100,"player_choice":"Pray","damage_taken":0,"max_hp_gain":0,"max_hp_loss":0,"event_name":"Golden Shrine","floor":48,"gold_loss":0}],"is_beta":false,"boss_relics":[{"not_picked":["Philosopher\u0027s Stone","energizedSpire:MagnifyingGlass"],"picked":"hubris:Backtick"},{"not_picked":["REME_DuelDisc","halation:PlatinumPhoenix"],"picked":"halation:ForbiddenBikini"}],"items_purged_floors":[],"is_endless":false,"potions_floor_spawned":[7,16,18,29,33,39,46],"ascension_level":0}}