{"host":"roto7j7840a50pxh","time":1612172184,"event":{"mods":["Act Like it!","BaseMod","Better Altar","Better Note","Better Sensory Stone","Better Skull","Better Third Choice","BetterRewards","Colored Map","Colored Powertips","Downfall","Hermit","Highlight Path","Hubris","Infinite Spire","Minty Spire (QoL Compilation)","Replay The Spire","Shade Mod","Spicy Shops","StSLib","The Construct","The Hierophant","The Necromancer"],"gold_per_floor":[99,114,129,141,141,42,65,81,81,111,111,111,111,130,150,254,254,339,356,376,390,406,406,406,215,215,230,241,251,251,280,299,401,401,401,415,427,447,347,358,381,409,409,440,450,450,484,384,400,400],"floor_reached":51,"language":"ENG","playtime":4843,"items_purged":["Decay"],"score":936,"play_id":"d55b788d-1ea0-4561-89dd-4ca4d66d4e09","local_time":"20210201043624","is_ascension_mode":true,"campfire_choices":[{"data":"bronze:SpaghettiCode","floor":1.0,"key":"SMITH"},{"data":"bronze:Repulsor","floor":9.0,"key":"SMITH"},{"data":"bronze:ItsAFeature","floor":11.0,"key":"SMITH"},{"data":"bronze:Return","floor":13.0,"key":"SMITH"},{"data":"bronze:GetLatest","floor":26.0,"key":"SMITH"},{"data":"bronze:BugBarrage","floor":30.0,"key":"SMITH"},{"data":"expansioncontent:AwakenDeath","floor":35.0,"key":"SMITH"},{"data":"bronze:SpaghettiCode","floor":48,"key":"SMITH"}],"circlet_count":0,"master_deck":["bronze:Strike","bronze:Strike","bronze:Strike","bronze:Defend","bronze:Defend","bronze:Defend","bronze:Defend+1","bronze:Replicate","bronze:Goto","bronze:SpaghettiCode+1","bronze:BugBarrage","bronze:ItsAFeature+1","bronze:Repulsor+1","bronze:SpaghettiCode+1","bronze:FollowUp","bronze:MaxOutput","bronze:Separator","bronze:BugBarrage+1","bronze:WildBeam","bronze:Return+1","bronze:BuggyMess+1","bronze:Overheat","bronze:ShipIt","bronze:GetLatest+1","bronze:Repair+1","bronze:ChildClass+1","bronze:Boost","bronze:BugBarrage+1","bronze:ItsAFeature","bronze:Fortify+1","bronze:Shell+1","bronze:BitShift","bronze:WildBeam","expansioncontent:AwakenDeath+1","bronze:SpaghettiCode+1","bronze:Break","bronze:Frontload+1","bronze:Overheat+1","bronze:WildBeam+1","infinitespire:Gouge","infinitespire:Punishment","bronze:BuggyMess+1","bronze:FindAndReplace","bronze:FollowUp+1"],"relics":["bronze:BronzeCore","ReplayFunnel","hubris:OldNail","ChewingGum","White Beast Statue","Lee\u0027s Waffle","hubris:Backtick","hubris:Potato","Strawberry","Replay:Mystery Machine","Replay:Ringing Soul","bronze:PlatinumCore","infinitespire:WardingShard","downfall:HeartBlessingGreen"],"acts_visited":["Exordium","TheCity","TheBeyond"],"potions_floor_usage":[44],"damage_taken":[{"damage":0.0,"enemies":"2 Louse","floor":2.0,"turns":2.0},{"damage":0.0,"enemies":"Cultist","floor":3.0,"turns":2.0},{"damage":7.0,"enemies":"Small Slimes","floor":4.0,"turns":3.0},{"damage":0.0,"enemies":"downfall:FleeingMerchant","floor":6.0,"turns":4.0},{"damage":0.0,"enemies":"Exordium Wildlife","floor":8.0,"turns":4.0},{"damage":0.0,"enemies":"Gremlin Nob","floor":10.0,"turns":2.0},{"damage":15.0,"enemies":"Lots of Slimes","floor":14.0,"turns":2.0},{"damage":0.0,"enemies":"Gremlin Gang","floor":15.0,"turns":1.0},{"damage":0.0,"enemies":"SI_SHIV_ARCHETYPE","floor":16.0,"turns":9.0},{"damage":14.0,"enemies":"Spheric Guardian","floor":19.0,"turns":4.0},{"damage":0.0,"enemies":"3 Cultists","floor":20.0,"turns":4.0},{"damage":14.0,"enemies":"Shelled Parasite and Fungi","floor":21.0,"turns":3.0},{"damage":9.0,"enemies":"Centurion and Healer","floor":22.0,"turns":4.0},{"damage":2.0,"enemies":"downfall:FleeingMerchant","floor":25.0,"turns":4.0},{"damage":9.0,"enemies":"Snake Plant","floor":27.0,"turns":3.0},{"damage":3.0,"enemies":"Snecko","floor":28.0,"turns":3.0},{"damage":3.0,"enemies":"Centurion and Healer","floor":29.0,"turns":4.0},{"damage":0.0,"enemies":"downfall:FleeingMerchant","floor":31.0,"turns":4.0},{"damage":18.0,"enemies":"Shelled Parasite and Fungi","floor":32.0,"turns":5.0},{"damage":2.0,"enemies":"WA_ARCHETYPE_CALM","floor":33.0,"turns":9.0},{"damage":8.0,"enemies":"3 Darklings","floor":36.0,"turns":4.0},{"damage":0.0,"enemies":"3 Shapes","floor":37.0,"turns":2.0},{"damage":13.0,"enemies":"Writhing Mass","floor":38.0,"turns":4.0},{"damage":0.0,"enemies":"Maw","floor":40.0,"turns":8.0},{"damage":29.0,"enemies":"Nemesis","floor":42.0,"turns":5.0},{"damage":9,"enemies":"Reptomancer","floor":44,"turns":2},{"damage":0,"enemies":"4 Shapes","floor":45,"turns":2},{"damage":0,"enemies":"Giant Head","floor":47,"turns":3},{"damage":0,"enemies":"Transient","floor":49,"turns":5},{"damage":50,"enemies":"DF_ARCHETYPE_ORBS","floor":50,"turns":4}],"seed_played":"2238307698619446142","potions_obtained":[{"floor":2.0,"key":"Strength Potion"},{"floor":3.0,"key":"ColorlessPotion"},{"floor":10.0,"key":"Strength Potion"},{"floor":16.0,"key":"SpeedPotion"},{"floor":21.0,"key":"SkillPotion"},{"floor":22.0,"key":"Adrenaline Potion"},{"floor":27.0,"key":"bronze:CleanCodePotion"},{"floor":28.0,"key":"SkillPotion"},{"floor":29.0,"key":"FairyPotion"},{"floor":31.0,"key":"sneckomod:MuddlingPotion"},{"floor":32.0,"key":"Elixir"},{"floor":33.0,"key":"bronze:BurnAndBuffPotion"},{"floor":37.0,"key":"DuplicationPotion"},{"floor":42.0,"key":"Languid Potion"},{"floor":44,"key":"Swift Potion"},{"floor":45,"key":"AttackPotion"}],"is_trial":false,"path_per_floor":["R","M","M","M","?","$","T","M","R","E","R","?","R","M","M","B",null,"R_BF","M","M","M","M","?","T","$","R","M","M","M","R","$","M","B",null,"R","M","M","M","NS","M","T","E","AVR","E","M","?","E","R","M","B",null],"character_chosen":"THE_AUTOMATON","items_purchased":["bronze:MaxOutput","bronze:Separator","bronze:BugBarrage+1","Lee\u0027s Waffle","bronze:ItsAFeature","bronze:WildBeam","expansioncontent:AwakenDeath"],"campfire_rested":0,"item_purchase_floors":[6,6,25,25,25,31,31],"current_hp_per_floor":[70,70,70,63,63,63,63,63,63,63,63,63,63,48,48,48,70,70,56,56,52,53,53,53,77,77,77,74,77,77,77,69,77,77,77,69,69,66,66,76,83,64,67,58,61,64,77,77,87,47],"gold":400,"neow_bonus":"ONE_RANDOM_RARE_CARD","is_daily":false,"chose_seed":false,"campfire_upgraded":8,"win_rate":0.0,"timestamp":1612172184,"path_taken":["R","M","M","M","?","$","T","?","R","E","R","?","R","M","M","BOSS","R_BF","M","M","M","M","?","T","$","R","?","M","M","R","$","M","BOSS","R","M","?","M","NS","M","T","E","AVR","E","M","?","E","R","M","BOSS"],"items_purchased_type":["Card","Card","Card","Relic","Card","Card","Card"],"build_version":"2020-12-22","purchased_purges":1,"victory":true,"max_hp_per_floor":[70,70,70,70,70,70,70,70,70,70,70,70,70,70,70,70,70,70,70,70,70,70,70,70,77,77,77,77,77,77,77,77,77,77,77,77,77,77,77,77,84,84,87,87,90,93,96,96,96,96],"card_choices":[{"not_picked":["bronze:BuggyMess","bronze:GetLatest"],"picked":"bronze:BugBarrage","floor":2.0},{"not_picked":["bronze:Branch","bronze:Terminator"],"picked":"bronze:ItsAFeature","floor":3.0},{"not_picked":["bronze:MaxOutput","bronze:Deprecate"],"picked":"bronze:Repulsor","floor":4.0},{"not_picked":["bronze:Constructor","bronze:WhirlingStrike"],"picked":"bronze:FollowUp","floor":6.0},{"not_picked":["bronze:DelayedGuard","bronze:Constructor"],"picked":"bronze:BugBarrage","floor":8.0},{"not_picked":["bronze:HyperBeam","bronze:Invalidate"],"picked":"bronze:WildBeam","floor":10.0},{"not_picked":["bronze:InfiniteBeams","bronze:FineTuning"],"picked":"bronze:BuggyMess","floor":14.0},{"not_picked":["bronze:InfiniteBeams","bronze:ForLoop"],"picked":"bronze:Overheat","floor":15.0},{"not_picked":["bronze:AlphaBuild","bronze:ThunderWave"],"picked":"bronze:ShipIt","floor":16.0},{"not_picked":["bronze:Constructor","bronze:Invalidate"],"picked":"bronze:GetLatest","floor":19.0},{"not_picked":["bronze:DelayedSlice","bronze:DarkDash"],"picked":"bronze:Repair+1","floor":20.0},{"not_picked":["bronze:CloningBeam","bronze:Shell"],"picked":"bronze:ChildClass+1","floor":21.0},{"not_picked":["bronze:DelayedGuard","bronze:OilSpill"],"picked":"bronze:Boost","floor":22.0},{"not_picked":["bronze:Frontload","bronze:Verify"],"picked":"bronze:Iterate+1","floor":25.0},{"not_picked":["bronze:Shield","bronze:Boost+1"],"picked":"bronze:Fortify+1","floor":27.0},{"not_picked":["bronze:WhirlingStrike","bronze:ForLoop"],"picked":"bronze:Shell+1","floor":28.0},{"not_picked":["bronze:Shield","bronze:Invalidate+1"],"picked":"bronze:BitShift","floor":29.0},{"not_picked":["bronze:ChosenStrike","bronze:Overheat"],"picked":"bronze:Deprecate+1","floor":31.0},{"not_picked":["bronze:Return","bronze:Overheat"],"picked":"bronze:SpaghettiCode","floor":32.0},{"not_picked":["bronze:Virus","bronze:ThunderWave"],"picked":"bronze:Break","floor":33.0},{"not_picked":["bronze:Turbo","bronze:FineTuning"],"picked":"bronze:Frontload+1","floor":36.0},{"not_picked":["bronze:Overload+1","bronze:Safeguard+1","bronze:DelayedGuard"],"picked":"SKIP","floor":37.0},{"not_picked":["bronze:CleanCode","bronze:ForLoop+1"],"picked":"bronze:Overheat+1","floor":38.0},{"not_picked":["bronze:DarkDash","bronze:DelayedGuard"],"picked":"bronze:WildBeam+1","floor":40.0},{"not_picked":["bronze:ChosenStrike","bronze:WildBeam","bronze:BronzeOrb"],"picked":"SKIP","floor":42.0},{"not_picked":["bronze:HardenedForm","bronze:Turbo+1","bronze:BuggyMess"],"picked":"SKIP","floor":44},{"not_picked":["bronze:NullPointer+1","bronze:WildBeam"],"picked":"bronze:BuggyMess+1","floor":45},{"not_picked":["bronze:WhirlingStrike","bronze:DelayedGuard"],"picked":"bronze:FollowUp+1","floor":47},{"not_picked":["bronze:FineTuning","bronze:OilSpill+1","bronze:WildBeam+1"],"picked":"SKIP","floor":49}],"player_experience":1513846,"relics_obtained":[{"floor":7.0,"key":"ReplayFunnel"},{"floor":10.0,"key":"hubris:OldNail"},{"floor":24.0,"key":"White Beast Statue"},{"floor":41.0,"key":"Strawberry"},{"floor":42.0,"key":"Replay:Mystery Machine"},{"floor":44,"key":"War Paint"},{"floor":47,"key":"infinitespire:WardingShard"}],"event_choices":[{"damage_healed":0.0,"max_hp_gain":0.0,"max_hp_loss":0.0,"gold_gain":0.0,"cards_transformed":["bronze:Strike"],"event_name":"Living Wall","player_choice":"Change","floor":12.0,"gold_loss":0.0,"damage_taken":0.0,"cards_obtained":["bronze:Return"]},{"cards_removed":["bronze:Repulsor"],"damage_healed":0.0,"max_hp_gain":0.0,"max_hp_loss":0.0,"gold_gain":0.0,"event_name":"betterNote:BetterNote","player_choice":"Give","floor":23.0,"gold_loss":0.0,"damage_taken":0.0,"cards_obtained":["champ:MurderStrike"]}],"is_beta":false,"boss_relics":[{"not_picked":["hubris:Stopwatch","Fusion Hammer"],"picked":"ChewingGum"},{"not_picked":["hubris:ScarierMask","hubris:BlackHole"],"picked":"hubris:Backtick"}],"items_purged_floors":[43],"is_endless":false,"potions_floor_spawned":[2,3,10,16,21,22,25,27,28,29,31,32,33,36,37,38,40,42,44,45,47,49],"ascension_level":1}}