{"host":"7tqog9fnhs0gxmti","time":1612177439,"event":{"mods":["AchievementEnabler","Act Like it!","Astrologer","BaseMod","Beaked The Cultist","CapriCore","Colored Map","Colored Powertips","Downfall","Hermit","Highlight Path","Koishi","Marisa????????","Minty Spire (QoL Compilation)","Quick Restart","Random Character Button","Rare Cards Sparkle","Robot Space Explorer","Smile Girya","StSLib","The Bug Knight","The Construct","The Cursed","The Disciple","The Gatherer","The Hayseed","The Marked","everything is the same but u backflip on backflip"],"gold_per_floor":[99,118,118,136,153,153,180,13,72,72,83,83,83,95,114,210,210,210,228,245,245,245,273,273,273,286,286,386,15,15,27,27,27,27],"floor_reached":32,"language":"ENG","playtime":1350,"items_purged":["downfall:Malfunctioning"],"score":250,"play_id":"12a61422-51e0-4cce-9ffc-95cda84ce581","local_time":"20210201190359","is_ascension_mode":false,"campfire_choices":[{"data":"Slimebound:Split","floor":1.0,"key":"SMITH"},{"data":"Slimebound:LivingWall","floor":10.0,"key":"SMITH"},{"floor":12.0,"key":"REST"},{"data":"Slimebound:MassFeed","floor":18.0,"key":"SMITH"},{"floor":25.0,"key":"REST"},{"data":"expansioncontent:StudyTheSpire","floor":30.0,"key":"SMITH"}],"circlet_count":0,"master_deck":["Slimebound:Strike_Slimebound","Slimebound:Strike_Slimebound","Slimebound:Tackle","Slimebound:Defend_Slimebound+1","Slimebound:Defend_Slimebound","Slimebound:Defend_Slimebound","Slimebound:Defend_Slimebound","Slimebound:Split+1","Slimebound:CorrosiveSpit","Slimebound:LeadByExample","Slimebound:Dissolve","Slimebound:LivingWall+1","Slimebound:SplitMire","Slimebound:SplitMire+1","Slimebound:Schlurp","Slimebound:HauntingLick+1","Slimebound:LeechingTouch","Slimebound:GoopSpray","Slimebound:MassFeed+1","Slimebound:PressTheAttack","Slimebound:Prepare+1","Slimebound:SplitMire","Slimebound:SlimeSpikes","Slimebound:SlimeSpikes","Slimebound:Overexert","Slimebound:SpikyOuterGoop","expansioncontent:StudyTheSpire+1"],"relics":["Slimebound:AbsorbEndCombat","Regal Pillow","downfall:ShatteredFragment","Membership Card","Potion Belt","downfall:RedIOU","Nloth\u0027s Gift","Omamori","Bronze Scales","TungstenRod","The Courier","Singing Bowl","Orichalcum"],"acts_visited":["Exordium","TheCity"],"potions_floor_usage":[],"damage_taken":[{"damage":11.0,"enemies":"Small Slimes","floor":2.0,"turns":3.0},{"damage":1.0,"enemies":"Cultist","floor":4.0,"turns":3.0},{"damage":0.0,"enemies":"Jaw Worm","floor":5.0,"turns":5.0},{"damage":13.0,"enemies":"downfall:FleeingMerchant","floor":8.0,"turns":4.0},{"damage":27.0,"enemies":"Lagavulin Event","floor":9.0,"turns":4.0},{"damage":0.0,"enemies":"2 Fungi Beasts","floor":11.0,"turns":3.0},{"damage":10.0,"enemies":"Exordium Wildlife","floor":14.0,"turns":4.0},{"damage":6.0,"enemies":"Gremlin Gang","floor":15.0,"turns":4.0},{"damage":15.0,"enemies":"IC_STATUS_ARCHETYPE","floor":16.0,"turns":5.0},{"damage":3.0,"enemies":"Shell Parasite","floor":19.0,"turns":5.0},{"damage":14.0,"enemies":"Centurion and Healer","floor":20.0,"turns":7.0},{"damage":43.0,"enemies":"Book of Stabbing","floor":23.0,"turns":6.0},{"damage":20.0,"enemies":"Snecko","floor":26.0,"turns":5.0},{"damage":29.0,"enemies":"DF_ARCHETYPE_STREAMLINE","floor":28.0,"turns":9.0},{"damage":8.0,"enemies":"downfall:FleeingMerchant","floor":29.0,"turns":4.0},{"damage":3.0,"enemies":"Snake Plant","floor":31.0,"turns":4.0},{"damage":0,"enemies":"3 Cultists","floor":32,"turns":1}],"seed_played":"-2641268956683314890","potions_obtained":[{"floor":2.0,"key":"Block Potion"},{"floor":4.0,"key":"Energy Potion"},{"floor":9.0,"key":"CultistPotion"},{"floor":14.0,"key":"AttackPotion"},{"floor":16.0,"key":"PowerPotion"},{"floor":20.0,"key":"Strength Potion"},{"floor":23.0,"key":"Fire Potion"},{"floor":28.0,"key":"BlessingOfTheForge"}],"is_trial":false,"path_per_floor":["R","M","?","M","M","?","T","$","?","R","M","R","?","M","M","B",null,"R","M","M","?","?","E","T","R","M","?","?","$","R","M","M"],"character_chosen":"SLIMEBOUND","items_purchased":["Membership Card","Singing Bowl","Slimebound:SlimeSpikes","Slimebound:Overexert","Slimebound:SpikyOuterGoop","Orichalcum","expansioncontent:StudyTheSpire"],"campfire_rested":2,"item_purchase_floors":[8,29,29,29,29,29,29],"current_hp_per_floor":[65,58,58,63,65,47,47,42,23,23,27,61,61,59,57,50,65,65,68,61,61,61,26,26,62,50,50,29,29,29,34,34,34,34],"gold":27,"neow_bonus":"RANDOM_COMMON_RELIC","is_daily":false,"chose_seed":false,"campfire_upgraded":4,"win_rate":0.0,"timestamp":1612177439,"path_taken":["R","M","?","M","?","?","T","$","?","R","M","R","?","M","M","BOSS","R","M","M","?","?","E","T","R","?","?","?","?","R","?","M"],"items_purchased_type":["Relic","Relic","Card","Card","Card","Relic","Card"],"build_version":"2020-12-22","purchased_purges":1,"victory":false,"max_hp_per_floor":[65,65,65,65,65,65,65,65,65,65,65,65,65,65,65,65,65,65,69,73,73,73,73,73,73,73,73,73,73,73,75,75,75,75],"card_choices":[{"not_picked":["Slimebound:GoopTackle","Slimebound:Replication"],"picked":"Slimebound:LeadByExample","floor":2.0},{"not_picked":["Slimebound:GoopTackle","Slimebound:SplitBruiser"],"picked":"Slimebound:LivingWall","floor":4.0},{"not_picked":["Slimebound:SplitAcid","Slimebound:HauntingLick"],"picked":"Slimebound:SplitMire","floor":5.0},{"not_picked":["Slimebound:GoopSpray","Slimebound:LeechingTouch"],"picked":"Slimebound:SplitMire","floor":8.0},{"not_picked":["Slimebound:Grow","Slimebound:ViciousTackle"],"picked":"Slimebound:Schlurp","floor":9.0},{"not_picked":["Slimebound:LeadByExample","Slimebound:SplitAcid"],"picked":"Slimebound:HauntingLick","floor":11.0},{"not_picked":["Slimebound:ProtectTheBoss","Slimebound:ServeAndProtect"],"picked":"Slimebound:LeechingTouch","floor":14.0},{"not_picked":["Slimebound:Schlurp","Slimebound:LivingWall"],"picked":"Slimebound:GoopSpray","floor":15.0},{"not_picked":["Slimebound:LeechLife","Slimebound:CheckThePlaybook"],"picked":"Slimebound:MassFeed","floor":16.0},{"not_picked":["Slimebound:LivingWall","Slimebound:Recollect"],"picked":"Slimebound:PressTheAttack","floor":19.0},{"not_picked":["Slimebound:SlimeBrawl","Slimebound:FinishingTackle+1","Slimebound:Dissolve+1"],"picked":"SKIP","floor":20.0},{"not_picked":["Slimebound:SlimeTap","Slimebound:WasteNot"],"picked":"Slimebound:Prepare+1","floor":23.0},{"not_picked":["Slimebound:SplitBruiser","Slimebound:LeechEnergy+1"],"picked":"Slimebound:SplitMire","floor":26.0},{"not_picked":["Slimebound:SamplingLick","Slimebound:SplitLeeching"],"picked":"Slimebound:SlimeSpikes","floor":29.0},{"not_picked":["Slimebound:SamplingLick","Slimebound:SplitBruiser","Slimebound:SlimeSpikes"],"picked":"Singing Bowl","floor":31.0}],"player_experience":920716,"relics_obtained":[{"floor":7.0,"key":"Nunchaku"},{"floor":9.0,"key":"Potion Belt"},{"floor":23.0,"key":"Omamori"},{"floor":24.0,"key":"Bronze Scales"},{"floor":28.0,"key":"TungstenRod"},{"floor":28.0,"key":"The Courier"}],"event_choices":[{"damage_healed":0.0,"max_hp_gain":0.0,"max_hp_loss":0.0,"gold_gain":0.0,"event_name":"Vampires","player_choice":"Ignored","floor":27.0,"gold_loss":0.0,"damage_taken":0.0}],"is_beta":false,"boss_relics":[{"not_picked":["Busted Crown","Runic Dome"],"picked":"construct:ClawGrip"}],"items_purged_floors":[29],"is_endless":false,"potions_floor_spawned":[2,4,9,14,16,20,23,28],"killed_by":"3 Cultists","ascension_level":0}}