{"host":"aaqofma31c3gm2hj","time":1612172173,"event":{"mods":["BaseMod","GungeonMod","Minty Spire (QoL Compilation)","Replay The Spire","Spicy Shops","StSLib"],"gold_per_floor":[111,36,36,94,109,138,138,148,148,148,201,83,94,94,105,105,121,121,251,251,281,307,307,307,333,333,333],"floor_reached":26,"language":"ZHS","playtime":651,"items_purged":["DemoMod:Strike_Huntress","Pain"],"score":245,"play_id":"b282275c-3e87-44e3-a744-1293e0d8401f","local_time":"20210201173613","is_ascension_mode":true,"campfire_choices":[{"floor":7.0,"key":"RECALL"},{"data":"DemoMod:PotionOfGunFriendShip","floor":9.0,"key":"SMITH"},{"data":"DemoMod:DoubleVision","floor":16.0,"key":"SMITH"},{"data":"DemoMod:ManualReload","floor":18.0,"key":"SMITH"},{"data":"DemoMod:SuppressiveFire","floor":26,"key":"SMITH"}],"circlet_count":0,"master_deck":["DemoMod:Strike_Huntress","DemoMod:Defend_Huntress","DemoMod:Defend_Huntress","DemoMod:Defend_Huntress","DemoMod:Defend_Huntress","DemoMod:Roll","DemoMod:ManualReload+1","DemoMod:RustySidearm","DemoMod:CrossBow","DemoMod:Camera","DemoMod:PotionOfGunFriendShip+1","DemoMod:AWP","DemoMod:DoubleVision+1","DemoMod:SuppressiveFire+1"],"relics":["DemoMod:Dog","NeowsBlessing","DemoMod:CrisisStone","ReplayTheSpireMod:Shallot","Smiling Mask","WarpedTongs","ReplayTheSpireMod:TigerMarble","Replay:Bandana","DemoMod:Test1"],"acts_visited":["Exordium","TheCity"],"potions_floor_usage":[],"damage_taken":[{"damage":0.0,"enemies":"Cultist","floor":1.0,"turns":1.0},{"damage":0.0,"enemies":"2 Louse","floor":5.0,"turns":1.0},{"damage":0.0,"enemies":"Lagavulin","floor":6.0,"turns":2.0},{"damage":0.0,"enemies":"Jaw Worm","floor":8.0,"turns":3.0},{"damage":0.0,"enemies":"Large Slime","floor":13.0,"turns":5.0},{"damage":0.0,"enemies":"Red Slaver","floor":15.0,"turns":3.0},{"damage":0.0,"enemies":"Blue Slaver","floor":17.0,"turns":2.0},{"damage":32.0,"enemies":"Hexaghost","floor":19.0,"turns":7.0},{"damage":0,"enemies":"2 Thieves","floor":21,"turns":2},{"damage":2,"enemies":"Shell Parasite","floor":22,"turns":5},{"damage":8,"enemies":"Sentry and Sphere","floor":25,"turns":3}],"seed_played":"-4550129756343541341","potions_obtained":[{"floor":1.0,"key":"Energy Potion"},{"floor":4.0,"key":"Block Potion"},{"floor":6.0,"key":"Dexterity Potion"},{"floor":19.0,"key":"Swift Potion"}],"is_trial":false,"path_per_floor":["M","$","T","?","M","E","R","M","R","?","T","$","M","?","M","R","M","R","B",null,"M","M","?","?","M","R"],"character_chosen":"HUNTRESS","items_purchased":["DemoMod:DoubleVision"],"campfire_rested":0,"item_purchase_floors":[12],"current_hp_per_floor":[70,70,70,70,70,70,70,70,70,70,70,70,70,70,70,70,70,70,38,70,70,68,68,55,47,47,47],"gold":333,"neow_bonus":"THREE_ENEMY_KILL","is_daily":false,"chose_seed":false,"campfire_upgraded":4,"win_rate":0.0,"timestamp":1612172173,"path_taken":["M","?","?","?","M","E","R","M","R","?","T","$","?","?","M","R","M","R","BOSS","M","M","?","?","M","R"],"items_purchased_type":["Card"],"build_version":"2020-12-22","purchased_purges":2,"victory":false,"max_hp_per_floor":[70,70,70,70,70,70,70,70,70,70,70,70,70,70,70,70,70,70,70,70,70,70,70,75,75,75,75],"card_choices":[{"not_picked":["DemoMod:BoxingGlove","DemoMod:StickyCrossBow"],"picked":"DemoMod:Camera","floor":1.0},{"not_picked":["DemoMod:Unmoved","DemoMod:StickyCrossBow"],"picked":"DemoMod:PotionOfGunFriendShip","floor":4.0},{"not_picked":["DemoMod:MachoBrace","DemoMod:FastSwitch","DemoMod:FeignSurrender"],"picked":"SKIP","floor":5.0},{"not_picked":["DemoMod:SkilledReload","DemoMod:BattleInHaste"],"picked":"DemoMod:AWP","floor":6.0},{"not_picked":["DemoMod:BoxingGlove","DemoMod:HuntsMan","DemoMod:GunShield"],"picked":"SKIP","floor":8.0},{"not_picked":["DemoMod:MachoBrace","DemoMod:ConditionalReflex","DemoMod:Unmoved"],"picked":"SKIP","floor":13.0},{"not_picked":["DemoMod:Ejector","DemoMod:BattleInHaste"],"picked":"DemoMod:DirectionalPad","floor":15.0},{"not_picked":["DemoMod:TeaPot","DemoMod:MachoBrace","DemoMod:ConditionalReflex"],"picked":"SKIP","floor":17.0},{"not_picked":["DemoMod:BlackHoleGun","DemoMod:Eureka"],"picked":"DemoMod:SuppressiveFire","floor":19.0},{"not_picked":["DemoMod:JK47+1","DemoMod:Camera","DemoMod:AC15"],"picked":"SKIP","floor":21},{"not_picked":["DemoMod:FastSwitch","DemoMod:GunstockTap","DemoMod:AC15+1"],"picked":"SKIP","floor":22},{"not_picked":["DemoMod:Ejector+1","DemoMod:FastSwitch","DemoMod:StickyCrossBow"],"picked":"SKIP","floor":25}],"player_experience":625521,"relics_obtained":[{"floor":3.0,"key":"DemoMod:CrisisStone"},{"floor":4.0,"key":"ReplayTheSpireMod:Shallot"},{"floor":6.0,"key":"Smiling Mask"},{"floor":11.0,"key":"ReplayTheSpireMod:TigerMarble"},{"floor":19.0,"key":"Replay:Bandana"}],"event_choices":[{"damage_healed":0.0,"max_hp_gain":0.0,"max_hp_loss":0.0,"gold_gain":0.0,"event_name":"Accursed Blacksmith","player_choice":"Rummage","floor":10.0,"gold_loss":0.0,"damage_taken":0.0,"relics_obtained":["WarpedTongs"],"cards_obtained":["Pain"]},{"damage_healed":0,"gold_gain":0,"player_choice":"Ignored","damage_taken":0,"max_hp_gain":0,"max_hp_loss":0,"event_name":"Vampires","floor":23,"gold_loss":0},{"damage_healed":0,"gold_gain":0,"player_choice":"Shed Blood","damage_taken":18,"max_hp_gain":5,"max_hp_loss":0,"event_name":"Forgotten Altar","floor":24,"gold_loss":0}],"is_beta":false,"boss_relics":[{"not_picked":["Pandora\u0027s Box","Empty Cage"],"picked":"DemoMod:Test1"}],"items_purged_floors":[2,12],"is_endless":false,"potions_floor_spawned":[1,6,13,19,21],"ascension_level":1}}