{"host":"Jay","time":1612209578,"event":{"mods":["BaseMod","Colored Map","Hermit","Minty Spire (QoL Compilation)","Replay The Spire","Shop Mod","StSLib"],"gold_per_floor":[113,124,124,144,144,179,179,197,197,197,41,41,116,116,116,217,217,228,32,52,52,68,68,68,68,68,68,68,82,96,96,96,194,194,213,232,250,300,270,304,304,333,333,333,358,376,376,224,224,224],"floor_reached":51,"language":"ENG","playtime":1768,"items_purged":[],"score":898,"play_id":"c8e119d6-cd90-4a59-b3e3-6357ccd5e53d","local_time":"20210201145938","is_ascension_mode":false,"campfire_choices":[{"data":"Perfected Strike","floor":7.0,"key":"SMITH"},{"floor":10.0,"key":"REST"},{"data":"ReplayTheSpireMod:Strike From Hell","floor":15.0,"key":"SMITH"},{"data":"Exhume","floor":23.0,"key":"SMITH"},{"floor":27.0,"key":"REST"},{"floor":41,"key":"REST"},{"floor":44,"key":"REST"},{"data":"Limit Break","floor":47,"key":"SMITH"}],"circlet_count":0,"master_deck":["Strike_R","Strike_R","Strike_R","Strike_R","Strike_R","Defend_R","Defend_R","Defend_R","Bash+1","ReplayTheSpireMod:Strike From Hell","Anger","Wild Strike","Perfected Strike+1","ReplayTheSpireMod:Strike From Hell+1","Exhume+1","Battle Trance","Clash+1","Wild Strike+1","Sword Boomerang","Clash+1","Limit Break+1","Flex+1","Warcry","Twin Strike","Perfected Strike+1","Twin Strike+1","Limit Break","Spot Weakness","Madness","Madness"],"relics":["Black Blood","Bag of Preparation","Shuriken","Mummified Hand","Vajra","Gremlin Horn","Empty Cage","Replay:Wax Seal","Orichalcum","Anchor","ReplayTheSpireMod:Spearhead","CeramicFish","BranchBurnRelic","Kunai","Strawberry"],"acts_visited":["Exordium","TheCity","TheBeyond"],"potions_floor_usage":[50,50],"damage_taken":[{"damage":6.0,"enemies":"Cultist","floor":1.0,"turns":3.0},{"damage":2.0,"enemies":"Small Slimes","floor":2.0,"turns":3.0},{"damage":6.0,"enemies":"2 Louse","floor":4.0,"turns":3.0},{"damage":31.0,"enemies":"Lagavulin","floor":6.0,"turns":7.0},{"damage":0.0,"enemies":"2 Fungi Beasts","floor":8.0,"turns":2.0},{"damage":37.0,"enemies":"Slime Boss","floor":16.0,"turns":7.0},{"damage":5.0,"enemies":"Chosen","floor":18.0,"turns":3.0},{"damage":4.0,"enemies":"Spheric Guardian","floor":20.0,"turns":3.0},{"damage":19.0,"enemies":"Snecko","floor":22.0,"turns":4.0},{"damage":0.0,"enemies":"Chosen and Byrds","floor":29.0,"turns":3.0},{"damage":0.0,"enemies":"Snake Plant","floor":30.0,"turns":2.0},{"damage":54.0,"enemies":"Pondfish","floor":33.0,"turns":9.0},{"damage":20.0,"enemies":"3 Darklings","floor":35.0,"turns":3.0},{"damage":5.0,"enemies":"3 Shapes","floor":36.0,"turns":2.0},{"damage":20.0,"enemies":"Spire Growth","floor":37.0,"turns":3.0},{"damage":36.0,"enemies":"Mind Bloom Boss Battle","floor":38.0,"turns":4.0},{"damage":44.0,"enemies":"Giant Head","floor":40.0,"turns":6.0},{"damage":6,"enemies":"Sphere and 2 Shapes","floor":42,"turns":2},{"damage":14,"enemies":"Jaw Worm Horde","floor":45,"turns":3},{"damage":70,"enemies":"Time Eater","floor":50,"turns":7}],"seed_played":"-3874556370234060385","potions_obtained":[{"floor":4.0,"key":"EssenceOfSteel"},{"floor":14.0,"key":"LifebloodPotion"},{"floor":14.0,"key":"SteroidPotion"},{"floor":16.0,"key":"Dexterity Potion"},{"floor":18.0,"key":"Explosive Potion"},{"floor":39.0,"key":"Death Potion"},{"floor":39.0,"key":"Milkshake"},{"floor":42,"key":"BloodPotion"},{"floor":45,"key":"Regen Potion"}],"is_trial":false,"path_per_floor":["M","M","?","M","?","E","R","M","T","R","$","?","?","?","R","B",null,"M","$","M","?","M","R","?","$","T","R","?","M","M","?","R_BF","B",null,"M","M","M","?","?","E","R","M","T","R","M","?","R","$","R_BF","B",null],"character_chosen":"IRONCLAD","items_purchased":["Vajra","Replay:Wax Seal","Orichalcum","Strawberry"],"campfire_rested":4,"item_purchase_floors":[11,19,19,48],"current_hp_per_floor":[80,80,80,80,80,55,55,61,61,80,80,80,69,69,69,38,80,80,80,80,80,67,67,52,52,52,77,77,83,85,85,85,37,85,77,84,76,52,52,20,45,56,56,81,85,74,74,81,81,78],"gold":224,"neow_bonus":"RANDOM_COMMON_RELIC","is_daily":false,"chose_seed":false,"campfire_upgraded":4,"win_rate":0.0,"timestamp":1612209578,"path_taken":["M","M","?","M","?","E","R","M","T","R","$","?","?","?","R","BOSS","M","$","M","?","M","R","?","?","T","R","?","?","M","?","R_BF","BOSS","M","M","?","?","?","E","R","?","T","R","M","?","R","$","R_BF","BOSS"],"items_purchased_type":["Relic","Relic","Relic","Relic"],"build_version":"2020-12-18","purchased_purges":0,"victory":true,"max_hp_per_floor":[80,80,80,80,80,80,80,80,80,80,80,80,80,80,80,80,80,80,80,80,80,80,80,85,85,85,85,85,85,85,85,85,85,85,85,85,85,85,85,85,85,85,85,85,85,85,85,92,92,92],"card_choices":[{"not_picked":["Twin Strike","Headbutt"],"picked":"ReplayTheSpireMod:Strike From Hell","floor":1.0},{"not_picked":["Searing Blow","Power Through"],"picked":"Anger","floor":2.0},{"not_picked":["Body Slam","Flame Barrier"],"picked":"Wild Strike","floor":4.0},{"not_picked":["Bludgeon","Combust"],"picked":"Perfected Strike","floor":6.0},{"not_picked":["Anger","Armaments"],"picked":"ReplayTheSpireMod:Strike From Hell","floor":8.0},{"not_picked":["Bludgeon","Corruption"],"picked":"Exhume","floor":16.0},{"not_picked":["Body Slam","Dark Embrace"],"picked":"Battle Trance","floor":18.0},{"not_picked":["ReplayTheSpireMod:Strike From Hell","Uppercut"],"picked":"Clash+1","floor":20.0},{"not_picked":["Sword Boomerang","Searing Blow"],"picked":"Wild Strike","floor":22.0},{"not_picked":["Heavy Blade","True Grit"],"picked":"Sword Boomerang","floor":29.0},{"not_picked":["Heavy Blade","Power Through"],"picked":"Clash+1","floor":30.0},{"not_picked":["Bludgeon","Brutality"],"picked":"Limit Break","floor":33.0},{"not_picked":["Headbutt","Warcry"],"picked":"Flex+1","floor":35.0},{"not_picked":["Whirlwind","Headbutt"],"picked":"Warcry","floor":36.0},{"not_picked":["Warcry","Shrug It Off+1"],"picked":"Twin Strike","floor":37.0},{"not_picked":["Pommel Strike+1","Armaments+1"],"picked":"Perfected Strike+1","floor":38.0},{"not_picked":["Dual Wield+1","ReplayTheSpireMod:LeadingStrike+1"],"picked":"Twin Strike+1","floor":40.0},{"not_picked":["Anger+1","Blood for Blood+1"],"picked":"Limit Break","floor":42},{"not_picked":["Replay:Undeath\u0027s Touch+1","Body Slam"],"picked":"Spot Weakness","floor":45}],"player_experience":619934,"relics_obtained":[{"floor":6.0,"key":"Shuriken"},{"floor":9.0,"key":"Mummified Hand"},{"floor":26.0,"key":"ReplayTheSpireMod:Spearhead"},{"floor":38.0,"key":"Dead Branch"},{"floor":40.0,"key":"CeramicFish"},{"floor":43,"key":"Kunai"}],"event_choices":[{"damage_healed":0.0,"max_hp_gain":0.0,"max_hp_loss":0.0,"gold_gain":0.0,"event_name":"Big Fish","player_choice":"Box","floor":12.0,"gold_loss":0.0,"damage_taken":0.0,"relics_obtained":["Gremlin Horn"],"cards_obtained":["Regret"]},{"damage_healed":0.0,"max_hp_gain":0.0,"max_hp_loss":0.0,"gold_gain":75.0,"event_name":"World of Goop","player_choice":"Gather Gold","floor":13.0,"gold_loss":0.0,"damage_taken":11.0},{"damage_healed":0.0,"max_hp_gain":0.0,"max_hp_loss":0.0,"gold_gain":0.0,"event_name":"Lab","player_choice":"Got Potions","floor":14.0,"gold_loss":0.0,"damage_taken":0.0},{"damage_healed":0.0,"max_hp_gain":0.0,"max_hp_loss":0.0,"gold_gain":0.0,"event_name":"Addict","player_choice":"Stole Relic","floor":21.0,"gold_loss":0.0,"damage_taken":0.0,"relics_obtained":["Anchor"],"cards_obtained":["Shame"]},{"damage_healed":0.0,"max_hp_gain":5.0,"max_hp_loss":0.0,"gold_gain":0.0,"event_name":"Forgotten Altar","player_choice":"Shed Blood","floor":24.0,"gold_loss":0.0,"damage_taken":20.0},{"cards_removed":["Shame"],"damage_healed":0.0,"max_hp_gain":0.0,"max_hp_loss":0.0,"gold_gain":0.0,"event_name":"Purifier","player_choice":"Purged","floor":31.0,"gold_loss":0.0,"damage_taken":0.0},{"damage_healed":0.0,"max_hp_gain":0.0,"max_hp_loss":0.0,"gold_gain":0.0,"event_name":"MindBloom","player_choice":"Fight","floor":38.0,"gold_loss":0.0,"damage_taken":0.0},{"damage_healed":0.0,"max_hp_gain":0.0,"max_hp_loss":0.0,"gold_gain":0.0,"event_name":"The Woman in Blue","player_choice":"Bought 2 Potions","floor":39.0,"gold_loss":0.0,"damage_taken":0.0},{"damage_healed":0,"gold_gain":0,"player_choice":"Embrace Madness","damage_taken":11,"max_hp_gain":0,"max_hp_loss":0,"event_name":"Winding Halls","floor":46,"gold_loss":0,"cards_obtained":["Madness","Madness"]},{"damage_healed":0,"gold_gain":0,"player_choice":"Ignored","damage_taken":0,"max_hp_gain":0,"max_hp_loss":0,"event_name":"Mysterious Sphere","floor":49,"gold_loss":0}],"is_beta":true,"boss_relics":[{"not_picked":["SacredBark","Kintsugi"],"picked":"Empty Cage"},{"not_picked":["Snecko Eye","Black Star"],"picked":"Black Blood"}],"items_purged_floors":[],"is_endless":false,"potions_floor_spawned":[4,16,18,42,45],"ascension_level":0}}