{"host":"ymw71f7rc9ndansy","time":1612181189,"event":{"mods":["ATMod(阿瑾Mod)","Act Like it!","Arknights","Aspiration","BaseMod","DeckTracker","Hubris","Library of Ruina","Library of Ruina Extra","Minty Spire (QoL Compilation)","MostiFishMod","Relic Filter Mod","Remove Card Discount Mod","Replay The Spire","RumiaBox-露米娅的神秘盒子","StSLib","TestMod","[Fun]BeWhatYouAte","【功能Mod】精心准备","【遗物卡牌】REMEMod"],"gold_per_floor":[111,128,128,128,128,161,174,174,199,210,227,227,260,108,108,211,211,222,139,152,163,178,229,229,242,267,277,291,291,319,334,334,334,334],"floor_reached":33,"language":"ZHS","playtime":1026,"items_purged":["ats:Strike G","ats:Strike V","ats:Strike C","ats:Defend","ats:Dogmatic Field+1"],"score":351,"play_id":"41a1edac-c5c6-4cb3-982e-075d9059e2af","local_time":"20210201200629","is_ascension_mode":false,"campfire_choices":[{"data":"REME_ACTH","floor":8.0,"key":"SMITH"},{"data":"ats:Neurotoxin","floor":12.0,"key":"SMITH"},{"data":"AT_FamilyPortrait","floor":15.0,"key":"SMITH"},{"data":"ats:Durian","floor":24.0,"key":"SMITH"},{"data":"ats:Nebulous Foxfire","floor":32,"key":"SMITH"}],"circlet_count":0,"master_deck":["ats:Strike S","ats:Armor Crushing Shot","ats:Defend","ats:Defend","ats:Emotion Absorption","AT_FamilyPortrait+1","REME_ACTH+1","ats:Explosion Area Strengthen","ats:Very Hot Blade","ats:Consecutive Shot Auto","ats:Neurotoxin+1","ats:Closed Bolt Burst Fire","ats:Durian+1","ats:Beaten Up","ats:Rapid Magazine+1","ats:Poison Spread","ats:Poison Spread+1","ats:Nebulous Foxfire+1","ats:Shadow Raid+1"],"relics":["ats:Sanity","testmod-TestBox","DaveBox","REME_ComplimentaryCards","AT_ATBox","PatriotShield","testmod-Justice","SynthV:TestCard","ats:Originium","Tiny Chest","Prayer Wheel","ats:Spiritual Recovery","ats:Ability Aura","Replay:Bronze Core","MagicDraw1","Centennial Puzzle","hubris:Towel","REME_HourglassOfDeath"],"acts_visited":["Exordium","TheCity"],"potions_floor_usage":[33],"damage_taken":[{"damage":0.0,"enemies":"2 Louse","floor":1.0,"turns":1.0},{"damage":0.0,"enemies":"Cultist","floor":2.0,"turns":2.0},{"damage":17.0,"enemies":"3 Sentries","floor":6.0,"turns":3.0},{"damage":0.0,"enemies":"Small Slimes","floor":7.0,"turns":1.0},{"damage":0.0,"enemies":"Looter","floor":10.0,"turns":2.0},{"damage":0.0,"enemies":"2 Fungi Beasts","floor":11.0,"turns":1.0},{"damage":0.0,"enemies":"Lagavulin","floor":13.0,"turns":4.0},{"damage":7.0,"enemies":"The Guardian","floor":16.0,"turns":4.0},{"damage":0.0,"enemies":"Spheric Guardian","floor":18.0,"turns":1.0},{"damage":5.0,"enemies":"Chosen","floor":20.0,"turns":3.0},{"damage":6.0,"enemies":"Shelled Parasite and Fungi","floor":21.0,"turns":2.0},{"damage":0.0,"enemies":"Snecko","floor":22.0,"turns":2.0},{"damage":20.0,"enemies":"Book of Stabbing","floor":23.0,"turns":3.0},{"damage":15.0,"enemies":"Centurion and Healer","floor":25.0,"turns":1.0},{"damage":0.0,"enemies":"Sentry and Sphere","floor":27.0,"turns":1.0},{"damage":32.0,"enemies":"Snake Plant","floor":28.0,"turns":5.0},{"damage":15,"enemies":"REME_1_Revenger","floor":30,"turns":1},{"damage":0,"enemies":"Cultist and Chosen","floor":31,"turns":2},{"damage":13,"enemies":"RedHoodMercenary","floor":33,"turns":4}],"seed_played":"-3271631265398436426","potions_obtained":[{"floor":1.0,"key":"ColorlessPotion"},{"floor":2.0,"key":"Elixir"},{"floor":7.0,"key":"Toxic Potion"},{"floor":13.0,"key":"PowerPotion"},{"floor":21.0,"key":"Fruit Juice"},{"floor":25.0,"key":"Reflective Coating"},{"floor":31,"key":"Swift Potion"}],"is_trial":false,"path_per_floor":["M","M","?","?","?","E","M","R","T","M","M","R","E","$","R","B",null,"M","$","M","M","M","E","R","M","T","M","M","?","E","M","R","B"],"character_chosen":"DOCTOR_CLASS","items_purchased":["ats:Ability Aura","ats:Beaten Up"],"campfire_rested":0,"item_purchase_floors":[14,19],"current_hp_per_floor":[72,72,72,72,72,55,55,55,55,55,55,55,70,70,70,63,72,72,72,67,66,66,46,46,31,31,31,28,28,13,13,13,0,0],"gold":334,"neow_bonus":"ONE_RANDOM_RARE_CARD","is_daily":false,"chose_seed":false,"campfire_upgraded":5,"win_rate":0.0,"timestamp":1612181189,"path_taken":["M","M","?","?","?","E","M","R","T","M","?","R","E","?","R","BOSS","M","$","M","M","M","E","R","M","T","M","M","?","E","M","R","BOSS"],"items_purchased_type":["Relic","Card"],"build_version":"2020-12-22","purchased_purges":5,"victory":false,"max_hp_per_floor":[72,72,72,72,72,72,72,72,72,72,72,72,72,72,72,72,72,72,72,72,77,77,77,77,77,77,77,77,77,77,77,77,77,77],"card_choices":[{"not_picked":["ats:Directed Diagnosis","ats:Automatic Cover"],"picked":"ats:Explosion Area Strengthen","floor":1.0},{"not_picked":["ats:Support Order","ats:Healing Drone","ats:Part Time Job","ats:Flexible Camouflage"],"picked":"ats:Very Hot Blade","floor":2.0},{"not_picked":["ats:Absolute Focus","ats:Cat Scratch","ats:Counter Healing Mode","ats:Curse Doll","ats:Serious Mode"],"picked":"SKIP","floor":6.0},{"not_picked":["ats:Charging Defense","ats:Counter Healing Mode","ats:Shell Defense","ats:Directed Diagnosis"],"picked":"ats:Consecutive Shot Auto","floor":7.0},{"not_picked":["ats:Blood Oath","ats:Wolf Pack","ats:Poison Spread","ats:Absolute Focus"],"picked":"ats:Neurotoxin","floor":10.0},{"not_picked":["ats:Guard Mode","ats:Very Hot Blade","ats:Phantom","ats:Apocalypse","ats:Neurotoxin"],"picked":"SKIP","floor":11.0},{"not_picked":["ats:Rat Pack","ats:Shell Defense","ats:LN2 Cannon","ats:Revitalization"],"picked":"ats:Closed Bolt Burst Fire","floor":13.0},{"not_picked":["ats:Rat Pack","ats:Wolf Pack","ats:True Silver Slash","ats:Fractured Body"],"picked":"ats:Durian","floor":16.0},{"not_picked":["ats:Blood Oath","ats:Spore Proliferation","ats:Absolute Focus+1","ats:Steam Pump","ats:Closed Bolt Burst Fire"],"picked":"SKIP","floor":18.0},{"not_picked":["ats:Magnetic Hammer","ats:LN2 Cannon","ats:Serious Mode","ats:Assault Order+1","ats:Apocalypse"],"picked":"SKIP","floor":18.0},{"not_picked":["ats:Phantom","ats:Spore Proliferation","ats:Blood Oath+1","ats:Sunburst"],"picked":"ats:Rapid Magazine+1","floor":20.0},{"not_picked":["ats:Hammer On","ats:Closed Bolt Burst Fire+1","ats:Leaping Hammer","ats:Revitalization","ats:Rapid Magazine+1"],"picked":"SKIP","floor":20.0},{"not_picked":["ats:Support Order","ats:Phantom","ats:Leaping Hammer","ats:Curse Doll"],"picked":"ats:Poison Spread","floor":21.0},{"not_picked":["ats:Revitalization","ats:Cat Scratch","ats:Song Of Battle+1","ats:Automatic Cover","ats:Consecutive Shot Auto"],"picked":"SKIP","floor":21.0},{"not_picked":["ats:Magnetic Hammer","ats:Guard Mode","ats:Chain Hook","ats:Assault Order"],"picked":"ats:Poison Spread+1","floor":22.0},{"not_picked":["ats:LN2 Cannon","ats:Consecutive Shot Auto","ats:Literary Storm+1","ats:Fractured Body","ats:Ignite"],"picked":"SKIP","floor":22.0},{"not_picked":["ats:Beaten Up","ats:Defend Order+1","ats:Guardian Obelisk","ats:Sword Rain","ats:LN2 Cannon"],"picked":"SKIP","floor":23.0},{"not_picked":["ats:Leaping Hammer","ats:Closed Bolt Burst Fire+1","ats:Ignite","ats:Guard Mode","ats:Revitalization+1"],"picked":"SKIP","floor":25.0},{"not_picked":["ats:Healing Strengthening+1","ats:Explosion Area Strengthen+1","ats:Assault Order","ats:Leaping Hammer","ats:Encircling Forest"],"picked":"SKIP","floor":25.0},{"not_picked":["ats:Automatic Cover","ats:Consecutive Shot Auto","ats:Explosion Area Strengthen","ats:True Silver Slash","ats:Hammer On+1"],"picked":"SKIP","floor":27.0},{"not_picked":["ats:Revitalization","ats:Curse Doll+1","ats:Part Time Job","ats:Spore Proliferation","ats:Apocalypse"],"picked":"SKIP","floor":27.0},{"not_picked":["ats:Ignite+1","ats:Sword Rain","ats:Part Time Job","ats:Beaten Up+1","ats:Guard Mode+1"],"picked":"SKIP","floor":28.0},{"not_picked":["ats:Blood Oath","ats:Chain Hook","ats:Powerful Strike","ats:Sword Rain","ats:Apocalypse"],"picked":"SKIP","floor":28.0},{"not_picked":["ats:Apocalypse","ats:Calcification","ats:Very Hot Blade","ats:Counter Healing Mode","ats:Poison Spread"],"picked":"SKIP","floor":30},{"not_picked":["ats:Revitalization+1","ats:Closed Bolt Burst Fire+1","ats:Support Order+1","ats:Powerful Strike"],"picked":"ats:Nebulous Foxfire","floor":31},{"not_picked":["ats:Healing Strengthening","ats:Absolute Focus+1","ats:Demon Strength","ats:Spore Proliferation"],"picked":"ats:Shadow Raid+1","floor":31}],"player_experience":1073156,"relics_obtained":[{"floor":1.0,"key":"SynthV:TestCard"},{"floor":6.0,"key":"ats:Originium"},{"floor":6.0,"key":"Tiny Chest"},{"floor":13.0,"key":"ats:Originium"},{"floor":13.0,"key":"ats:Spiritual Recovery"},{"floor":23.0,"key":"ats:Originium"},{"floor":23.0,"key":"MagicDraw1"},{"floor":26.0,"key":"Centennial Puzzle"},{"floor":30,"key":"ats:Originium"},{"floor":30,"key":"REME_HourglassOfDeath"}],"event_choices":[{"damage_healed":0.0,"max_hp_gain":0.0,"max_hp_loss":0.0,"gold_gain":0.0,"event_name":"Liars Game","player_choice":"Ignored","floor":4.0,"gold_loss":0.0,"damage_taken":0.0},{"cards_removed":["ats:Defend"],"damage_healed":0.0,"max_hp_gain":0.0,"max_hp_loss":0.0,"gold_gain":0.0,"event_name":"Purifier","player_choice":"Purged","floor":5.0,"gold_loss":0.0,"damage_taken":0.0}],"is_beta":false,"boss_relics":[{"not_picked":["EasyGame_NEW","hubris:ScarierMask"],"picked":"Replay:Bronze Core"}],"items_purged_floors":[14,14,14,14,19],"is_endless":false,"potions_floor_spawned":[1,2,7,13,20,21,23,25,27,31],"killed_by":"RedHoodMercenary","ascension_level":0}}