{"host":"5rhdqk7nbnm087ui","time":1612168638,"event":{"mods":["ATMod(°¢èªMod)","AchievementEnabler","Act Like it!","Aspiration","BaseMod","GungeonMod","Highlight Path","HololiveMod","Jedi Mod","Marisa£¨ìFÓê¡¡Ä§ÀíÉ³£©","Minty Spire (QoL Compilation)","Relic Stats","Reliquary","Replay The Spire","SIMod","Spicy Shops","StSLib","Waifu the Spire","WarShipGirlsR/Õ½½¢ÉÙÅ®R mod","Yuri Mod","¡¾ÒÅÎï¿¨ÅÆ¡¿REMEMod","óô»ðÖ¸ÄÏ"],"gold_per_floor":[118,118,118,47,67,101,101,112,112,162,175,175,20,35,35,136,136,147,147,147,147,157,157,183,195,247,247,260,36,136,151,231,231,231],"floor_reached":33,"language":"ZHS","playtime":1543,"items_purged":[],"score":315,"play_id":"2e2dbd69-dd4d-47a1-a360-6c3ce2dabf00","local_time":"20210201163718","is_ascension_mode":false,"campfire_choices":[{"data":"yuri:NoEscape","floor":12,"key":"SMITH"},{"data":"yuri:Oolong","floor":15,"key":"SMITH"},{"data":"yuri:MPose","floor":23,"key":"SMITH"},{"floor":27,"key":"REST"}],"circlet_count":0,"master_deck":["yuri:yuriDefend","yuri:yuriDefend","yuri:yuriDefend","yuri:yuriDefend","yuri:yuriDefend","yuri:Oolong+1","yuri:yuriStab","yuri:yuriHeavyStrike","yuri:NoEscape+1","Injury","yuri:WickedSlash","yuri:Stare+1","yuri:Stalk","yuri:MPose+1","yuri:yuriQuickStrike","yuri:GlitchRemove+1","yuri:GreenTea","Bite","Bite","Bite","Bite","Bite","yuri:yuriQuickStrike","yuri:BookBlue+1","yuri:DeepBreathing+1","yuri:Parry","yuri:GrowingInsanity+1","yuri:InsanityDefense"],"relics":["yuri:yuriKnife","REME_ComplimentaryCards","AT_ATBox","NeowsBlessing","Frozen Egg 2","reliquary:SilkGlove","AT_LudenTempest","aspiration:FetidBarrel","Vajra","yuri:GlassOfWine","Hololive_ChaosS","MarkOfWind","InkBottle","reliquary:Knoch","jedi:shrinkray","aspiration:ChemicalBlood","AT_GuinsooRageblade","Pocketwatch"],"acts_visited":["Exordium","TheCity"],"potions_floor_usage":[6,30,30,33,33,33,33,33,33],"damage_taken":[{"damage":0,"enemies":"2 Louse","floor":1,"turns":1},{"damage":0,"enemies":"Small Slimes","floor":5,"turns":1},{"damage":0,"enemies":"Replay:BlueRogue","floor":6,"turns":1},{"damage":1,"enemies":"Cultist","floor":8,"turns":2},{"damage":17,"enemies":"Exordium Thugs","floor":11,"turns":3},{"damage":0,"enemies":"3 Louse","floor":14,"turns":1},{"damage":35,"enemies":"The Guardian","floor":16,"turns":5},{"damage":18,"enemies":"Shell Parasite","floor":18,"turns":4},{"damage":21,"enemies":"Spheric Guardian","floor":22,"turns":4},{"damage":53,"enemies":"Slavers","floor":24,"turns":5},{"damage":16,"enemies":"3 Cultists","floor":25,"turns":4},{"damage":9,"enemies":"Centurion and Healer","floor":28,"turns":3},{"damage":12,"enemies":"Colosseum Slavers","floor":30,"turns":2},{"damage":24,"enemies":"Colosseum Nobs","floor":30,"turns":4},{"damage":11,"enemies":"Cultist and Chosen","floor":31,"turns":2},{"damage":59,"enemies":"Champ","floor":33,"turns":6}],"seed_played":"8618162282395628435","potions_obtained":[{"floor":6,"key":"REME_GoldPotion"},{"floor":11,"key":"Swift Potion"},{"floor":16,"key":"Ancient Potion"},{"floor":22,"key":"LiquidBronze"},{"floor":33,"key":"Reflective Coating"}],"is_trial":false,"path_per_floor":["M","?","?","$","M","E","?","M","T","T","M","R","$","M","R","B",null,"M","?","?","?","M","R","E","M","T","R","M","$","?","M","R","B"],"character_chosen":"YURI","items_purchased":["reliquary:SilkGlove","yuri:GlassOfWine","jedi:shrinkray","aspiration:ChemicalBlood"],"campfire_rested":1,"item_purchase_floors":[4,13,29,29],"current_hp_per_floor":[80,80,80,80,80,80,80,80,80,80,67,67,67,71,71,43,80,62,62,62,56,44,44,17,23,23,39,45,45,25,14,14,0,0],"gold":231,"neow_bonus":"THREE_ENEMY_KILL","is_daily":false,"chose_seed":false,"campfire_upgraded":3,"win_rate":0.0,"timestamp":1612168638,"path_taken":["M","?","?","$","M","E","?","M","T","?","?","R","?","M","R","BOSS","M","?","?","?","M","R","E","M","T","R","M","?","?","M","R","BOSS"],"items_purchased_type":["Relic","Relic","Relic","Relic"],"build_version":"2020-12-22","purchased_purges":0,"victory":false,"max_hp_per_floor":[80,80,80,80,80,80,80,80,80,80,80,80,80,80,80,80,80,80,80,80,56,56,56,56,56,56,56,56,56,56,56,56,56,56],"relic_stats":{"counters":[16,48],"obtain_stats":[{"AT_ATBox":0,"reliquary:SilkGlove":4,"NeowsBlessing":0,"aspiration:FetidBarrel":9,"yuri:yuriKnife":0,"Vajra":10,"DemoMod:GlassGuonStoneRelic":8,"Hololive_ChaosS":17,"Frozen Egg 2":2,"yuri:GlassOfWine":13,"jedi:shrinkray":29,"AT_LudenTempest":6,"MarkOfWind":20,"reliquary:Knoch":26,"AT_GuinsooRageblade":30,"InkBottle":24,"REME_ComplimentaryCards":0,"aspiration:ChemicalBlood":29,"Pocketwatch":30},{"AT_ATBox":0,"reliquary:SilkGlove":1,"NeowsBlessing":0,"aspiration:FetidBarrel":4,"yuri:yuriKnife":0,"Vajra":4,"DemoMod:GlassGuonStoneRelic":4,"Hololive_ChaosS":7,"Frozen Egg 2":1,"yuri:GlassOfWine":5,"jedi:shrinkray":12,"AT_LudenTempest":3,"MarkOfWind":8,"reliquary:Knoch":11,"AT_GuinsooRageblade":14,"InkBottle":10,"REME_ComplimentaryCards":0,"aspiration:ChemicalBlood":12,"Pocketwatch":14},{"AT_ATBox":0,"reliquary:SilkGlove":1,"NeowsBlessing":0,"aspiration:FetidBarrel":5,"yuri:yuriKnife":0,"Vajra":5,"DemoMod:GlassGuonStoneRelic":5,"Hololive_ChaosS":14,"Frozen Egg 2":1,"yuri:GlassOfWine":8,"jedi:shrinkray":34,"AT_LudenTempest":3,"MarkOfWind":18,"reliquary:Knoch":31,"AT_GuinsooRageblade":40,"InkBottle":27,"REME_ComplimentaryCards":0,"aspiration:ChemicalBlood":34,"Pocketwatch":40}],"InkBottle":[6],"Pocketwatch":[9]},"card_choices":[{"not_picked":["yuri:Stare","yuri:TPose"],"picked":"yuri:yuriHeavyStrike","floor":1},{"not_picked":["yuri:TPose","yuri:ThrowBook"],"picked":"yuri:WickedSlash","floor":5},{"not_picked":["yuri:RepairCode","yuri:yuriHeavyStrike"],"picked":"yuri:ExploitStrike","floor":6},{"not_picked":["yuri:Skip","yuri:InsanityDefense"],"picked":"yuri:Stalk","floor":8},{"not_picked":["yuri:MirrorInsanity","yuri:CorruptHitbox"],"picked":"yuri:MPose","floor":11},{"not_picked":["yuri:BrokenCode","yuri:Parry"],"picked":"yuri:yuriQuickStrike","floor":14},{"not_picked":["yuri:MagneticKnives+1","yuri:BlackTea"],"picked":"yuri:GlitchRemove+1","floor":16},{"not_picked":["yuri:Spin","yuri:ReactiveMadness"],"picked":"yuri:GreenTea","floor":18},{"not_picked":["yuri:ThrowBook","yuri:MPose"],"picked":"yuri:yuriQuickStrike","floor":22},{"not_picked":["yuri:yuriHeavyStrike","yuri:AdaptiveAI+1"],"picked":"yuri:BookBlue+1","floor":24},{"not_picked":["yuri:BrokenCode","yuri:Spin+1"],"picked":"yuri:DeepBreathing+1","floor":25},{"not_picked":["yuri:SelfHarm+1","yuri:MultiDip"],"picked":"yuri:Parry","floor":28},{"not_picked":["yuri:yuriHeavyStrike","yuri:GreenTea"],"picked":"yuri:GrowingInsanity+1","floor":30},{"not_picked":["yuri:ThrowingKnives+1","yuri:Skip+1"],"picked":"yuri:InsanityDefense","floor":31}],"player_experience":149570,"relics_obtained":[{"floor":6,"key":"AT_LudenTempest"},{"floor":9,"key":"aspiration:FetidBarrel"},{"floor":10,"key":"Vajra"},{"floor":24,"key":"InkBottle"},{"floor":26,"key":"reliquary:Knoch"},{"floor":30,"key":"AT_GuinsooRageblade"},{"floor":30,"key":"Pocketwatch"}],"event_choices":[{"damage_healed":0,"gold_gain":0,"player_choice":"Leave","damage_taken":0,"max_hp_gain":0,"max_hp_loss":0,"event_name":"The Cleric","floor":3,"gold_loss":0},{"damage_healed":0,"gold_gain":0,"player_choice":"Ignored","damage_taken":0,"max_hp_gain":0,"max_hp_loss":0,"event_name":"Cursed Tome","floor":19,"gold_loss":0},{"damage_healed":0,"gold_gain":0,"player_choice":"Became a vampire","damage_taken":0,"max_hp_gain":0,"max_hp_loss":24,"event_name":"Vampires","floor":21,"gold_loss":0,"cards_obtained":["Bite","Bite","Bite","Bite","Bite"]},{"damage_healed":0,"gold_gain":0,"player_choice":"Fight","damage_taken":0,"max_hp_gain":0,"max_hp_loss":0,"event_name":"Colosseum","floor":30,"gold_loss":0},{"damage_healed":0,"gold_gain":0,"player_choice":"Fought Nobs","damage_taken":0,"max_hp_gain":0,"max_hp_loss":0,"event_name":"Colosseum","floor":30,"gold_loss":0}],"is_beta":false,"boss_relics":[{"not_picked":["reliquary:KinkedSpring","Honey Jar"],"picked":"Hololive_ChaosS"}],"items_purged_floors":[],"is_endless":false,"potions_floor_spawned":[6,11,16,22,28,30,30],"killed_by":"Champ","ascension_level":0}}