{"host":"stk82ot58bnorhun","time":1612177162,"event":{"mods":["BaseMod","Colored Powertips","Energized Spire","Highlight Path","Minty Spire (QoL Compilation)","Replay The Spire","StSLib","SuperFastMode","The Servant 0.9.4","UnlockEverythingMod"],"gold_per_floor":[114,114,130,149,176,187,187,217,217,247,247,247,247,247,38,58,58,158,158,170,183,183,197,211,241,241,241,241,156,156,188,188,49,49,149,99,111,173,187,207,207,207,8,8,8,8,40,54,54,54,54,54,54,54,19,48,48],"floor_reached":58,"language":"ZHS","playtime":5533,"items_purged":["Defend_S+1","Strike_S","Strike_S"],"score":1231,"play_id":"02c0daae-29b4-4e46-ab2a-3de1eb2079db","local_time":"20210201185922","is_ascension_mode":false,"campfire_choices":[{"data":"FastForward","floor":7.0,"key":"SMITH"},{"data":"Strike_S","floor":14.0,"key":"PURGE"},{"data":"SpecialFormula","floor":17.0,"key":"SMITH"},{"data":"Initiator","floor":27.0,"key":"SMITH"},{"data":"FloweringNight","floor":30.0,"key":"SMITH"},{"data":"SilverBlades","floor":32.0,"key":"SMITH"},{"floor":34.0,"key":"DIG"},{"data":"ShiftingGears","floor":44.0,"key":"SMITH"},{"data":"Potential","floor":46.0,"key":"PURGE"},{"floor":51,"key":"RECALL"},{"data":"Revamp","floor":54,"key":"SMITH"}],"circlet_count":1,"master_deck":["Defend_S+1","Defend_S+1","KidneyShot","Exchange","Hightail+1","Contraction+1","BottledTime","TimeWarp","FastForward+1","SurpressingFire+1","Snipe+1","Starlight","Advance","MoonPhase","SpecialFormula+1","FloweringNight+1","Ricochet","Defy","Initiator+1","SilverBlades+1","BottledTime","BottledTime","FlawlessForm","WasteNot+1","SpecialFormula+1","Collapse+1","Rearm","InstantArmor+1","ShiftingGears+1","DualDimension+1","Revamp+1","Magnetism","Impatience","Midas Touch","RealityMarble","BestPractice"],"relics":["Astrolabe","Quantum Egg","Replay:Multitool","Replay:Bottled Eggs","BargainBundle","energizedSpire:OgreHead","StrikeDummy","Mummified Hand","WingedGreaves","Circlet","Replay:Ringing Soul","energizedSpire:HugeHouse","Juzu Bracelet","Chameleon Ring","Orichalcum","ReplayFunnel"],"acts_visited":["Exordium","TheCity","TheBeyond","TheEnding"],"potions_floor_usage":[52,52,52,56,57,57],"damage_taken":[{"damage":1.0,"enemies":"2 Louse","floor":1.0,"turns":4.0},{"damage":0.0,"enemies":"Cultist","floor":3.0,"turns":3.0},{"damage":0.0,"enemies":"Jaw Worm","floor":4.0,"turns":8.0},{"damage":9.0,"enemies":"Exordium Wildlife","floor":6.0,"turns":8.0},{"damage":3.0,"enemies":"Lagavulin","floor":8.0,"turns":11.0},{"damage":17.0,"enemies":"3 Sentries","floor":10.0,"turns":14.0},{"damage":1.0,"enemies":"2 Fungi Beasts","floor":16.0,"turns":3.0},{"damage":0.0,"enemies":"Slime Boss","floor":18.0,"turns":13.0},{"damage":0.0,"enemies":"Chosen","floor":20.0,"turns":8.0},{"damage":0.0,"enemies":"Shell Parasite","floor":21.0,"turns":6.0},{"damage":3.0,"enemies":"Chosen and Byrds","floor":23.0,"turns":5.0},{"damage":0.0,"enemies":"Centurion and Healer","floor":24.0,"turns":14.0},{"damage":0.0,"enemies":"Book of Stabbing","floor":25.0,"turns":6.0},{"damage":10.0,"enemies":"Gremlin Leader","floor":31.0,"turns":6.0},{"damage":0.0,"enemies":"Automaton","floor":35.0,"turns":11.0},{"damage":4.0,"enemies":"3 Darklings","floor":37.0,"turns":5.0},{"damage":0.0,"enemies":"Orb Walker","floor":39.0,"turns":3.0},{"damage":42.0,"enemies":"Jaw Worm Horde","floor":40.0,"turns":3.0},{"damage":0.0,"enemies":"Reptomancer","floor":47.0,"turns":4.0},{"damage":0.0,"enemies":"Spire Growth","floor":48.0,"turns":4.0},{"damage":0,"enemies":"Replay:Hell Engine","floor":52,"turns":10},{"damage":17,"enemies":"Shield and Spear","floor":56,"turns":7},{"damage":37,"enemies":"The Heart","floor":57,"turns":11}],"seed_played":"-6802682695765107403","potions_obtained":[{"floor":2.0,"key":"CultistPotion"},{"floor":2.0,"key":"Doom Potion"},{"floor":2.0,"key":"Doom Potion"},{"floor":18.0,"key":"Weak Potion"},{"floor":25.0,"key":"Weak Potion"},{"floor":31.0,"key":"SpeedPotion"},{"floor":35.0,"key":"Energy Potion"},{"floor":38.0,"key":"LifebloodPotion"},{"floor":39.0,"key":"PowerPotion"},{"floor":40.0,"key":"EssenceOfSteel"},{"floor":47.0,"key":"DistilledChaos"}],"is_trial":false,"path_per_floor":["M","?","M","M","T","M","R","E","T","E","PTL","PTL","?","R","$","M","R","B",null,"M","M","?","M","M","E","?","R","T","?","R","E","R","$","R","B",null,"M","?","M","M","?","R","$","R","T","R","E","M","?","?","R","B",null,"R","$","E","B",null],"character_chosen":"THE_SERVANT","items_purchased":["BargainBundle","Snipe+1","Starlight","Advance","MoonPhase","BlessingOfTheForge","BottledTime","ShiftingGears","RealityMarble"],"campfire_rested":0,"item_purchase_floors":[15,15,15,15,15,15,33,43,55],"current_hp_per_floor":[64,64,64,64,64,55,55,52,52,35,35,35,35,35,35,34,34,42,65,65,65,65,62,65,65,65,65,65,65,65,55,55,55,55,68,66,69,72,75,36,36,59,62,62,62,62,81,87,87,80,80,90,90,90,93,95,61],"gold":48,"neow_bonus":"BOSS_RELIC","is_daily":false,"chose_seed":false,"campfire_upgraded":7,"win_rate":0.0,"timestamp":1612177162,"path_taken":["M","?","M","?","?","M","R","E","T","E","PTL","PTL","?","R","?","M","R","BOSS","M","M","?","?","M","E","?","R","T","?","R","E","R","$","R","BOSS","M","?","M","M","?","R","$","R","T","R","E","M","?","?","R","BOSS","R","$","E","BOSS"],"items_purchased_type":["Relic","Card","Card","Card","Card","Potion","Card","Card","Card"],"build_version":"2020-12-22","purchased_purges":3,"victory":true,"max_hp_per_floor":[65,65,65,65,65,65,65,65,65,65,65,65,65,65,65,65,65,65,65,65,65,65,65,65,65,65,65,65,65,65,65,65,65,65,68,66,69,72,75,78,78,78,81,81,81,81,84,87,87,90,90,90,90,90,93,96,96],"card_choices":[{"not_picked":["Starlight","Rewind"],"picked":"Contraction","floor":1.0},{"not_picked":["Potential","Hightail"],"picked":"BottledTime","floor":3.0},{"not_picked":["Spin","StarChef"],"picked":"TimeWarp","floor":4.0},{"not_picked":["RealityMarble","Barrier"],"picked":"FastForward","floor":6.0},{"not_picked":["BottledTime","Ricochet"],"picked":"GearUp","floor":8.0},{"not_picked":["Solidify","Desolation"],"picked":"SurpressingFire","floor":10.0},{"not_picked":["Spin","Rewind"],"picked":"SpecialFormula","floor":16.0},{"not_picked":["TheWorld","PendulumOfEternity"],"picked":"FloweringNight","floor":18.0},{"not_picked":["ShatteredReality","Replace+1"],"picked":"Ricochet","floor":20.0},{"not_picked":["DoubleEdge","Starlight+1"],"picked":"Defy","floor":21.0},{"not_picked":["DoubleEdge","Starlight+1","Defy"],"picked":"SKIP","floor":23.0},{"not_picked":["Unruled","Starlight","Advance"],"picked":"SKIP","floor":24.0},{"not_picked":["Potential+1","Gouge"],"picked":"Initiator","floor":25.0},{"not_picked":["Unruled","Desolation"],"picked":"SilverBlades","floor":31.0},{"not_picked":["FloweringNight","TheWorld"],"picked":"FlawlessForm","floor":35.0},{"not_picked":["FastForward","DoubleEdge+1"],"picked":"WasteNot+1","floor":37.0},{"not_picked":["Starlight+1","FanOfKnives+1"],"picked":"SpecialFormula+1","floor":38.0},{"not_picked":["Solidify","Unruled+1"],"picked":"Collapse+1","floor":38.0},{"not_picked":["FanOfKnives+1","FastForward"],"picked":"Rearm","floor":39.0},{"not_picked":["Unruled+1","Rearm+1"],"picked":"InstantArmor+1","floor":40.0},{"not_picked":["SurpressingFire","Advance+1"],"picked":"DualDimension+1","floor":47.0},{"not_picked":["Starlight","Unruled+1"],"picked":"Revamp","floor":48.0},{"not_picked":["Transmutation","Chrysalis"],"picked":"Magnetism","floor":50},{"not_picked":["Bandage Up","ReplayTheSpireMod:Necrogeddon"],"picked":"Impatience","floor":50},{"not_picked":["ReplayTheSpireMod:Necrogeddon","Enlightenment"],"picked":"Midas Touch","floor":50},{"not_picked":["Misdirection+1","DualDimension"],"picked":"BestPractice","floor":56}],"player_experience":54218,"relics_obtained":[{"floor":8.0,"key":"Quantum Egg"},{"floor":9.0,"key":"Replay:Multitool"},{"floor":10.0,"key":"Replay:Bottled Eggs"},{"floor":25.0,"key":"StrikeDummy"},{"floor":28.0,"key":"Mummified Hand"},{"floor":31.0,"key":"WingedGreaves"},{"floor":34.0,"key":"Replay:Ringing Soul"},{"floor":38.0,"key":"Juzu Bracelet"},{"floor":45.0,"key":"Chameleon Ring"},{"floor":47.0,"key":"Orichalcum"},{"floor":56,"key":"ReplayFunnel"}],"event_choices":[{"damage_healed":0.0,"max_hp_gain":0.0,"max_hp_loss":0.0,"gold_gain":0.0,"event_name":"Lab","player_choice":"Got Potions","floor":2.0,"gold_loss":0.0,"damage_taken":0.0},{"damage_healed":0.0,"max_hp_gain":0.0,"max_hp_loss":0.0,"gold_gain":0.0,"event_name":"Living Wall","player_choice":"Grow","floor":13.0,"gold_loss":0.0,"damage_taken":0.0,"cards_upgraded":["SurpressingFire"]},{"cards_removed":["Unruled"],"damage_healed":5.0,"max_hp_gain":0.0,"max_hp_loss":0.0,"gold_gain":0.0,"event_name":"Bonfire Elementals","player_choice":"Offered Common","floor":22.0,"gold_loss":0.0,"damage_taken":0.0},{"cards_removed":["Unruled"],"damage_healed":5.0,"max_hp_gain":0.0,"max_hp_loss":0.0,"gold_gain":0.0,"event_name":"Bonfire Elementals","player_choice":"Offered Special","floor":22.0,"gold_loss":0.0,"damage_taken":0.0},{"damage_healed":0.0,"max_hp_gain":0.0,"max_hp_loss":0.0,"gold_gain":0.0,"event_name":"Ghosts","player_choice":"Ignored","floor":26.0,"gold_loss":0.0,"damage_taken":0.0},{"damage_healed":0.0,"max_hp_gain":0.0,"max_hp_loss":0.0,"gold_gain":0.0,"event_name":"Addict","player_choice":"Obtained Relic","floor":29.0,"gold_loss":85.0,"damage_taken":0.0,"relics_obtained":["Dead Branch"]},{"cards_removed":["Snipe"],"damage_healed":0.0,"max_hp_gain":0.0,"max_hp_loss":0.0,"gold_gain":0.0,"event_name":"Falling","player_choice":"Removed Attack","floor":41.0,"gold_loss":0.0,"damage_taken":0.0},{"damage_healed":0,"gold_gain":0,"player_choice":"Memory 3","damage_taken":10,"max_hp_gain":0,"max_hp_loss":0,"event_name":"SensoryStone","floor":50,"gold_loss":0}],"is_beta":false,"boss_relics":[{"not_picked":["Kintsugi","Runic Dome"],"picked":"energizedSpire:OgreHead"},{"not_picked":["Replay:Bronze Core","Velvet Choker"],"picked":"energizedSpire:HugeHouse"}],"items_purged_floors":[15,33,43],"is_endless":false,"potions_floor_spawned":[3,16,18,20,25,31,35,39,40,47],"ascension_level":0}}