{"host":"2mxajwyidsax8sss","time":1612207653,"event":{"mods":["100% Spire Juice","2.2 Compatiblity","Act Like it!","Arknights","Aspiration","Bartender","BaseMod","Better Match","Better Note","Better Sensory Stone","Better Vampires","BetterRewards","Block Reminder","CapriCore","Chen","Colored Powertips","Conspire","Decade(???)","Defuse TimeMaze Blight","Downfall","Energized Spire","Friendly Minions","Gensokyo","Googly Eyes","GungeonMod","Hermit","HololiveMod","Hubris","Jorbs\u0027s Wanderer Trilogy","Koishi","Marked Mod","Minty Spire (QoL Compilation)","Nova Terra(??·??)","Permanent Neow","Quick Restart","Random Character Button","Reimu??????","Relic Filter","Relic Stats","Reliquary","Remilia??????","Replay The Spire","SIMod","SOS???????","StSLib","The Animator","The Bug Knight","The Death Knight","The Immortal","The Kombatant","Wandering Minibosses"],"gold_per_floor":[211,223,242,296,47,47,77,93,93,69,56,74,74,85,85,190,190,207,207,174,184,184,212,63,63,133,233,233,248,266,8,8,113,113,125,125,125,125,135,167,167,187,187,206,225,249,249,267,267,267],"floor_reached":51,"language":"ENG","playtime":8406,"items_purged":["Decade_Attack"],"score":778,"play_id":"303a2b76-15bc-4bb4-a24e-e00dd3f59538","local_time":"20210201202733","is_ascension_mode":false,"campfire_choices":[{"data":"Decade_SpecialSkill","floor":6.0,"key":"SMITH"},{"data":"KamenRideAgito","floor":13,"key":"SMITH"},{"data":"Blade_Metal","floor":15,"key":"SMITH"},{"data":"Blade_Mach","floor":28,"key":"SMITH"},{"data":"UnarmedAttack6","floor":32,"key":"SMITH"},{"data":"Blade_Mach","floor":41,"key":"SMITH"},{"floor":49,"key":"REST"}],"circlet_count":0,"master_deck":["Decade_Attack","Decade_Attack","Decade_Attack","Decade_SpecialSkill+1","Decade_Defend","Decade_Defend","Decade_Defend","Decade_Defend","AutoVajin","Blade_Metal+1","Blade_Mach+1","FormRideStorm+2","DenO_Sword","KamenRideAgito+1","Kiva_Swallow","UnarmedAttack5+1","RideBooker","DenO_Sword+1","UnarmedAttack6+1","Blade_Metal+1","UnarmedAttack1+1","FormRideFlame","DenO_Ax","Blade_Mach+1","UnarmedAttack9","Kuuga_GouramAttack+1","Blade_Slash+1","Blade_Beat+1","Blade_Kick+1"],"relics":["Decadriver","TOEIDeficitBill","ReplayTheSpireMod:Shallot","energizedSpire:SpiderWeb","Thread and Needle","reliquary:BoilingFlask","FaceOfCleric","wanderingMiniBosses:ThiefScarf","reliquary:SharkskinSheath","CrazyTorch:ReiMu","Runic Dome","hubris:Icosahedron","aspiration:HiddenCompartment","DemoMod:JetPack","hubris:64BitClover","Dream Catcher"],"acts_visited":["Exordium","TheCity","TheBeyond"],"potions_floor_usage":[16,20,23,23,30,30,45,47],"damage_taken":[{"damage":3.0,"enemies":"2 Louse","floor":1.0,"turns":3.0},{"damage":0.0,"enemies":"Jaw Worm","floor":2.0,"turns":5.0},{"damage":0.0,"enemies":"Cultist","floor":3.0,"turns":3.0},{"damage":0.0,"enemies":"3 Sentries","floor":7.0,"turns":3.0},{"damage":0.0,"enemies":"3 Louse","floor":8.0,"turns":3.0},{"damage":0,"enemies":"2 Fungi Beasts","floor":11,"turns":5},{"damage":4,"enemies":"Blue Slaver","floor":12,"turns":5},{"damage":8,"enemies":"Large Slime","floor":14,"turns":6},{"damage":16,"enemies":"Slime Boss","floor":16,"turns":13},{"damage":0,"enemies":"Chosen","floor":18,"turns":4},{"damage":47,"enemies":"conspire:FuzzyDice","floor":20,"turns":11},{"damage":16,"enemies":"Snake Plant","floor":21,"turns":5},{"damage":0,"enemies":"conspire:Head Lice","floor":23,"turns":9},{"damage":0,"enemies":"Centurion and Healer","floor":27,"turns":7},{"damage":9,"enemies":"Snecko","floor":29,"turns":4},{"damage":0,"enemies":"3 Cultists","floor":30,"turns":4},{"damage":0,"enemies":"Automaton","floor":33,"turns":8},{"damage":2,"enemies":"3 Darklings","floor":35,"turns":5},{"damage":0,"enemies":"Orb Walker","floor":39,"turns":4},{"damage":0,"enemies":"R_Hoarder","floor":40,"turns":2},{"damage":0,"enemies":"3 Darklings","floor":42,"turns":4},{"damage":19,"enemies":"Transient","floor":44,"turns":5},{"damage":49,"enemies":"4 Shapes","floor":45,"turns":6},{"damage":0,"enemies":"hubris:Merchant","floor":47,"turns":1},{"damage":0,"enemies":"Transient","floor":48,"turns":5},{"damage":13,"enemies":"Donu and Deca","floor":50,"turns":6}],"seed_played":"-2667326739823297708","potions_obtained":[{"floor":1.0,"key":"Swift Potion"},{"floor":4.0,"key":"champ:CounterPotion"},{"floor":4.0,"key":"BlessingOfTheForge"},{"floor":4.0,"key":"DuplicationPotion"},{"floor":21,"key":"LifebloodPotion"},{"floor":27,"key":"EntropicBrew"},{"floor":29,"key":"Explosive Potion"},{"floor":30,"key":"Reflective Coating"}],"is_trial":false,"path_per_floor":["M","M","M","?","$","R","E","M","T","$","M","M","R","M","R","B",null,"M","?","M","M","?","E","$","?","T","M","R","M","M","$","R","B",null,"M","?","?","?","M","E","R","M","T","M","M","T","$","M","R","B",null],"character_chosen":"Decade","items_purchased":["ReplayTheSpireMod:Shallot","FormRideStorm","UnarmedAttack6","CrazyTorch:ReiMu"],"campfire_rested":1,"item_purchase_floors":[5,10,24,31],"current_hp_per_floor":[67,67,67,39,39,39,39,39,39,39,39,35,35,27,27,21,70,70,70,23,7,7,7,7,7,7,7,7,71,72,72,72,73,73,72,70,70,70,71,72,72,73,73,55,7,7,8,9,32,20],"gold":267,"neow_bonus":"HUNDRED_GOLD","is_daily":false,"chose_seed":false,"campfire_upgraded":6,"win_rate":0.0,"timestamp":1612207653,"path_taken":["M","M","M","?","$","R","E","?","T","$","M","M","R","M","R","BOSS","M","?","M","M","?","E","$","?","T","M","R","M","M","?","R","BOSS","M","?","?","?","?","E","R","M","T","M","M","?","$","M","R","BOSS"],"items_purchased_type":["Relic","Card","Card","Relic"],"build_version":"2020-12-22","purchased_purges":1,"victory":true,"max_hp_per_floor":[70,70,70,70,70,70,70,70,70,70,70,70,70,70,70,70,70,70,70,70,70,70,70,70,70,70,70,70,71,72,72,72,73,73,74,70,70,70,71,72,72,73,73,74,75,75,76,77,77,78],"relic_stats":{"Dream Catcher":1,"FaceOfCleric":12,"counters":[26,136],"obtain_stats":[{"reliquary:OuijaBoard":40,"Ice Cream":40,"ReplayFunnel":47,"Calipers":39,"reliquary:BoilingFlask":26,"Tea:ReiMu":45,"Decadriver":0,"StoneCalendar":44,"DemoMod:GlassGuonStoneRelic":1,"aspiration:PoetsPen_weak":30,"Cleaning_Rag":29,"RedLine:ReiMu":33,"conspire:InfiniteJournal":50,"Dream Catcher":46,"hubris:Icosahedron":37,"FaceOfCleric":19,"Toolbox":35,"AntiCross":42,"hubris:DeckOfHolding":42,"Prayer Wheel":50,"DemoMod:JetPack":40,"reliquary:SharkskinSheath":7,"wanderingMiniBosses:ThiefScarf":27,"hubris:64BitClover":43,"Quantum Egg":48,"Thread and Needle":23,"reliquary:TatteredRug":45,"TOEIDeficitBill":0,"reliquary:WeakTea":35,"energizedSpire:SpiderWeb":17,"aspiration:HiddenCompartment":38,"Runic Dome":34,"ReplayTheSpireMod:Shallot":5,"CrazyTorch:ReiMu":31,"hubris:PeanutButter":33,"reliquary:BrokenClock":30,"Bag of Marbles":48,"aspiration:RitualDagger":29,"DemoMod:RingOfEthereal":39,"hubris:Potato":44,"conspire:Flyswatter":47},{"reliquary:OuijaBoard":19,"Ice Cream":19,"ReplayFunnel":23,"Calipers":18,"reliquary:BoilingFlask":13,"Tea:ReiMu":22,"Decadriver":0,"StoneCalendar":21,"DemoMod:GlassGuonStoneRelic":1,"aspiration:PoetsPen_weak":15,"Cleaning_Rag":14,"RedLine:ReiMu":16,"conspire:InfiniteJournal":25,"Dream Catcher":23,"hubris:Icosahedron":18,"FaceOfCleric":10,"Toolbox":17,"AntiCross":20,"hubris:DeckOfHolding":20,"Prayer Wheel":25,"DemoMod:JetPack":20,"reliquary:SharkskinSheath":4,"wanderingMiniBosses:ThiefScarf":14,"hubris:64BitClover":21,"Quantum Egg":24,"Thread and Needle":13,"reliquary:TatteredRug":22,"TOEIDeficitBill":0,"reliquary:WeakTea":17,"energizedSpire:SpiderWeb":9,"aspiration:HiddenCompartment":18,"Runic Dome":17,"ReplayTheSpireMod:Shallot":3,"CrazyTorch:ReiMu":16,"hubris:PeanutButter":16,"reliquary:BrokenClock":15,"Bag of Marbles":24,"aspiration:RitualDagger":14,"DemoMod:RingOfEthereal":18,"hubris:Potato":21,"conspire:Flyswatter":23},{"reliquary:OuijaBoard":107,"Ice Cream":107,"ReplayFunnel":124,"Calipers":103,"reliquary:BoilingFlask":75,"Tea:ReiMu":118,"Decadriver":0,"StoneCalendar":113,"DemoMod:GlassGuonStoneRelic":3,"aspiration:PoetsPen_weak":86,"Cleaning_Rag":82,"RedLine:ReiMu":90,"conspire:InfiniteJournal":130,"Dream Catcher":124,"hubris:Icosahedron":103,"FaceOfCleric":50,"Toolbox":98,"AntiCross":109,"hubris:DeckOfHolding":109,"Prayer Wheel":130,"DemoMod:JetPack":109,"reliquary:SharkskinSheath":14,"wanderingMiniBosses:ThiefScarf":82,"hubris:64BitClover":113,"Quantum Egg":125,"Thread and Needle":75,"reliquary:TatteredRug":118,"TOEIDeficitBill":0,"reliquary:WeakTea":98,"energizedSpire:SpiderWeb":46,"aspiration:HiddenCompartment":103,"Runic Dome":98,"ReplayTheSpireMod:Shallot":11,"CrazyTorch:ReiMu":90,"hubris:PeanutButter":90,"reliquary:BrokenClock":86,"Bag of Marbles":125,"aspiration:RitualDagger":82,"DemoMod:RingOfEthereal":103,"hubris:Potato":113,"conspire:Flyswatter":124}]},"card_choices":[{"not_picked":["DenO_Sword","FormRideGaruru"],"picked":"AutoVajin","floor":2.0},{"not_picked":["KamenRideDecade","MirrorWorld","Kiva_Bats"],"picked":"SKIP","floor":3.0},{"not_picked":["PhotonAcceleration","FormRideTitan"],"picked":"Blade_Metal","floor":8.0},{"not_picked":["FormRideBasshaa","Decade_Dash1"],"picked":"Blade_Mach","floor":8.0},{"not_picked":["Kiva_Frozen","FormRideJack"],"picked":"DenO_Sword","floor":11},{"not_picked":["TimeVent","Blade_Beat"],"picked":"KamenRideAgito","floor":12},{"not_picked":["Decade_Invisible","Decade_Defend2"],"picked":"UnarmedAttack7","floor":14},{"not_picked":["Kiva_Eat","FormRideAxel"],"picked":"Kiva_Swallow","floor":16},{"not_picked":["KamenRideKuuga","KamenRideAgito+1"],"picked":"UnarmedAttack5+1","floor":21},{"not_picked":["KamenRideDecade","UnarmedAttack8"],"picked":"DenO_Sword+1","floor":23},{"not_picked":["Kiva_Bats","KamenRideKabuto+1"],"picked":"UnarmedAttack1+1","floor":30},{"not_picked":["UnarmedAttack5+1","PhotonAcceleration+1"],"picked":"FormRideFlame","floor":35},{"not_picked":["KamenRideHibiki+1","FormRideDogga"],"picked":"DenO_Ax","floor":39},{"not_picked":["FormRideFlame+1","Kuuga_GouramAttack"],"picked":"Blade_Mach","floor":40},{"not_picked":["FormRideDogga+1","DenO_Gun"],"picked":"UnarmedAttack9","floor":42},{"not_picked":["FormRide","DenO_Rod"],"picked":"Kuuga_GouramAttack+1","floor":42},{"not_picked":["UnarmedAttack9","FormRideFlame"],"picked":"Blade_Slash+1","floor":48},{"not_picked":["DenO_Gun","UnarmedAttack7+1"],"picked":"Blade_Beat+1","floor":48},{"not_picked":["MirrorWorld+1","FormRideStorm"],"picked":"Blade_Kick+1","floor":49}],"player_experience":199100,"relics_obtained":[{"floor":7.0,"key":"reliquary:SharkskinSheath"},{"floor":23,"key":"Thread and Needle"},{"floor":26,"key":"reliquary:BoilingFlask"},{"floor":27,"key":"FaceOfCleric"},{"floor":27,"key":"wanderingMiniBosses:ThiefScarf"},{"floor":27,"key":"reliquary:SharkskinSheath"},{"floor":40,"key":"DemoMod:JetPack"},{"floor":43,"key":"hubris:64BitClover"},{"floor":46,"key":"Dream Catcher"}],"event_choices":[{"damage_healed":0,"gold_gain":0,"player_choice":"Trade","damage_taken":0,"relics_obtained":["FaceOfCleric"],"max_hp_gain":0,"max_hp_loss":0,"event_name":"FaceTrader","floor":19,"gold_loss":0},{"damage_healed":0,"gold_gain":0,"cards_transformed":["KamenRide"],"player_choice":"Transformed","damage_taken":0,"max_hp_gain":0,"max_hp_loss":0,"event_name":"Transmorgrifier","floor":22,"gold_loss":0,"cards_obtained":["RideBooker"]},{"damage_healed":0,"gold_gain":0,"player_choice":"Copied","damage_taken":0,"max_hp_gain":0,"max_hp_loss":0,"event_name":"Duplicator","floor":25,"gold_loss":0,"cards_obtained":["Blade_Metal"]},{"damage_healed":0,"gold_gain":0,"player_choice":"Max HP","damage_taken":0,"max_hp_gain":0,"max_hp_loss":4,"event_name":"Winding Halls","floor":36,"gold_loss":0},{"cards_removed":["UnarmedAttack7"],"damage_healed":0,"gold_gain":0,"player_choice":"Gave Card","damage_taken":0,"relics_obtained":["aspiration:HiddenCompartment"],"max_hp_gain":0,"max_hp_loss":0,"event_name":"WeMeetAgain","floor":38,"gold_loss":0}],"is_beta":false,"boss_relics":[{"not_picked":["Astrolabe","reliquary:Ember"],"picked":"energizedSpire:SpiderWeb"},{"not_picked":["Replay:Grab Bag","SacredBark"],"picked":"Runic Dome"}],"items_purged_floors":[24],"is_endless":false,"potions_floor_spawned":[1,7,8,11,12,21,27,29,30,33,39,42,44],"ascension_level":0}}