{"host":"f0gpob8hq9vgebej","time":1612156900,"event":{"mods":["AchievementEnabler","BaseMod","Minty Spire (QoL Compilation)","Quick Restart","SuperFastMode"],"gold_per_floor":[110,129,143,153,170,170,203,128,128,128,159,169,180,197,197,276,276,259,129,129,149,64,64,94,94,94,122,122,122],"floor_reached":28,"language":"KOR","playtime":495,"items_purged":["Strike_R","Strike_R"],"score":576,"play_id":"d579b5ca-2777-4552-b411-9b5a40bfcbcd","local_time":"20210201142140","is_ascension_mode":true,"campfire_choices":[{"data":"Armaments","floor":6.0,"key":"SMITH"},{"floor":10.0,"key":"REST"},{"data":"Flex","floor":15.0,"key":"SMITH"},{"data":"Hemokinesis","floor":23.0,"key":"SMITH"},{"floor":25.0,"key":"REST"}],"circlet_count":0,"master_deck":["AscendersBane","Strike_R","Strike_R","Strike_R","Defend_R","Defend_R","Defend_R+1","Defend_R+1","Bash","Whirlwind","Armaments+1","Sword Boomerang","Hemokinesis+1","Flex+1","Brutality","Shrug It Off","Sword Boomerang"],"relics":["Burning Blood","Bronze Scales","War Paint","Red Skull","Gremlin Horn","Bird Faced Urn","Pear","Ginger"],"acts_visited":["Exordium","TheCity"],"potions_floor_usage":[28],"damage_taken":[{"damage":7.0,"enemies":"Jaw Worm","floor":1.0,"turns":3.0},{"damage":7.0,"enemies":"2 Louse","floor":2.0,"turns":3.0},{"damage":12.0,"enemies":"Small Slimes","floor":3.0,"turns":4.0},{"damage":17.0,"enemies":"Blue Slaver","floor":4.0,"turns":6.0},{"damage":17.0,"enemies":"Red Slaver","floor":5.0,"turns":4.0},{"damage":16.0,"enemies":"Gremlin Nob","floor":7.0,"turns":3.0},{"damage":31.0,"enemies":"Lagavulin","floor":11.0,"turns":8.0},{"damage":0.0,"enemies":"Exordium Thugs","floor":12.0,"turns":3.0},{"damage":0.0,"enemies":"2 Fungi Beasts","floor":13.0,"turns":1.0},{"damage":7.0,"enemies":"Lots of Slimes","floor":14.0,"turns":3.0},{"damage":4.0,"enemies":"Slime Boss","floor":16.0,"turns":8.0},{"damage":12.0,"enemies":"2 Thieves","floor":18.0,"turns":4.0},{"damage":7.0,"enemies":"Chosen","floor":21.0,"turns":3.0},{"damage":18.0,"enemies":"Gremlin Leader","floor":24.0,"turns":4.0},{"damage":55.0,"enemies":"Book of Stabbing","floor":27.0,"turns":5.0},{"damage":11,"enemies":"Shelled Parasite and Fungi","floor":28,"turns":3}],"seed_played":"-9129636099353525393","potions_obtained":[{"floor":3.0,"key":"BlessingOfTheForge"},{"floor":4.0,"key":"Fire Potion"},{"floor":12.0,"key":"Fire Potion"},{"floor":14.0,"key":"Ancient Potion"},{"floor":16.0,"key":"SkillPotion"}],"is_trial":false,"path_per_floor":["M","M","M","M","M","R","E","$","T","R","E","M","M","M","R","B",null,"M","$","?","M","?","R","E","R","T","E","M"],"character_chosen":"IRONCLAD","items_purchased":["Shrug It Off"],"campfire_rested":2,"item_purchase_floors":[19],"current_hp_per_floor":[67,66,60,49,38,38,28,28,28,50,25,31,37,36,36,38,66,60,60,39,38,38,38,26,50,60,11,0,0],"gold":122,"neow_bonus":"THREE_CARDS","is_daily":false,"chose_seed":false,"campfire_upgraded":3,"win_rate":0.0,"timestamp":1612156900,"path_taken":["M","M","M","M","M","R","E","$","T","R","E","M","M","M","R","BOSS","M","$","?","M","?","R","E","R","T","E","M"],"items_purchased_type":["Card"],"build_version":"2020-12-22","purchased_purges":2,"victory":false,"max_hp_per_floor":[75,75,75,75,75,75,75,75,75,75,75,75,75,75,75,75,75,75,75,80,80,80,80,80,80,90,90,90,90],"card_choices":[{"not_picked":["Burning Pact","Seeing Red"],"picked":"Whirlwind","floor":0.0},{"not_picked":["Reckless Charge","Clothesline"],"picked":"Armaments","floor":1.0},{"not_picked":["Clash","Iron Wave"],"picked":"Sword Boomerang","floor":2.0},{"not_picked":["Body Slam","Clash","Perfected Strike"],"picked":"SKIP","floor":3.0},{"not_picked":["Clothesline","Armaments","Iron Wave"],"picked":"SKIP","floor":4.0},{"not_picked":["Corruption","Disarm","Flame Barrier"],"picked":"SKIP","floor":5.0},{"not_picked":["Evolve","Body Slam"],"picked":"Hemokinesis","floor":7.0},{"not_picked":["Pommel Strike","Wild Strike","Juggernaut"],"picked":"SKIP","floor":11.0},{"not_picked":["Headbutt","Clothesline","Wild Strike"],"picked":"SKIP","floor":12.0},{"not_picked":["Wild Strike","Dropkick"],"picked":"Flex","floor":13.0},{"not_picked":["Headbutt","Twin Strike","Cleave"],"picked":"SKIP","floor":14.0},{"not_picked":["Impervious","Immolate"],"picked":"Brutality","floor":16.0},{"not_picked":["Sword Boomerang","Anger+1","Pommel Strike"],"picked":"SKIP","floor":18.0},{"not_picked":["Pommel Strike","True Grit"],"picked":"Sword Boomerang","floor":21.0},{"not_picked":["True Grit","Shockwave","Feel No Pain"],"picked":"SKIP","floor":24.0},{"not_picked":["Iron Wave","Wild Strike","Feel No Pain"],"picked":"SKIP","floor":27.0}],"player_experience":339495,"relics_obtained":[{"floor":7.0,"key":"Bronze Scales"},{"floor":9.0,"key":"War Paint"},{"floor":11.0,"key":"Red Skull"},{"floor":24.0,"key":"Bird Faced Urn"},{"floor":26.0,"key":"Pear"},{"floor":27.0,"key":"Ginger"}],"event_choices":[{"damage_healed":0.0,"max_hp_gain":5.0,"max_hp_loss":0.0,"gold_gain":0.0,"event_name":"Forgotten Altar","player_choice":"Shed Blood","floor":20.0,"gold_loss":0.0,"damage_taken":26.0},{"damage_healed":0.0,"max_hp_gain":0.0,"max_hp_loss":0.0,"gold_gain":0.0,"event_name":"Addict","player_choice":"Obtained Relic","floor":22.0,"gold_loss":85.0,"damage_taken":0.0,"relics_obtained":["Gremlin Horn"]}],"is_beta":false,"boss_relics":[{"not_picked":["Velvet Choker","Ectoplasm","Fusion Hammer"]}],"items_purged_floors":[8,19],"is_endless":false,"potions_floor_spawned":[3,4,5,12,14,16,18],"killed_by":"Shelled Parasite and Fungi","ascension_level":16}}