{"host":"1a8vswsp13vmqqwt","time":1612212445,"event":{"mods":["AchievementEnabler","BaseMod","Minty Spire (QoL Compilation)","StSLib"],"gold_per_floor":[114,164,181,192,26,54,66,66,145,145,202,202,172,184,184,282,282,300,315,91,103,28,28,63,75,87,99,111,133,159,171,171],"floor_reached":31,"language":"ENG","playtime":708,"items_purged":["Strike_R"],"score":319,"play_id":"90cd67ae-38ef-49f1-83d9-5bc5a624ed16","local_time":"20210201234725","is_ascension_mode":true,"campfire_choices":[{"data":"Inflame","floor":8,"key":"SMITH"},{"data":"Spot Weakness","floor":10,"key":"SMITH"},{"floor":15,"key":"REST"},{"data":"Spot Weakness","floor":23,"key":"SMITH"},{"data":"Barricade","floor":25,"key":"SMITH"}],"circlet_count":0,"master_deck":["Strike_R","Strike_R","Strike_R","Strike_R","Defend_R","Defend_R","Defend_R","Defend_R","Bash","Sever Soul","Anger","Clothesline","Spot Weakness+1","Inflame+1","Shrug It Off","Heavy Blade","Hemokinesis","Spot Weakness+1","Sword Boomerang","Exhume","Flame Barrier+1","Sword Boomerang","Ghostly Armor","Barricade+1","Decay","Shockwave","Second Wind+1","Hemokinesis+1"],"relics":["Burning Blood","NeowsBlessing","Turnip","Self Forming Clay","Pen Nib","Cursed Key","Sling","MawBank","Question Card"],"acts_visited":["Exordium","TheCity"],"potions_floor_usage":[7,7,16,21,21,24,30,31],"damage_taken":[{"damage":0,"enemies":"Jaw Worm","floor":1,"turns":1},{"damage":0,"enemies":"Small Slimes","floor":3,"turns":1},{"damage":0,"enemies":"2 Louse","floor":4,"turns":1},{"damage":29,"enemies":"3 Sentries","floor":6,"turns":7},{"damage":9,"enemies":"Lots of Slimes","floor":7,"turns":3},{"damage":31,"enemies":"Lagavulin Event","floor":11,"turns":6},{"damage":10,"enemies":"3 Louse","floor":14,"turns":3},{"damage":38,"enemies":"Slime Boss","floor":16,"turns":8},{"damage":2,"enemies":"Chosen","floor":18,"turns":3},{"damage":11,"enemies":"Shell Parasite","floor":19,"turns":4},{"damage":12,"enemies":"Cultist and Chosen","floor":21,"turns":6},{"damage":6,"enemies":"Gremlin Leader","floor":24,"turns":5},{"damage":2,"enemies":"Snecko","floor":29,"turns":3},{"damage":51,"enemies":"Snake Plant","floor":30,"turns":4},{"damage":21,"enemies":"Slavers","floor":31,"turns":1}],"seed_played":"-6577350651796282153","potions_obtained":[{"floor":1,"key":"AttackPotion"},{"floor":6,"key":"Fire Potion"},{"floor":11,"key":"LiquidMemories"},{"floor":13,"key":"ColorlessPotion"},{"floor":13,"key":"DistilledChaos"},{"floor":16,"key":"Block Potion"},{"floor":24,"key":"PowerPotion"},{"floor":30,"key":"Strength Potion"}],"is_trial":false,"path_per_floor":["M","?","M","M","$","E","M","R","T","R","?","?","?","M","R","B",null,"M","M","$","M","?","R","E","R","T","$","?","M","M","E"],"character_chosen":"IRONCLAD","items_purchased":["Spot Weakness","Inflame","Shrug It Off","Sling"],"campfire_rested":1,"item_purchase_floors":[5,5,5,20],"current_hp_per_floor":[80,80,80,80,80,57,54,54,54,54,29,49,49,45,69,37,69,73,68,68,62,62,62,62,62,62,62,62,66,21,0,0],"gold":171,"neow_bonus":"THREE_ENEMY_KILL","is_daily":false,"chose_seed":false,"campfire_upgraded":4,"win_rate":0.0,"timestamp":1612212445,"path_taken":["M","?","M","M","$","E","M","R","T","R","?","?","?","?","R","BOSS","M","M","$","M","?","R","E","R","T","$","?","M","M","E"],"items_purchased_type":["Card","Card","Card","Relic"],"build_version":"2020-12-22","purchased_purges":1,"victory":false,"max_hp_per_floor":[80,80,80,80,80,80,80,80,80,80,80,80,80,80,80,80,80,80,80,80,80,77,77,77,77,77,77,77,77,77,77,77],"card_choices":[{"not_picked":["Warcry","Perfected Strike"],"picked":"Sever Soul","floor":1},{"not_picked":["Reckless Charge","Bloodletting"],"picked":"Anger","floor":3},{"not_picked":["Headbutt","Flex"],"picked":"Clothesline","floor":4},{"not_picked":["Intimidate","Sword Boomerang"],"picked":"Heavy Blade","floor":6},{"not_picked":["Dropkick","Wild Strike"],"picked":"Hemokinesis","floor":7},{"not_picked":["Warcry","Shrug It Off"],"picked":"Spot Weakness","floor":11},{"not_picked":["Pommel Strike","Perfected Strike"],"picked":"Sword Boomerang","floor":14},{"not_picked":["Fiend Fire","Double Tap"],"picked":"Exhume","floor":16},{"not_picked":["Ghostly Armor","Infernal Blade"],"picked":"Flame Barrier+1","floor":18},{"not_picked":["Perfected Strike","Spot Weakness+1"],"picked":"Sword Boomerang","floor":19},{"not_picked":["Bloodletting","Reckless Charge"],"picked":"Ghostly Armor","floor":21},{"not_picked":["Second Wind","Shrug It Off"],"picked":"Barricade","floor":24},{"not_picked":["Body Slam","Seeing Red","Reckless Charge+1"],"picked":"Second Wind+1","floor":29},{"not_picked":["Blood for Blood","Anger+1","Fire Breathing"],"picked":"Hemokinesis+1","floor":30}],"player_experience":194421,"relics_obtained":[{"floor":6,"key":"Turnip"},{"floor":9,"key":"Self Forming Clay"},{"floor":11,"key":"Pen Nib"},{"floor":24,"key":"MawBank"},{"floor":26,"key":"Question Card"}],"event_choices":[{"damage_healed":0,"gold_gain":50,"player_choice":"Gained Gold","damage_taken":0,"max_hp_gain":0,"max_hp_loss":0,"event_name":"Golden Wing","floor":2,"gold_loss":0},{"damage_healed":0,"gold_gain":0,"player_choice":"Searched \u00271\u0027 times","damage_taken":0,"max_hp_gain":0,"max_hp_loss":0,"event_name":"Dead Adventurer","floor":11,"gold_loss":0},{"damage_healed":20,"gold_gain":0,"player_choice":"Healed and dodged fight","damage_taken":0,"max_hp_gain":0,"max_hp_loss":0,"event_name":"Mushrooms","floor":12,"gold_loss":0,"cards_obtained":["Parasite"]},{"damage_healed":0,"gold_gain":0,"player_choice":"Bought 2 Potions","damage_taken":0,"max_hp_gain":0,"max_hp_loss":0,"event_name":"The Woman in Blue","floor":13,"gold_loss":0},{"cards_removed":["Parasite"],"damage_healed":0,"gold_gain":0,"player_choice":"Gave Gold","damage_taken":0,"max_hp_gain":0,"max_hp_loss":0,"event_name":"Beggar","floor":22,"gold_loss":75},{"damage_healed":0,"gold_gain":0,"player_choice":"Read","damage_taken":0,"max_hp_gain":0,"max_hp_loss":0,"event_name":"The Library","floor":28,"gold_loss":0,"cards_obtained":["Shockwave"]}],"is_beta":false,"boss_relics":[{"not_picked":["Busted Crown","Tiny House"],"picked":"Cursed Key"}],"items_purged_floors":[20],"is_endless":false,"potions_floor_spawned":[1,6,11,16,19,24,30],"killed_by":"Slavers","ascension_level":5}}