{"host":"zsnmfqgcm92hlreo","time":1612220762,"event":{"mods":["AchievementEnabler","Act Like it!","BaseMod","Bestiary","Block Reminder","Colored Map","Colored Powertips","Gensokyo","Hermit","Jorbs\u0027s Wanderer Trilogy","Minty Spire (QoL Compilation)","Permanent Neow","Quick Restart","Relic Stats","StSLib","The Jungle","Weighted Paths"],"gold_per_floor":[116,127,127,302,302,337,337,357,357,357,357,357,235,235,235,334,334,361,396,431,431,431],"floor_reached":21,"language":"ENG","playtime":1033,"items_purged":[],"score":202,"play_id":"f024c436-02f8-4d68-ab03-2f2a790eb726","local_time":"20210201170602","is_ascension_mode":false,"campfire_choices":[{"floor":7.0,"key":"DIG"},{"floor":10.0,"key":"DIG"},{"floor":12.0,"key":"DIG"},{"floor":15,"key":"DIG"}],"circlet_count":0,"master_deck":["hermit:Strike_Hermit","hermit:Strike_Hermit","hermit:Strike_Hermit","hermit:Strike_Hermit","hermit:Defend_Hermit","hermit:Defend_Hermit","hermit:Defend_Hermit","hermit:Defend_Hermit","hermit:Snapshot","hermit:Covet","hermit:Deadeye","hermit:Snipe","Doubt","hermit:Glare","hermit:WideOpen","Regret","hermit:HoleUp","hermit:OverwhelmingPower","Good Instincts","hermit:FatalDesire","hermit:EyeOfTheStorm","hermit:DeadOrAlive","hermit:GoldenBullet+1"],"relics":["hermit:Momento","NeowsBlessing","Shovel","Sundial","Pen Nib","Bottled Lightning","Art of War","Ginger","Pocketwatch","Vajra","SlaversCollar"],"acts_visited":["Exordium","TheCity"],"potions_floor_usage":[16,21],"damage_taken":[{"damage":0.0,"enemies":"Small Slimes","floor":1.0,"turns":1.0},{"damage":0.0,"enemies":"Cultist","floor":2.0,"turns":1.0},{"damage":0.0,"enemies":"Lagavulin","floor":6.0,"turns":1.0},{"damage":1.0,"enemies":"2 Louse","floor":8.0,"turns":2.0},{"damage":15,"enemies":"Slime Boss","floor":16,"turns":8},{"damage":25,"enemies":"Shell Parasite","floor":18,"turns":6},{"damage":8,"enemies":"Spheric Guardian","floor":19,"turns":4},{"damage":27,"enemies":"Snake Plant","floor":20,"turns":5},{"damage":19,"enemies":"Cultist and Chosen","floor":21,"turns":4}],"seed_played":"3250155908185503644","potions_obtained":[{"floor":1.0,"key":"PowerPotion"},{"floor":6.0,"key":"Ancient Potion"},{"floor":19,"key":"PowerPotion"}],"is_trial":false,"path_per_floor":["M","M","$","?","?","E","R","M","T","R","?","R","$","?","R","B",null,"M","M","M","M"],"character_chosen":"HERMIT","items_purchased":["hermit:HoleUp","hermit:OverwhelmingPower"],"campfire_rested":0,"item_purchase_floors":[13,13],"current_hp_per_floor":[75,75,75,75,75,75,75,74,74,74,74,74,74,74,74,59,75,50,42,15,0,0],"gold":431,"neow_bonus":"THREE_ENEMY_KILL","is_daily":false,"chose_seed":false,"campfire_upgraded":0,"win_rate":0.0,"timestamp":1612220762,"path_taken":["M","M","$","?","?","E","R","?","T","R","?","R","?","?","R","BOSS","M","M","M","M"],"items_purchased_type":["Card","Card"],"build_version":"2020-12-22","purchased_purges":0,"victory":false,"max_hp_per_floor":[75,75,75,75,75,75,75,75,75,75,75,75,75,75,75,75,75,75,75,75,75,75],"relic_stats":{"Shovel":4,"counters":[9,32],"Sundial":[4],"Pen Nib":[5],"Art of War":[1],"Ginger":[27],"obtain_stats":[{"SlaversCollar":17,"Shovel":5,"NeowsBlessing":0,"Sundial":6,"Vajra":15,"Pen Nib":7,"Art of War":10,"Bottled Lightning":9,"Ginger":11,"hermit:Momento":0,"Pocketwatch":12},{"SlaversCollar":5,"Shovel":2,"NeowsBlessing":0,"Sundial":3,"Vajra":4,"Pen Nib":3,"Art of War":4,"Bottled Lightning":4,"Ginger":4,"hermit:Momento":0,"Pocketwatch":4},{"SlaversCollar":13,"Shovel":2,"NeowsBlessing":0,"Sundial":3,"Vajra":5,"Pen Nib":3,"Art of War":5,"Bottled Lightning":5,"Ginger":5,"hermit:Momento":0,"Pocketwatch":5}],"Pocketwatch":[23]},"card_choices":[{"not_picked":["hermit:Shortfuse","hermit:TrackingShot"],"picked":"hermit:Deadeye","floor":1.0},{"not_picked":["hermit:CursedWeapon","hermit:BigShot"],"picked":"hermit:Snipe","floor":2.0},{"not_picked":["hermit:NoHoldsBarred","hermit:Feint"],"picked":"hermit:Glare","floor":6.0},{"not_picked":["hermit:Virtue","hermit:ItchyTrigger"],"picked":"hermit:WideOpen","floor":8.0},{"not_picked":["hermit:OverwhelmingPower","hermit:HeroicBravado"],"picked":"hermit:DeadOrAlive","floor":16},{"not_picked":["hermit:Virtue","hermit:Coalescence"],"picked":"hermit:GoldenBullet+1","floor":18},{"not_picked":["hermit:Scavenge","hermit:Showdown","hermit:LoneWolf"],"picked":"SKIP","floor":19},{"not_picked":["hermit:Maintenance","hermit:BigShot","hermit:Vantage"],"picked":"SKIP","floor":20}],"player_experience":981987,"relics_obtained":[{"floor":6.0,"key":"Sundial"},{"floor":7.0,"key":"Pen Nib"},{"floor":9.0,"key":"Bottled Lightning"},{"floor":10.0,"key":"Art of War"},{"floor":12.0,"key":"Pocketwatch"},{"floor":15,"key":"Vajra"}],"event_choices":[{"damage_healed":0.0,"max_hp_gain":0.0,"max_hp_loss":0.0,"gold_gain":175.0,"event_name":"Liars Game","player_choice":"AGREE","floor":4.0,"gold_loss":0.0,"damage_taken":0.0,"cards_obtained":["Doubt"]},{"damage_healed":0.0,"max_hp_gain":0.0,"max_hp_loss":0.0,"gold_gain":0.0,"event_name":"WeMeetAgain","player_choice":"Gave Potion","floor":5.0,"gold_loss":0.0,"damage_taken":0.0,"relics_obtained":["Shovel"]},{"damage_healed":0.0,"max_hp_gain":0.0,"max_hp_loss":0.0,"gold_gain":0.0,"event_name":"Big Fish","player_choice":"Box","floor":11.0,"gold_loss":0.0,"damage_taken":0.0,"relics_obtained":["Ginger"],"cards_obtained":["Regret"]},{"damage_healed":0,"gold_gain":0,"player_choice":"3 cards matched","damage_taken":0,"max_hp_gain":0,"max_hp_loss":0,"event_name":"Match and Keep!","floor":14,"gold_loss":0,"cards_obtained":["Good Instincts","hermit:FatalDesire","hermit:EyeOfTheStorm"]}],"is_beta":false,"boss_relics":[{"not_picked":["Ectoplasm","Black Star"],"picked":"SlaversCollar"}],"items_purged_floors":[],"is_endless":false,"potions_floor_spawned":[1,6,19],"killed_by":"Cultist and Chosen","ascension_level":0}}