{"host":"k7udt7atmcuzf6l0","time":1612188619,"event":{"mods":["AchievementEnabler","BaseMod","BetterRewards","Colored Map","Colored Powertips","Highlight Path","Minty Spire (QoL Compilation)","Quick Restart","Rare Cards Sparkle","Relic Stats","StSLib","UnlockEverythingMod"],"gold_per_floor":[113,83,101,112,122,151,151,184,184,184,214,214,214,232,232,335,385,405,405,1,13,13,41,41,61,61,61,73,100,114,124,124,229,229,242,517,23,23,41,69,69,85,85,85,104,104,119,144,144,144],"floor_reached":51,"language":"ZHS","playtime":1464,"items_purged":["Defend_R"],"score":792,"play_id":"d0e1fe2a-3188-414e-8a02-d3a6282a355e","local_time":"20210201221019","is_ascension_mode":false,"campfire_choices":[{"data":"Spot Weakness","floor":7.0,"key":"SMITH"},{"data":"Spot Weakness","floor":13.0,"key":"SMITH"},{"data":"Intimidate","floor":15.0,"key":"SMITH"},{"data":"Heavy Blade","floor":24.0,"key":"SMITH"},{"data":"Shockwave","floor":27.0,"key":"SMITH"},{"data":"Reaper","floor":32.0,"key":"SMITH"},{"data":"Thunderclap","floor":41.0,"key":"SMITH"},{"floor":44.0,"key":"RECALL"},{"data":"Strike_R","floor":49,"key":"SMITH"}],"circlet_count":0,"master_deck":["Strike_R","Strike_R","Strike_R+1","Strike_R","Strike_R+1","Defend_R+1","Defend_R+1","Bash+1","Thunderclap+1","Spot Weakness+1","Intimidate+1","Battle Trance+1","Spot Weakness+1","Reaper+1","Shockwave+1","Flex+1","Heavy Blade+1","Sword Boomerang+1","Reaper+1","Clash+1","Whirlwind+1","Hemokinesis+1","Anger+1","Reaper+1","Seeing Red+1","Regret","Chrysalis+1","Whirlwind+1","Warcry+1","Body Slam+1","Twin Strike+1","Double Tap+1","Limit Break+1"],"relics":["Burning Blood","NeowsBlessing","Letter Opener","Champion Belt","Gambling Chip","Magic Flower","Tiny House","Nilry\u0027s Codex","Gremlin Horn","HandDrill","Molten Egg 2","Strawberry","Whetstone","Ginger","Black Star","Toxic Egg 2","White Beast Statue","War Paint","Dream Catcher","Self Forming Clay","Bottled Flame","Akabeko"],"acts_visited":["Exordium","TheCity","TheBeyond"],"potions_floor_usage":[48,50,50],"damage_taken":[{"damage":0.0,"enemies":"2 Louse","floor":1.0,"turns":1.0},{"damage":0.0,"enemies":"Cultist","floor":3.0,"turns":1.0},{"damage":0.0,"enemies":"Small Slimes","floor":4.0,"turns":1.0},{"damage":15.0,"enemies":"Looter","floor":5.0,"turns":3.0},{"damage":17.0,"enemies":"Gremlin Nob","floor":6.0,"turns":4.0},{"damage":37.0,"enemies":"Lagavulin","floor":8.0,"turns":7.0},{"damage":22.0,"enemies":"Gremlin Nob","floor":11.0,"turns":4.0},{"damage":9.0,"enemies":"Blue Slaver","floor":14.0,"turns":2.0},{"damage":36.0,"enemies":"Hexaghost","floor":16.0,"turns":7.0},{"damage":12.0,"enemies":"2 Thieves","floor":18.0,"turns":4.0},{"damage":10.0,"enemies":"3 Byrds","floor":21.0,"turns":3.0},{"damage":59.0,"enemies":"Gremlin Leader","floor":23.0,"turns":5.0},{"damage":6.0,"enemies":"Cultist and Chosen","floor":25.0,"turns":3.0},{"damage":18.0,"enemies":"3 Cultists","floor":28.0,"turns":3.0},{"damage":17.0,"enemies":"Slavers","floor":29.0,"turns":4.0},{"damage":3.0,"enemies":"Centurion and Healer","floor":30.0,"turns":2.0},{"damage":24.0,"enemies":"Sentry and Sphere","floor":31.0,"turns":4.0},{"damage":8.0,"enemies":"Automaton","floor":33.0,"turns":6.0},{"damage":10.0,"enemies":"3 Darklings","floor":35.0,"turns":2.0},{"damage":54.0,"enemies":"3 Shapes","floor":39.0,"turns":3.0},{"damage":57.0,"enemies":"Reptomancer","floor":40.0,"turns":4.0},{"damage":14.0,"enemies":"Spire Growth","floor":42.0,"turns":3.0},{"damage":47.0,"enemies":"Maw","floor":45.0,"turns":7.0},{"damage":6,"enemies":"3 Darklings","floor":47,"turns":3},{"damage":15,"enemies":"Nemesis","floor":48,"turns":3},{"damage":53,"enemies":"Donu and Deca","floor":50,"turns":5}],"seed_played":"-1958556705366850285","potions_obtained":[{"floor":2.0,"key":"Regen Potion"},{"floor":2.0,"key":"ElixirPotion"},{"floor":5.0,"key":"HeartOfIron"},{"floor":6.0,"key":"Block Potion"},{"floor":14.0,"key":"Explosive Potion"},{"floor":16.0,"key":"Block Potion"},{"floor":17.0,"key":"HeartOfIron"},{"floor":18.0,"key":"Energy Potion"},{"floor":23.0,"key":"EssenceOfSteel"},{"floor":29.0,"key":"Block Potion"},{"floor":30.0,"key":"LiquidBronze"},{"floor":39.0,"key":"SteroidPotion"},{"floor":40.0,"key":"SpeedPotion"},{"floor":42.0,"key":"DistilledChaos"},{"floor":45.0,"key":"Swift Potion"},{"floor":47,"key":"DistilledChaos"},{"floor":48,"key":"SneckoOil"}],"is_trial":false,"path_per_floor":["M","?","M","M","M","E","R","E","T","?","E","?","R","M","R","B",null,"M","?","$","M","?","E","R","M","T","R","M","E","M","M","R","B",null,"M","?","$","T","M","E","R","M","T","R","M","?","M","E","R","B",null],"character_chosen":"IRONCLAD","items_purchased":["Gremlin Horn","HandDrill","Chrysalis","Toxic Egg 2"],"campfire_rested":0,"item_purchase_floors":[20,20,37,37],"current_hp_per_floor":[80,80,80,80,71,60,60,44,44,37,21,47,47,47,47,20,85,85,69,69,84,84,58,58,88,88,88,83,92,92,77,77,92,92,91,91,91,91,53,34,34,70,70,70,72,72,92,92,92,86],"gold":144,"neow_bonus":"THREE_ENEMY_KILL","is_daily":false,"chose_seed":false,"campfire_upgraded":8,"win_rate":0.0,"timestamp":1612188619,"path_taken":["M","?","?","M","M","E","R","E","T","?","E","?","R","M","R","BOSS","M","?","$","M","?","E","R","M","T","R","M","E","M","M","R","BOSS","M","?","$","?","M","E","R","?","T","R","M","?","M","E","R","BOSS"],"items_purchased_type":["Relic","Relic","Card","Relic"],"build_version":"2020-12-22","purchased_purges":1,"victory":true,"max_hp_per_floor":[80,80,80,80,80,80,80,80,80,80,80,80,80,80,80,80,85,85,85,85,85,85,92,92,92,92,92,92,92,92,92,92,92,92,92,92,92,92,92,92,92,92,92,92,92,92,92,92,92,92],"relic_stats":{"Gremlin Horn":[14,20],"counters":[26,94],"Self Forming Clay":[57],"Magic Flower":[103],"Letter Opener":[221],"Whetstone":["Strike_R","Bash"],"Ginger":[3],"War Paint":["Battle Trance","Chrysalis"],"Burning Blood":159,"Dream Catcher":0,"Gambling Chip":[46],"HandDrill":[28],"Black Star":2,"Champion Belt":[66],"obtain_stats":[{"Tiny House":17,"NeowsBlessing":0,"Gremlin Horn":20,"Nilry\u0027s Codex":19,"Self Forming Clay":43,"Magic Flower":11,"Letter Opener":6,"Whetstone":26,"Ginger":29,"War Paint":40,"Burning Blood":0,"White Beast Statue":38,"Akabeko":48,"Dream Catcher":40,"Bottled Flame":48,"Gambling Chip":9,"Strawberry":23,"Molten Egg 2":22,"HandDrill":20,"Black Star":34,"Champion Belt":8,"Toxic Egg 2":37},{"Tiny House":9,"NeowsBlessing":0,"Gremlin Horn":10,"Nilry\u0027s Codex":10,"Self Forming Clay":22,"Magic Flower":7,"Letter Opener":5,"Whetstone":13,"Ginger":15,"War Paint":21,"Burning Blood":0,"White Beast Statue":19,"Akabeko":25,"Dream Catcher":21,"Bottled Flame":25,"Gambling Chip":6,"Strawberry":12,"Molten Egg 2":11,"HandDrill":10,"Black Star":18,"Champion Belt":6,"Toxic Egg 2":19},{"Tiny House":30,"NeowsBlessing":0,"Gremlin Horn":34,"Nilry\u0027s Codex":34,"Self Forming Clay":76,"Magic Flower":21,"Letter Opener":10,"Whetstone":45,"Ginger":52,"War Paint":73,"Burning Blood":0,"White Beast Statue":66,"Akabeko":89,"Dream Catcher":73,"Bottled Flame":89,"Gambling Chip":17,"Strawberry":42,"Molten Egg 2":37,"HandDrill":34,"Black Star":64,"Champion Belt":17,"Toxic Egg 2":66}]},"card_choices":[{"not_picked":["True Grit","Pommel Strike"],"picked":"Thunderclap","floor":1.0},{"not_picked":["Ghostly Armor","Disarm","Clothesline"],"picked":"SKIP","floor":3.0},{"not_picked":["Body Slam","Hemokinesis"],"picked":"Spot Weakness","floor":4.0},{"not_picked":["Heavy Blade","Power Through","Perfected Strike"],"picked":"SKIP","floor":5.0},{"not_picked":["Carnage","Dropkick"],"picked":"Intimidate","floor":6.0},{"not_picked":["Headbutt","Shrug It Off"],"picked":"Battle Trance","floor":8.0},{"not_picked":["Brutality","Searing Blow"],"picked":"Spot Weakness","floor":11.0},{"not_picked":["Anger","Second Wind","Thunderclap"],"picked":"SKIP","floor":14.0},{"not_picked":["Juggernaut","Demon Form"],"picked":"Reaper","floor":16.0},{"not_picked":["Sword Boomerang","Havoc"],"picked":"Shockwave","floor":17.0},{"not_picked":["Warcry","Iron Wave"],"picked":"Flex+1","floor":18.0},{"not_picked":["Pommel Strike","Iron Wave"],"picked":"Heavy Blade","floor":21.0},{"not_picked":["Heavy Blade+1","Intimidate"],"picked":"Sword Boomerang+1","floor":23.0},{"not_picked":["Heavy Blade+1","Headbutt+1"],"picked":"Reaper+1","floor":25.0},{"not_picked":["Reckless Charge+1","Body Slam+1"],"picked":"Clash+1","floor":28.0},{"not_picked":["Dark Embrace+1","Flex+1"],"picked":"Whirlwind+1","floor":29.0},{"not_picked":["Power Through","Sentinel+1"],"picked":"Hemokinesis+1","floor":30.0},{"not_picked":["Thunderclap+1","Whirlwind+1"],"picked":"Anger+1","floor":31.0},{"not_picked":["Demon Form","Bludgeon+1"],"picked":"Reaper+1","floor":33.0},{"not_picked":["Iron Wave+1","Rage"],"picked":"Seeing Red+1","floor":35.0},{"not_picked":["Rampage+1","Body Slam+1"],"picked":"Whirlwind+1","floor":39.0},{"not_picked":["Cleave+1","Blood for Blood+1"],"picked":"Warcry+1","floor":40.0},{"not_picked":["Twin Strike+1","Havoc+1"],"picked":"Body Slam+1","floor":42.0},{"not_picked":["Evolve+1","Wild Strike+1"],"picked":"Twin Strike+1","floor":45.0},{"not_picked":["Sword Boomerang+1","Reckless Charge+1"],"picked":"Double Tap+1","floor":47},{"not_picked":["Sever Soul+1","Warcry+1"],"picked":"Limit Break+1","floor":48}],"player_experience":26885,"relics_obtained":[{"floor":6.0,"key":"Letter Opener"},{"floor":8.0,"key":"Champion Belt"},{"floor":9.0,"key":"Gambling Chip"},{"floor":11.0,"key":"Magic Flower"},{"floor":19.0,"key":"Nilry\u0027s Codex"},{"floor":23.0,"key":"Strawberry"},{"floor":26.0,"key":"Whetstone"},{"floor":29.0,"key":"Ginger"},{"floor":38.0,"key":"White Beast Statue"},{"floor":40.0,"key":"War Paint"},{"floor":40.0,"key":"Dream Catcher"},{"floor":43.0,"key":"Self Forming Clay"},{"floor":48,"key":"Bottled Flame"},{"floor":48,"key":"Akabeko"}],"event_choices":[{"damage_healed":0.0,"max_hp_gain":0.0,"max_hp_loss":0.0,"gold_gain":0.0,"event_name":"The Woman in Blue","player_choice":"Bought 2 Potions","floor":2.0,"gold_loss":0.0,"damage_taken":0.0},{"cards_removed":["Defend_R"],"damage_healed":0.0,"max_hp_gain":0.0,"max_hp_loss":0.0,"gold_gain":0.0,"event_name":"Golden Wing","player_choice":"Card Removal","floor":10.0,"gold_loss":0.0,"damage_taken":7.0},{"damage_healed":26.0,"max_hp_gain":0.0,"max_hp_loss":0.0,"gold_gain":0.0,"event_name":"Big Fish","player_choice":"Banana","floor":12.0,"gold_loss":0.0,"damage_taken":0.0},{"damage_healed":0.0,"max_hp_gain":0.0,"max_hp_loss":0.0,"gold_gain":0.0,"event_name":"Cursed Tome","player_choice":"Obtained Book","floor":19.0,"gold_loss":0.0,"damage_taken":16.0},{"damage_healed":0.0,"max_hp_gain":0.0,"max_hp_loss":0.0,"gold_gain":0.0,"event_name":"The Mausoleum","player_choice":"Opened","floor":22.0,"gold_loss":0.0,"damage_taken":0.0,"relics_obtained":["Molten Egg 2"]},{"damage_healed":0.0,"max_hp_gain":0.0,"max_hp_loss":0.0,"gold_gain":275.0,"event_name":"Golden Shrine","player_choice":"Desecrate","floor":36.0,"gold_loss":0.0,"damage_taken":0.0,"cards_obtained":["Regret"]},{"damage_healed":0.0,"max_hp_gain":0.0,"max_hp_loss":0.0,"gold_gain":0.0,"event_name":"Upgrade Shrine","player_choice":"Upgraded","floor":46.0,"gold_loss":0.0,"damage_taken":0.0,"cards_upgraded":["Defend_R"]}],"is_beta":false,"boss_relics":[{"not_picked":["Pandora\u0027s Box","SacredBark"],"picked":"Tiny House"},{"not_picked":["Calling Bell","Coffee Dripper"],"picked":"Black Star"}],"items_purged_floors":[37],"is_endless":false,"potions_floor_spawned":[5,6,14,16,18,23,29,30,39,40,42,45,47,48],"ascension_level":0}}