{"host":"fdq5pmhluajjrf8d","time":1612215180,"event":{"mods":["BaseMod","Minty Spire (QoL Compilation)"],"gold_per_floor":[109,123,136,147,163,163,48,80,153,153,170,187,38,3,3,77,77,55,0,0,13,24,24,24,24],"floor_reached":24,"language":"ENG","playtime":1021,"items_purged":[],"score":400,"play_id":"a6f3f72f-32e1-49ca-8238-8b39c672582b","local_time":"20210201163300","is_ascension_mode":true,"campfire_choices":[{"floor":6,"key":"REST"},{"floor":10,"key":"REST"},{"floor":15,"key":"REST"},{"floor":23,"key":"REST"}],"circlet_count":0,"master_deck":["AscendersBane","Strike_B","Strike_B","Strike_B","Strike_B","Defend_B","Defend_B","Defend_B","Defend_B","Zap","Dualcast","Skim","Leap","Gash","Steam","Gash","Rebound","Hologram","Coolheaded","Go for the Eyes","Gash","Beam Cell","Blind+1","Fission+1","CurseOfTheBell","Reprogram+1"],"relics":["Cracked Core","Shuriken","Toxic Egg 2","Calling Bell","Strawberry","HornCleat","FossilizedHelix"],"acts_visited":["Exordium","TheCity"],"potions_floor_usage":[4,22,24],"damage_taken":[{"damage":2,"enemies":"Cultist","floor":1,"turns":4},{"damage":7,"enemies":"2 Louse","floor":2,"turns":3},{"damage":3,"enemies":"Jaw Worm","floor":3,"turns":3},{"damage":0,"enemies":"2 Fungi Beasts","floor":4,"turns":4},{"damage":43,"enemies":"Exordium Thugs","floor":5,"turns":8},{"damage":36,"enemies":"3 Sentries","floor":8,"turns":12},{"damage":7,"enemies":"Blue Slaver","floor":11,"turns":4},{"damage":11,"enemies":"Exordium Wildlife","floor":12,"turns":4},{"damage":32,"enemies":"Slime Boss","floor":16,"turns":11},{"damage":12,"enemies":"2 Thieves","floor":18,"turns":5},{"damage":6,"enemies":"Chosen","floor":21,"turns":5},{"damage":6,"enemies":"Snake Plant","floor":22,"turns":3},{"damage":76,"enemies":"Slavers","floor":24,"turns":4}],"seed_played":"-6203749788312116528","potions_obtained":[{"floor":1,"key":"Block Potion"},{"floor":8,"key":"Weak Potion"},{"floor":11,"key":"Strength Potion"},{"floor":20,"key":"Fire Potion"}],"is_trial":false,"path_per_floor":["M","M","M","M","M","R","$","E","T","R","M","M","$","?","R","B",null,"M","?","?","M","M","R","E"],"character_chosen":"DEFECT","items_purchased":["Rebound","Hologram","Beam Cell","Blind+1"],"campfire_rested":4,"item_purchase_floors":[7,7,13,13],"current_hp_per_floor":[69,62,59,59,16,39,39,3,3,26,19,8,8,27,50,18,70,58,58,58,52,46,71,0,0],"gold":24,"neow_bonus":"TEN_PERCENT_HP_BONUS","is_daily":false,"chose_seed":false,"campfire_upgraded":0,"win_rate":0.0,"timestamp":1612215180,"path_taken":["M","M","M","M","M","R","?","E","T","R","M","M","$","?","R","BOSS","M","?","?","M","M","R","E"],"items_purchased_type":["Card","Card","Card","Card"],"build_version":"2020-12-22","purchased_purges":0,"victory":false,"max_hp_per_floor":[78,78,78,78,78,78,78,78,78,78,78,78,78,78,78,78,85,85,85,85,85,85,85,85,85],"card_choices":[{"not_picked":["Steam Power","Rebound"],"picked":"Skim","floor":1},{"not_picked":["Barrage","BootSequence"],"picked":"Leap","floor":2},{"not_picked":["Go for the Eyes","Aggregate"],"picked":"Gash","floor":3},{"not_picked":["Consume","Doom and Gloom"],"picked":"Steam","floor":4},{"not_picked":["Leap","White Noise"],"picked":"Gash","floor":5},{"not_picked":["Capacitor","Hologram"],"picked":"Coolheaded","floor":8},{"not_picked":["Conserve Battery+1","Redo+1"],"picked":"Go for the Eyes","floor":11},{"not_picked":["Consume+1","Go for the Eyes"],"picked":"Gash","floor":12},{"not_picked":["Creative AI","Electrodynamics"],"picked":"Fission+1","floor":16},{"not_picked":["Hologram+1","Skim+1"],"picked":"Reprogram+1","floor":18},{"not_picked":["Go for the Eyes","Conserve Battery+1","Turbo+1"],"picked":"SKIP","floor":21},{"not_picked":["Lockon","Coolheaded+1","Static Discharge"],"picked":"SKIP","floor":22}],"player_experience":1964611,"relics_obtained":[{"floor":8,"key":"Shuriken"},{"floor":9,"key":"Toxic Egg 2"},{"floor":17,"key":"Strawberry"},{"floor":17,"key":"HornCleat"},{"floor":17,"key":"FossilizedHelix"}],"event_choices":[{"damage_healed":19,"gold_gain":0,"player_choice":"Healed","damage_taken":0,"max_hp_gain":0,"max_hp_loss":0,"event_name":"The Cleric","floor":14,"gold_loss":35},{"damage_healed":0,"gold_gain":0,"player_choice":"Paid Fearfully","damage_taken":0,"max_hp_gain":0,"max_hp_loss":0,"event_name":"Masked Bandits","floor":19,"gold_loss":55},{"damage_healed":0,"gold_gain":0,"player_choice":"Got Potions","damage_taken":0,"max_hp_gain":0,"max_hp_loss":0,"event_name":"Lab","floor":20,"gold_loss":0}],"is_beta":false,"boss_relics":[{"not_picked":["Cursed Key","Busted Crown"],"picked":"Calling Bell"}],"items_purged_floors":[],"is_endless":false,"potions_floor_spawned":[1,8,11,21],"killed_by":"Slavers","ascension_level":20}}