{"host":"5dhwd44u3dydylwe","time":1612182581,"event":{"mods":["AchievementEnabler","BaseMod","BetterRewards","Dota2Spire","Hubris","Minty Spire (QoL Compilation)","Shop Mod","StSLib","Wandering Minibosses"],"gold_per_floor":[112,126,237,251,126,126,138,167,167,198,198,198,223,360,376,376,472,472,472,571,571,814,833,853,305,305,331,331,360,360,375,391,410,15,41,41,142,142,159,159,170,170,183,212,238,297,297,297,297,342,342,342,342,342,342,342,29,62,92],"floor_reached":60,"language":"ENG","playtime":3017,"items_purged":["Strike_G","Strike_G","Defend_G","Strike_G"],"score":2977,"play_id":"71baca94-ee4b-429d-b048-bd6a4bf315a8","local_time":"20210201202941","is_ascension_mode":true,"campfire_choices":[{"data":"Apotheosis","floor":6,"key":"SMITH"},{"data":"Catalyst","floor":16,"key":"SMITH"},{"floor":19,"key":"RECALL"},{"floor":36,"key":"REST"},{"floor":48,"key":"REST"},{"floor":53,"key":"REST"},{"floor":56,"key":"REST"}],"circlet_count":0,"master_deck":["Defend_G","Defend_G","Defend_G","Defend_G","Survivor","Neutralize","Apotheosis+1","Skewer+1","Flechettes+1","Dagger Spray+1","Deadly Poison","Noxious Fumes+1","Bane+1","Acrobatics","Catalyst+1","Adrenaline","Corpse Explosion","Leg Sweep","Crippling Poison","Backflip","hubris:DuctTapeCard","Acrobatics","Burst","Calculated Gamble+1","Neutralize+1"],"relics":["Ring of the Snake","Frozen Egg 2","Medical Kit","Molten Egg 2","ClockworkSouvenir","TwistedFunnel","Unceasing Top","Lee\u0027s Waffle","hubris:TenFootPole","Strawberry","The Courier","hubris:CrystalStatue","Dota2Spire:MaskOfMadness","Fusion Hammer","hubris:Backtick","Membership Card","wanderingMiniBosses:LockLocket","Snake Skull","Orichalcum","Eternal Feather","Bronze Scales","Bag of Preparation","hubris:MedicalManual","MutagenicStrength","hubris:DuctTape","Ninja Scroll","hubris:EmptyBottle","PreservedInsect","Potion Belt","hubris:MysteriousPyramids","Dota2Spire:OctarineCore","Dota2Spire:LotusOrb","Empty Cage","Dota2Spire:HandOfMidas","Dota2Spire:Vanguard","Sundial","Gremlin Horn","hubris:Towel","Dota2Spire:ArcaneBoots","Dota2Spire:PhaseBoots","Dota2Spire:CrimsonGuard","Pen Nib"],"acts_visited":["Exordium","TheCity","TheBeyond","TheEnding"],"potions_floor_usage":[13,20,22,22,22,34,34,54,54,54,54,54,54,59,59,59,59,59,59,59,59,59,59,59,59,59,59,59,59,59,59,59,59,59,59,59],"damage_taken":[{"damage":0,"enemies":"Jaw Worm","floor":1,"turns":3},{"damage":6,"enemies":"Small Slimes","floor":2,"turns":5},{"damage":0,"enemies":"Cultist","floor":3,"turns":6},{"damage":4,"enemies":"Exordium Thugs","floor":4,"turns":5},{"damage":0,"enemies":"3 Louse","floor":7,"turns":5},{"damage":8,"enemies":"Gremlin Nob","floor":8,"turns":3},{"damage":12,"enemies":"Lagavulin","floor":10,"turns":5},{"damage":7,"enemies":"3 Sentries","floor":13,"turns":5},{"damage":0,"enemies":"Exordium Wildlife","floor":14,"turns":5},{"damage":0,"enemies":"Lots of Slimes","floor":15,"turns":1},{"damage":0,"enemies":"Slime Boss","floor":17,"turns":5},{"damage":0,"enemies":"Slime Boss","floor":20,"turns":6},{"damage":0,"enemies":"2 Thieves","floor":22,"turns":6},{"damage":0,"enemies":"Chosen","floor":23,"turns":3},{"damage":0,"enemies":"Centurion and Healer","floor":24,"turns":2},{"damage":0,"enemies":"Book of Stabbing","floor":27,"turns":3},{"damage":0,"enemies":"Slavers","floor":29,"turns":2},{"damage":0,"enemies":"Chosen and Byrds","floor":31,"turns":2},{"damage":0,"enemies":"Shelled Parasite and Fungi","floor":32,"turns":2},{"damage":0,"enemies":"Centurion and Healer","floor":33,"turns":3},{"damage":0,"enemies":"Book of Stabbing","floor":35,"turns":2},{"damage":9,"enemies":"hubris:MusketHawk","floor":37,"turns":3},{"damage":0,"enemies":"3 Darklings","floor":39,"turns":2},{"damage":0,"enemies":"Orb Walker","floor":41,"turns":1},{"damage":0,"enemies":"Jaw Worm Horde","floor":43,"turns":1},{"damage":0,"enemies":"Giant Head","floor":44,"turns":1},{"damage":0,"enemies":"Nemesis","floor":46,"turns":3},{"damage":0,"enemies":"Transient","floor":50,"turns":5},{"damage":0,"enemies":"Time Eater","floor":54,"turns":2},{"damage":0,"enemies":"Shield and Spear","floor":58,"turns":1},{"damage":0,"enemies":"The Heart","floor":59,"turns":3}],"seed_played":"1397792123872591186","potions_obtained":[{"floor":1,"key":"Strength Potion"},{"floor":3,"key":"Fruit Juice"},{"floor":8,"key":"GhostInAJar"},{"floor":13,"key":"Block Potion"},{"floor":20,"key":"Fire Potion"},{"floor":22,"key":"PowerPotion"},{"floor":24,"key":"Fruit Juice"},{"floor":27,"key":"EssenceOfSteel"},{"floor":35,"key":"Strength Potion"},{"floor":37,"key":"Strength Potion"},{"floor":41,"key":"Block Potion"},{"floor":42,"key":"EntropicBrew"}],"is_trial":false,"path_per_floor":["M","M","M","M","$","R","M","E","T","E","?","?","E","M","M","R","B",null,"R","B",null,"M","M","M","$","?","E","?","E","T","M","M","M","$","E","R","B",null,"M","?","M","?","M","E","T","E","T","R","?","M","?","?","R","B",null,"R","$","E","B",null],"character_chosen":"THE_SILENT","items_purchased":["Frozen Egg 2","Apotheosis","Medical Kit","Molten Egg 2","ClockworkSouvenir","Skewer+1","Flechettes+1","TwistedFunnel","Unceasing Top","Lee\u0027s Waffle","Footwork+1","hubris:TenFootPole","Dagger Spray+1","Snake Skull","Backflip","Orichalcum","Eternal Feather","Bronze Scales","Bag of Preparation","hubris:MedicalManual","hubris:EmptyBottle","PreservedInsect","Potion Belt","hubris:MysteriousPyramids","Dota2Spire:OctarineCore","Dota2Spire:ArcaneBoots","Dota2Spire:PhaseBoots","Block Potion","LiquidBronze","Dota2Spire:CrimsonGuard","Poison Potion","Dexterity Potion"],"campfire_rested":4,"item_purchase_floors":[0,0,0,0,0,0,0,0,0,0,0,0,0,25,25,25,25,25,25,25,34,34,34,34,34,57,57,57,57,57,57,57],"current_hp_per_floor":[77,71,71,67,67,67,67,66,66,54,54,59,57,57,57,57,57,57,57,57,85,85,85,85,85,85,85,85,85,85,85,85,85,95,95,104,95,102,102,102,102,102,102,102,102,102,102,104,104,104,104,104,104,104,104,104,104,104,104],"gold":92,"neow_bonus":"","is_daily":false,"chose_seed":false,"campfire_upgraded":2,"win_rate":0.0,"timestamp":1612182581,"path_taken":["M","M","M","M","$","R","M","E","T","E","?","?","E","M","M","R","BOSS","R","BOSS","M","M","M","$","?","E","?","E","T","M","M","M","$","E","R","BOSS","M","?","M","?","?","E","?","E","T","R","?","?","?","?","R","BOSS","R","$","E","BOSS"],"items_purchased_type":["Relic","Card","Relic","Relic","Relic","Card","Card","Relic","Relic","Relic","Card","Relic","Card","Relic","Card","Relic","Relic","Relic","Relic","Relic","Relic","Relic","Relic","Relic","Relic","Relic","Relic","Potion","Potion","Relic","Potion","Potion"],"build_version":"2020-12-22","purchased_purges":4,"victory":true,"max_hp_per_floor":[77,77,77,77,77,77,77,84,84,84,84,89,94,94,94,94,94,94,94,94,94,94,94,94,94,94,94,94,94,94,94,94,94,104,104,104,104,104,104,104,104,104,104,104,104,104,104,104,104,104,104,104,104,104,104,104,104,104,104],"card_choices":[{"not_picked":["Dodge and Roll","Choke+1","Sucker Punch+1"],"picked":"SKIP","floor":1},{"not_picked":["Prepared","hubris:SlightOfHand"],"picked":"Deadly Poison","floor":2},{"not_picked":["Concentrate","hubris:SlightOfHand","Choke+1"],"picked":"SKIP","floor":3},{"not_picked":["Bane+1","Masterful Stab+1"],"picked":"Noxious Fumes+1","floor":4},{"not_picked":["Prepared","Concentrate"],"picked":"Bane+1","floor":7},{"not_picked":["A Thousand Cuts+1","Acrobatics","All Out Attack+1"],"picked":"SKIP","floor":8},{"not_picked":["Outmaneuver","hubris:TrickCloak"],"picked":"Footwork+1","floor":10},{"not_picked":["Dagger Throw+1","Well Laid Plans+1"],"picked":"Acrobatics","floor":13},{"not_picked":["Outmaneuver","Caltrops+1","Dagger Throw+1"],"picked":"SKIP","floor":14},{"not_picked":["Choke+1","A Thousand Cuts+1"],"picked":"Catalyst","floor":15},{"not_picked":["Storm of Steel","Unload+1"],"picked":"Adrenaline","floor":17},{"not_picked":["Grand Finale+1","Tools of the Trade+1"],"picked":"Corpse Explosion","floor":20},{"not_picked":["Poisoned Stab+1","Riddle With Holes+1","Cloak And Dagger"],"picked":"SKIP","floor":22},{"not_picked":["Flying Knee+1","Deadly Poison"],"picked":"Leg Sweep","floor":23},{"not_picked":["Heel Hook+1","Reflex"],"picked":"Crippling Poison","floor":24},{"not_picked":["Blade Dance","Well Laid Plans+1"],"picked":"Acrobatics","floor":27},{"not_picked":["Finisher+1","Sucker Punch+1","Backflip"],"picked":"SKIP","floor":29},{"not_picked":["Sucker Punch+1","Backflip","Grand Finale+1"],"picked":"SKIP","floor":31},{"not_picked":["Quick Slash+1","Cloak And Dagger+1","hubris:SlightOfHand"],"picked":"SKIP","floor":32},{"not_picked":["hubris:TrickCloak","Masterful Stab+1","Flying Knee+1"],"picked":"SKIP","floor":33},{"not_picked":["Concentrate","PiercingWail"],"picked":"Burst","floor":35},{"not_picked":["Dagger Spray+1","Dodge and Roll","Blade Dance+1"],"picked":"SKIP","floor":39},{"not_picked":["Dodge and Roll+1","Dagger Spray+1"],"picked":"Calculated Gamble","floor":41},{"not_picked":["Dodge and Roll","Underhanded Strike+1","Blade Dance+1"],"picked":"SKIP","floor":43},{"not_picked":["Bane+1","Expertise+1","Slice+1"],"picked":"SKIP","floor":44},{"not_picked":["Bullet Time","Dodge and Roll","Sucker Punch+1"],"picked":"SKIP","floor":46},{"not_picked":["Expertise+1","Acrobatics+1","Eviscerate+1"],"picked":"SKIP","floor":50},{"not_picked":["Eviscerate+1","Flechettes+1","Deflect+1"],"picked":"SKIP","floor":58}],"player_experience":147544,"relics_obtained":[{"floor":8,"key":"Strawberry"},{"floor":9,"key":"The Courier"},{"floor":10,"key":"hubris:CrystalStatue"},{"floor":13,"key":"Dota2Spire:MaskOfMadness"},{"floor":22,"key":"wanderingMiniBosses:LockLocket"},{"floor":27,"key":"hubris:DuctTape"},{"floor":29,"key":"Ninja Scroll"},{"floor":35,"key":"Dota2Spire:LotusOrb"},{"floor":44,"key":"Dota2Spire:HandOfMidas"},{"floor":45,"key":"Dota2Spire:Vanguard"},{"floor":46,"key":"Sundial"},{"floor":47,"key":"Gremlin Horn"},{"floor":58,"key":"Pen Nib"}],"event_choices":[{"damage_healed":0,"gold_gain":0,"player_choice":"Donut","damage_taken":0,"max_hp_gain":5,"max_hp_loss":0,"event_name":"Big Fish","floor":12,"gold_loss":0},{"damage_healed":0,"gold_gain":0,"player_choice":"Inject Mutagens","damage_taken":0,"relics_obtained":["MutagenicStrength"],"max_hp_gain":0,"max_hp_loss":0,"event_name":"Drug Dealer","floor":26,"gold_loss":0},{"damage_healed":0,"gold_gain":0,"player_choice":"Ignored","damage_taken":0,"max_hp_gain":0,"max_hp_loss":0,"event_name":"Vampires","floor":28,"gold_loss":0},{"damage_healed":0,"gold_gain":0,"player_choice":"Ignored","damage_taken":0,"max_hp_gain":0,"max_hp_loss":0,"event_name":"Tomb of Lord Red Mask","floor":40,"gold_loss":0},{"damage_healed":0,"gold_gain":0,"player_choice":"Got Potions","damage_taken":0,"max_hp_gain":0,"max_hp_loss":0,"event_name":"Lab","floor":42,"gold_loss":0},{"damage_healed":0,"gold_gain":0,"player_choice":"1 cards matched","damage_taken":0,"max_hp_gain":0,"max_hp_loss":0,"event_name":"Match and Keep!","floor":52,"gold_loss":0,"cards_obtained":["Neutralize"]}],"is_beta":false,"boss_relics":[{"not_picked":["Snecko Eye","hubris:RunicObelisk"],"picked":"Fusion Hammer"},{"not_picked":["hubris:VirtuousBlindfold","hubris:GrandSneckoEye"],"picked":"hubris:Backtick"},{"not_picked":["hubris:Stopwatch","Cursed Key"],"picked":"Empty Cage"}],"items_purged_floors":[0,0,5,25],"is_endless":false,"potions_floor_spawned":[1,3,8,13,15,20,22,24,27,35,37,41,46],"ascension_level":7}}