{"host":"utqe55yv0jihe4d6","time":1612221682,"event":{"mods":["2.2 Compatiblity","AchievementEnabler","BaseMod","Block Reminder","Colored Map","Colored Powertips","Minty Spire (QoL Compilation)","Quick Restart","Rare Cards Sparkle","Relic Stats","SuperFastMode"],"gold_per_floor":[110,110,128,8,8,33,33,33,59,73,88,107,107,138,138,215,215,227,243,243,53,66,66,98,98,98,98,116,144,164,164,164,164,164],"floor_reached":33,"language":"ENG","playtime":1440,"items_purged":["Strike_P","Strike_P"],"score":590,"play_id":"e6c9e244-7904-40a7-9f9d-435bb40bb877","local_time":"20210201182122","is_ascension_mode":true,"campfire_choices":[{"data":"WheelKick","floor":7.0,"key":"SMITH"},{"data":"CutThroughFate","floor":13.0,"key":"SMITH"},{"data":"Meditate","floor":15.0,"key":"SMITH"},{"data":"Scrawl","floor":23.0,"key":"SMITH"},{"data":"Wallop","floor":25.0,"key":"SMITH"},{"data":"EmptyMind","floor":27.0,"key":"SMITH"},{"floor":32,"key":"REST"}],"circlet_count":0,"master_deck":["AscendersBane","Strike_P","Strike_P","Defend_P","Defend_P","Defend_P","Defend_P","Eruption","Vigilance","JustLucky","Meditate+1","ReachHeaven","WheelKick+1","CutThroughFate+1","FlurryOfBlows","EmptyFist","Halt","CutThroughFate","Scrawl+1","CurseOfTheBell","JustLucky+1","EmptyMind+1","Wallop+1","ForeignInfluence+1","MentalFortress"],"relics":["PureWater","Eternal Feather","Bag of Marbles","MealTicket","Calling Bell","Bronze Scales","Sundial","StoneCalendar","Ancient Tea Set","Toxic Egg 2"],"acts_visited":["Exordium","TheCity"],"potions_floor_usage":[30],"damage_taken":[{"damage":12.0,"enemies":"Small Slimes","floor":1.0,"turns":7.0},{"damage":5.0,"enemies":"Cultist","floor":3.0,"turns":3.0},{"damage":26.0,"enemies":"3 Sentries","floor":6.0,"turns":7.0},{"damage":0.0,"enemies":"Jaw Worm","floor":10.0,"turns":3.0},{"damage":8.0,"enemies":"Blue Slaver","floor":11.0,"turns":3.0},{"damage":0.0,"enemies":"Large Slime","floor":12.0,"turns":3.0},{"damage":12.0,"enemies":"Lagavulin","floor":14.0,"turns":7.0},{"damage":18.0,"enemies":"Hexaghost","floor":16.0,"turns":7.0},{"damage":28.0,"enemies":"2 Thieves","floor":18.0,"turns":4.0},{"damage":11.0,"enemies":"Spheric Guardian","floor":19.0,"turns":3.0},{"damage":15.0,"enemies":"3 Cultists","floor":22.0,"turns":4.0},{"damage":33.0,"enemies":"Slavers","floor":24.0,"turns":5.0},{"damage":0.0,"enemies":"Snecko","floor":28.0,"turns":2.0},{"damage":13.0,"enemies":"Book of Stabbing","floor":29.0,"turns":3.0},{"damage":19,"enemies":"Snake Plant","floor":30,"turns":2},{"damage":70,"enemies":"Champ","floor":33,"turns":9}],"seed_played":"5140053154035624183","potions_obtained":[{"floor":1.0,"key":"Ambrosia"},{"floor":11.0,"key":"Dexterity Potion"},{"floor":12.0,"key":"SkillPotion"},{"floor":14.0,"key":"Regen Potion"},{"floor":28.0,"key":"SneckoOil"},{"floor":29.0,"key":"SpeedPotion"}],"is_trial":false,"path_per_floor":["M","?","M","$","?","E","R","$","T","M","M","M","R","E","R","B",null,"M","M","?","$","M","R","E","R","T","R","M","E","M","?","R","B"],"character_chosen":"WATCHER","items_purchased":["WheelKick","EmptyMind"],"campfire_rested":1,"item_purchase_floors":[4,21],"current_hp_per_floor":[55,55,50,50,50,24,33,33,33,33,25,25,34,22,31,13,59,31,20,20,35,20,32,13,25,25,37,37,24,5,5,42,0,0],"gold":164,"neow_bonus":"TEN_PERCENT_HP_BONUS","is_daily":false,"chose_seed":false,"campfire_upgraded":6,"win_rate":0.0,"timestamp":1612221682,"path_taken":["M","?","M","?","?","E","R","?","T","M","M","M","R","E","R","BOSS","M","M","?","$","M","R","E","R","T","R","M","E","M","?","R","BOSS"],"items_purchased_type":["Card","Card"],"build_version":"2020-12-22","purchased_purges":2,"victory":false,"max_hp_per_floor":[74,74,74,74,74,74,74,74,74,74,74,74,74,74,74,74,74,74,74,74,74,74,74,74,74,74,74,74,74,74,74,74,74,74],"relic_stats":{"counters":[16,72],"Sundial":[4],"Bronze Scales":[89],"Eternal Feather":78,"MealTicket":15,"StoneCalendar":[36],"obtain_stats":[{"Calling Bell":17,"Sundial":17,"Bronze Scales":17,"Eternal Feather":6,"MealTicket":14,"StoneCalendar":17,"Bag of Marbles":9,"PureWater":0,"Toxic Egg 2":29,"Ancient Tea Set":24},{"Calling Bell":8,"Sundial":8,"Bronze Scales":8,"Eternal Feather":3,"MealTicket":7,"StoneCalendar":8,"Bag of Marbles":3,"PureWater":0,"Toxic Egg 2":14,"Ancient Tea Set":12},{"Calling Bell":40,"Sundial":40,"Bronze Scales":40,"Eternal Feather":17,"MealTicket":33,"StoneCalendar":40,"Bag of Marbles":17,"PureWater":0,"Toxic Egg 2":61,"Ancient Tea Set":56}]},"card_choices":[{"not_picked":["Sanctity","CrushJoints"],"picked":"JustLucky","floor":1.0},{"not_picked":["Protect","Halt"],"picked":"ReachHeaven","floor":3.0},{"not_picked":["PathToVictory","Alpha"],"picked":"CutThroughFate","floor":6.0},{"not_picked":["BowlingBash","Consecrate"],"picked":"FlurryOfBlows","floor":10.0},{"not_picked":["Vengeance","CutThroughFate"],"picked":"EmptyFist","floor":11.0},{"not_picked":["Prostrate","Indignation"],"picked":"Halt","floor":12.0},{"not_picked":["Judgement","BowlingBash"],"picked":"CutThroughFate","floor":14.0},{"not_picked":["DeusExMachina","ConjureBlade"],"picked":"Scrawl","floor":16.0},{"not_picked":["FlyingSleeves","SashWhip"],"picked":"JustLucky+1","floor":18.0},{"not_picked":["Indignation","Prostrate","EmptyBody"],"picked":"SKIP","floor":19.0},{"not_picked":["Perseverance","Indignation","ForeignInfluence"],"picked":"SKIP","floor":22.0},{"not_picked":["MasterReality","WaveOfTheHand+1"],"picked":"Wallop","floor":24.0},{"not_picked":["EmptyBody","Pray","PathToVictory"],"picked":"SKIP","floor":28.0},{"not_picked":["Conclude+1","Crescendo+1"],"picked":"ForeignInfluence+1","floor":29.0},{"not_picked":["PathToVictory+1","Evaluate+1"],"picked":"MentalFortress","floor":30}],"player_experience":2977383,"relics_obtained":[{"floor":6.0,"key":"Eternal Feather"},{"floor":9.0,"key":"Bag of Marbles"},{"floor":14.0,"key":"MealTicket"},{"floor":17.0,"key":"Bronze Scales"},{"floor":17.0,"key":"Sundial"},{"floor":17.0,"key":"StoneCalendar"},{"floor":24.0,"key":"Ancient Tea Set"},{"floor":29.0,"key":"Toxic Egg 2"}],"event_choices":[{"damage_healed":0.0,"max_hp_gain":0.0,"max_hp_loss":0.0,"gold_gain":0.0,"event_name":"Match and Keep!","player_choice":"1 cards matched","floor":2.0,"gold_loss":0.0,"damage_taken":0.0,"cards_obtained":["Meditate"]},{"damage_healed":0.0,"max_hp_gain":0.0,"max_hp_loss":0.0,"gold_gain":0.0,"event_name":"Liars Game","player_choice":"Ignored","floor":5.0,"gold_loss":0.0,"damage_taken":0.0},{"damage_healed":0.0,"max_hp_gain":0.0,"max_hp_loss":0.0,"gold_gain":0.0,"event_name":"The Mausoleum","player_choice":"Ignored","floor":20.0,"gold_loss":0.0,"damage_taken":0.0},{"damage_healed":0,"gold_gain":0,"player_choice":"Ignored","damage_taken":0,"max_hp_gain":0,"max_hp_loss":0,"event_name":"Cursed Tome","floor":31,"gold_loss":0}],"is_beta":false,"boss_relics":[{"not_picked":["Black Star","SacredBark"],"picked":"Calling Bell"}],"items_purged_floors":[4,21],"is_endless":false,"potions_floor_spawned":[1,11,12,14,22,28,29],"killed_by":"Champ","ascension_level":20}}