{"host":"gbsupkmj5cka9iw4","time":1612176099,"event":{"mods":["BaseMod","Better Note","BetterRewards","Minty Spire (QoL Compilation)","Say the Spire","Shop Mod","StSLib"],"gold_per_floor":[111,111,129,144,156,156,184,184,184,518,535,264,264,284,284,381,381,398,36,36,36,36,70,70,70,70,96,96,109,136,162,162,257,257,267,313,313,324,341,367,367,392,392,17,34,49,59,90,90,90],"floor_reached":51,"language":"ENG","playtime":3714,"items_purged":["Strike_B","Strike_B"],"score":1880,"play_id":"ec78393f-59ee-4441-8aa9-48ede5d4c945","local_time":"20210201194139","is_ascension_mode":true,"campfire_choices":[{"data":"Zap","floor":6.0,"key":"SMITH"},{"data":"Recycle","floor":8.0,"key":"SMITH"},{"data":"Static Discharge","floor":15.0,"key":"SMITH"},{"data":"Fission","floor":25.0,"key":"SMITH"},{"data":"Defragment","floor":28.0,"key":"SMITH"},{"data":"Force Field","floor":32.0,"key":"SMITH"},{"data":"Double Energy","floor":41,"key":"SMITH"},{"data":"Storm","floor":49,"key":"SMITH"}],"circlet_count":0,"master_deck":["AscendersBane","Strike_B","Defend_B","Defend_B","Defend_B","Defend_B","Zap+1","Dualcast","Self Repair","Steam","Recycle+1","Barrage","Ball Lightning","Sweeping Beam","Ball Lightning","Barrage","Leap","Streamline","Sunder","Static Discharge+1","White Noise","Fission+1","Cold Snap","Defragment+1","Force Field+1","Cold Snap","Ghostly","Ghostly","Ghostly","Ghostly","Ghostly","Capacitor","Self Repair","Echo Form","Static Discharge","Steam Power","Thunder Strike","Creative AI","Tempest","Glacier","Double Energy+1","Loop","Consume+1","Hello World","Capacitor","Capacitor","Hologram","Storm+1","Electrodynamics","Heatsinks+1","Hologram","Steam","Steam","Reboot","Undo","Echo Form","Conserve Battery+1"],"relics":["FrozenCore","Mummified Hand","Omamori","Pear","Orichalcum","Old Coin","Coffee Dripper","Runic Capacitor","Dead Branch","Bag of Preparation","Darkstone Periapt","Red Mask","Eternal Feather","Torii","Letter Opener","Oddly Smooth Stone","The Courier","Orrery","Singing Bowl"],"acts_visited":["Exordium","TheCity","TheBeyond"],"potions_floor_usage":[33,40],"damage_taken":[{"damage":0.0,"enemies":"Small Slimes","floor":1.0,"turns":3.0},{"damage":0.0,"enemies":"Cultist","floor":3.0,"turns":3.0},{"damage":8.0,"enemies":"Jaw Worm","floor":4.0,"turns":4.0},{"damage":13.0,"enemies":"3 Louse","floor":5.0,"turns":3.0},{"damage":29.0,"enemies":"3 Sentries","floor":7.0,"turns":5.0},{"damage":33.0,"enemies":"Gremlin Nob","floor":10.0,"turns":5.0},{"damage":0.0,"enemies":"Exordium Wildlife","floor":11.0,"turns":2.0},{"damage":4.0,"enemies":"Large Slime","floor":14.0,"turns":4.0},{"damage":22.0,"enemies":"Hexaghost","floor":16.0,"turns":7.0},{"damage":9.0,"enemies":"Chosen","floor":18.0,"turns":4.0},{"damage":18.0,"enemies":"Book of Stabbing","floor":23.0,"turns":6.0},{"damage":6.0,"enemies":"Slavers","floor":27.0,"turns":3.0},{"damage":0.0,"enemies":"Spheric Guardian","floor":29.0,"turns":3.0},{"damage":8.0,"enemies":"Masked Bandits","floor":30.0,"turns":4.0},{"damage":6.0,"enemies":"Book of Stabbing","floor":31.0,"turns":5.0},{"damage":0,"enemies":"Champ","floor":33,"turns":10},{"damage":0,"enemies":"3 Shapes","floor":35,"turns":4},{"damage":26,"enemies":"2 Orb Walkers","floor":36,"turns":5},{"damage":0,"enemies":"Orb Walker","floor":38,"turns":7},{"damage":0,"enemies":"Spire Growth","floor":39,"turns":7},{"damage":0,"enemies":"Nemesis","floor":40,"turns":9},{"damage":1,"enemies":"Reptomancer","floor":42,"turns":4},{"damage":0,"enemies":"Jaw Worm Horde","floor":45,"turns":3},{"damage":1,"enemies":"Sphere and 2 Shapes","floor":46,"turns":6},{"damage":0,"enemies":"Writhing Mass","floor":47,"turns":6},{"damage":0,"enemies":"Giant Head","floor":48,"turns":8},{"damage":0,"enemies":"Donu and Deca","floor":50,"turns":6}],"seed_played":"7514555772129670119","potions_obtained":[{"floor":5.0,"key":"Ancient Potion"},{"floor":7.0,"key":"PotionOfCapacity"},{"floor":11.0,"key":"GamblersBrew"},{"floor":23.0,"key":"BlessingOfTheForge"},{"floor":29.0,"key":"Energy Potion"},{"floor":35,"key":"SkillPotion"},{"floor":42,"key":"LiquidMemories"},{"floor":47,"key":"PotionOfCapacity"}],"is_trial":false,"path_per_floor":["M","?","M","M","M","R","E","R","T","E","M","$","?","M","R","B",null,"M","$","?","?","$","E","?","R","T","E","R","M","?","E","R","B",null,"M","?","?","M","M","E","R","E","T","$","M","M","M","E","R","B",null],"character_chosen":"DEFECT","items_purchased":["Mummified Hand","Self Repair","Steam","Streamline","Sunder","Static Discharge","Defragment","Runic Capacitor","Force Field","Cold Snap","Capacitor","Capacitor","Hologram","Orrery","Steam"],"campfire_rested":0,"item_purchase_floors":[0,0,0,12,12,12,19,19,19,19,44,44,44,44,44],"current_hp_per_floor":[65,65,72,71,65,65,53,53,53,27,27,27,55,58,58,43,75,73,73,73,42,42,31,31,31,31,32,32,42,42,42,42,42,42,42,30,30,42,42,42,42,42,42,42,42,41,41,42,42,42],"gold":90,"neow_bonus":"","is_daily":false,"chose_seed":false,"campfire_upgraded":8,"win_rate":0.0,"timestamp":1612176099,"path_taken":["M","?","M","?","M","R","E","R","T","E","M","?","?","M","R","BOSS","M","$","?","?","?","E","?","R","T","E","R","M","?","E","R","BOSS","M","?","?","M","M","E","R","E","T","$","M","?","M","E","R","BOSS"],"items_purchased_type":["Relic","Card","Card","Card","Card","Card","Card","Relic","Card","Card","Card","Card","Card","Relic","Card"],"build_version":"2020-12-22","purchased_purges":2,"victory":true,"max_hp_per_floor":[75,75,75,75,75,75,85,85,85,85,85,85,85,85,85,85,85,85,85,85,42,42,42,42,42,42,42,42,42,42,42,42,42,42,42,42,42,42,42,42,42,42,42,42,42,42,42,42,42,42],"card_choices":[{"not_picked":["Scrape","Fusion"],"picked":"Recycle","floor":1.0},{"not_picked":["Steam","Lockon"],"picked":"Barrage","floor":3.0},{"not_picked":["Beam Cell","Rebound"],"picked":"Ball Lightning","floor":4.0},{"not_picked":["Lockon","Steam"],"picked":"Sweeping Beam","floor":5.0},{"not_picked":["Reprogram","Self Repair"],"picked":"Ball Lightning","floor":7.0},{"not_picked":["Doom and Gloom","Blizzard"],"picked":"Barrage","floor":10.0},{"not_picked":["Reprogram","Turbo"],"picked":"Leap","floor":11.0},{"not_picked":["Stack","Leap"],"picked":"White Noise","floor":14.0},{"not_picked":["Multi-Cast","Seek"],"picked":"Fission","floor":16.0},{"not_picked":["Stack","Chill"],"picked":"Cold Snap","floor":18.0},{"not_picked":["Stack+1","Undo"],"picked":"Capacitor","floor":23.0},{"not_picked":["White Noise","Rebound"],"picked":"Echo Form","floor":27.0},{"not_picked":["Stack","Doom and Gloom"],"picked":"Static Discharge","floor":29.0},{"not_picked":["Rebound+1","Compile Driver"],"picked":"Steam Power","floor":30.0},{"not_picked":["Tempest","Melter"],"picked":"Thunder Strike","floor":31.0},{"not_picked":["Seek","Thunder Strike"],"picked":"Creative AI","floor":33},{"not_picked":["Beam Cell","Undo"],"picked":"Tempest","floor":35},{"not_picked":["Consume","Streamline"],"picked":"Glacier","floor":36},{"not_picked":["Conserve Battery","Ball Lightning"],"picked":"Double Energy","floor":38},{"not_picked":["Turbo","Compile Driver+1"],"picked":"Loop","floor":39},{"not_picked":["Static Discharge","Undo"],"picked":"Consume+1","floor":40},{"not_picked":["Compile Driver+1","Darkness"],"picked":"Hello World","floor":42},{"not_picked":["Leap","Recycle"],"picked":"Storm","floor":44},{"not_picked":["Consume","Steam"],"picked":"Electrodynamics","floor":44},{"not_picked":["Hologram","Coolheaded"],"picked":"Heatsinks+1","floor":44},{"not_picked":["Gash","Cold Snap"],"picked":"Hologram","floor":44},{"not_picked":["Ball Lightning","Fusion"],"picked":"Steam","floor":44},{"not_picked":["Leap","Hologram"],"picked":"Reboot","floor":45},{"not_picked":["Streamline","Redo+1"],"picked":"Undo","floor":46},{"not_picked":["Compile Driver","Turbo"],"picked":"Echo Form","floor":47},{"not_picked":["Barrage","Hello World"],"picked":"Conserve Battery+1","floor":48}],"player_experience":824064,"relics_obtained":[{"floor":2.0,"key":"Omamori"},{"floor":7.0,"key":"Pear"},{"floor":9.0,"key":"Orichalcum"},{"floor":10.0,"key":"Old Coin"},{"floor":23.0,"key":"Dead Branch"},{"floor":26.0,"key":"Bag of Preparation"},{"floor":27.0,"key":"Darkstone Periapt"},{"floor":30.0,"key":"Red Mask"},{"floor":31.0,"key":"Eternal Feather"},{"floor":36,"key":"Torii"},{"floor":40,"key":"Letter Opener"},{"floor":42,"key":"Oddly Smooth Stone"},{"floor":43,"key":"The Courier"},{"floor":48,"key":"Singing Bowl"}],"event_choices":[{"damage_healed":0.0,"max_hp_gain":0.0,"max_hp_loss":0.0,"gold_gain":0.0,"event_name":"Wheel of Change","player_choice":"Relic","floor":2.0,"gold_loss":0.0,"damage_taken":0.0},{"damage_healed":28.0,"max_hp_gain":0.0,"max_hp_loss":0.0,"gold_gain":0.0,"event_name":"Big Fish","player_choice":"Banana","floor":13.0,"gold_loss":0.0,"damage_taken":0.0},{"damage_healed":0.0,"max_hp_gain":0.0,"max_hp_loss":0.0,"gold_gain":0.0,"event_name":"Forgotten Altar","player_choice":"Smashed Altar","floor":20.0,"gold_loss":0.0,"damage_taken":0.0,"cards_obtained":["Decay"]},{"damage_healed":0.0,"max_hp_gain":0.0,"max_hp_loss":43.0,"gold_gain":0.0,"event_name":"Ghosts","player_choice":"Became a Ghost","floor":21.0,"gold_loss":0.0,"damage_taken":0.0,"cards_obtained":["Ghostly","Ghostly","Ghostly","Ghostly","Ghostly"]},{"damage_healed":0.0,"max_hp_gain":0.0,"max_hp_loss":0.0,"gold_gain":0.0,"event_name":"The Library","player_choice":"Read","floor":24.0,"gold_loss":0.0,"damage_taken":0.0,"cards_obtained":["Self Repair"]},{"damage_healed":0.0,"max_hp_gain":0.0,"max_hp_loss":0.0,"gold_gain":0.0,"event_name":"Masked Bandits","player_choice":"Fought Bandits","floor":30.0,"gold_loss":0.0,"damage_taken":0.0},{"damage_healed":0,"gold_gain":0,"player_choice":"Fight","damage_taken":0,"max_hp_gain":0,"max_hp_loss":0,"event_name":"Mysterious Sphere","floor":36,"gold_loss":0},{"cards_removed":["Strike_B"],"damage_healed":0,"gold_gain":0,"player_choice":"Offered Basic","damage_taken":0,"max_hp_gain":0,"max_hp_loss":0,"event_name":"Bonfire Elementals","floor":37,"gold_loss":0}],"is_beta":false,"boss_relics":[{"not_picked":["Astrolabe","Calling Bell"],"picked":"Coffee Dripper"},{"not_picked":["Sozu","Snecko Eye"],"picked":"FrozenCore"}],"items_purged_floors":[12,44],"is_endless":false,"potions_floor_spawned":[5,7,11,23,29,35,42,46,47],"ascension_level":12}}