{"host":"k2mw1od0xoi9pcfj","time":1612205574,"event":{"mods":["AchievementEnabler","Act Like it!","Aspiration","BaseMod","Beaked The Cultist","Downfall","Energized Spire","Highlight Path","Minty Spire (QoL Compilation)","Permanent Neow","Relic Stats","Reliquary","Replay The Spire","Retaliation","StSLib","The Death Knight"],"gold_per_floor":[128,159,171,256,279,316,348,392,404,432,472,484,118,131,131,235,235,248,248,263,263,538,538,538,538],"floor_reached":24,"language":"ENG","playtime":1472,"items_purged":["Injury"],"score":239,"play_id":"bc4eaacf-5b9d-489f-9aab-f2023aa16627","local_time":"20210201125254","is_ascension_mode":false,"campfire_choices":[{"floor":15,"key":"REST"},{"floor":23,"key":"RECALL"}],"circlet_count":0,"master_deck":["DeathKnight:Strike_DeathKnight","DeathKnight:Strike_DeathKnight","DeathKnight:Strike_DeathKnight","DeathKnight:Strike_DeathKnight","DeathKnight:Strike_DeathKnight","DeathKnight:Defend_DeathKnight","DeathKnight:Defend_DeathKnight","DeathKnight:Defend_DeathKnight","DeathKnight:Defend_DeathKnight","DeathKnight:Defend_DeathKnight","DeathKnight:RuneTap","DeathKnight:RuneStrike","DeathKnight:IceboundArmor","DeathKnight:AntiMagicShell","DeathKnight:FrosPresence+1","DeathKnight:Hysteria+1","DeathKnight:Frostscythe","DeathKnight:PathOfFrost","DeathKnight:Ossuary","DeathKnight:GargoyleSkin","DeathKnight:SindragosasBreath","DeathKnight:Pestilence+1","DeathKnight:Hysteria+1","Regret"],"relics":["DeathKnight:BrokenRuneblade","MawBank","Frozen Egg 2","Replay:Rubber Ducky","reliquary:QuartzCube","Odd Mushroom","Guardian:PocketSentry","Gremlin Horn","aspiration:FetidBarrel","Regal Pillow","DeathKnight:Scourgestone","reliquary:Craggleroot","Vajra"],"acts_visited":["Exordium","TheCity"],"potions_floor_usage":[6,6,6],"damage_taken":[{"damage":2,"enemies":"Small Slimes","floor":1,"turns":4},{"damage":0,"enemies":"2 Louse","floor":2,"turns":4},{"damage":10,"enemies":"Cultist","floor":5,"turns":5},{"damage":21,"enemies":"Gremlin Nob","floor":6,"turns":6},{"damage":13,"enemies":"The Mushroom Lair","floor":7,"turns":7},{"damage":6,"enemies":"3 Sentries","floor":8,"turns":13},{"damage":0,"enemies":"Blue Slaver","floor":10,"turns":6},{"damage":0,"enemies":"Lagavulin","floor":11,"turns":11},{"damage":0,"enemies":"Looter","floor":14,"turns":4},{"damage":17,"enemies":"Slime Boss","floor":16,"turns":12},{"damage":0,"enemies":"Chosen","floor":18,"turns":7},{"damage":0,"enemies":"Spheric Guardian","floor":20,"turns":7},{"damage":0,"enemies":"Centurion and Healer","floor":24,"turns":1}],"seed_played":"-7485135290123679256","potions_obtained":[{"floor":1,"key":"Fire Potion"},{"floor":4,"key":"Languid Potion"},{"floor":4,"key":"Adrenaline Potion"},{"floor":7,"key":"ColorlessPotion"},{"floor":10,"key":"SpeedPotion"},{"floor":16,"key":"Guardian:BlockOnCardUsePotion"}],"is_trial":false,"path_per_floor":["M","M","?","?","M","E","?","E","T","M","E","?","$","M","R","B",null,"M","?","M","$","?","R","M"],"character_chosen":"DEATH_KNIGHT","items_purchased":["Regal Pillow","DeathKnight:Scourgestone"],"campfire_rested":1,"item_purchase_floors":[13,13],"current_hp_per_floor":[73,73,73,55,45,24,11,5,5,5,5,2,2,2,39,22,75,75,75,75,75,75,75,75,75],"gold":538,"neow_bonus":"RANDOM_COMMON_RELIC","is_daily":false,"chose_seed":false,"campfire_upgraded":0,"win_rate":0.0,"timestamp":1612205574,"path_taken":["M","M","?","?","?","E","?","E","T","M","E","?","$","M","R","BOSS","M","?","M","$","?","R","?"],"items_purchased_type":["Relic","Relic"],"build_version":"2020-12-22","purchased_purges":1,"victory":false,"max_hp_per_floor":[75,75,75,75,75,75,75,75,75,75,75,75,75,75,75,75,75,75,75,75,75,75,75,75,75],"relic_stats":{"Regal Pillow":15,"Gremlin Horn":[1,1],"counters":[13,86],"MawBank":156,"obtain_stats":[{"Regal Pillow":13,"Gremlin Horn":11,"aspiration:FetidBarrel":12,"Vajra":19,"Guardian:PocketSentry":8,"Frozen Egg 2":3,"Odd Mushroom":7,"MawBank":0,"reliquary:QuartzCube":6,"Replay:Rubber Ducky":4,"DeathKnight:Scourgestone":13,"reliquary:Craggleroot":17,"DeathKnight:BrokenRuneblade":0},{"Regal Pillow":8,"Gremlin Horn":8,"aspiration:FetidBarrel":8,"Vajra":11,"Guardian:PocketSentry":6,"Frozen Egg 2":2,"Odd Mushroom":5,"MawBank":0,"reliquary:QuartzCube":4,"Replay:Rubber Ducky":2,"DeathKnight:Scourgestone":8,"reliquary:Craggleroot":10,"DeathKnight:BrokenRuneblade":0},{"Regal Pillow":55,"Gremlin Horn":55,"aspiration:FetidBarrel":55,"Vajra":78,"Guardian:PocketSentry":39,"Frozen Egg 2":8,"Odd Mushroom":26,"MawBank":0,"reliquary:QuartzCube":19,"Replay:Rubber Ducky":8,"DeathKnight:Scourgestone":55,"reliquary:Craggleroot":71,"DeathKnight:BrokenRuneblade":0}]},"card_choices":[{"not_picked":["DeathKnight:UnholyPresence","DeathKnight:Marrowrend"],"picked":"DeathKnight:IceboundArmor","floor":1},{"not_picked":["DeathKnight:RuneShock","DeathKnight:Lichborne"],"picked":"DeathKnight:AntiMagicShell","floor":2},{"not_picked":["DeathKnight:BloodTap","DeathKnight:BloodStrike"],"picked":"DeathKnight:FrosPresence+1","floor":5},{"not_picked":["DeathKnight:RunicDetonation","DeathKnight:DancingRuneblade+1"],"picked":"DeathKnight:Hysteria+1","floor":6},{"not_picked":["DeathKnight:UnholyPresence+1","DeathKnight:BoneSpear"],"picked":"DeathKnight:Frostscythe","floor":7},{"not_picked":["DeathKnight:PlagueStrike","DeathKnight:DarkSuccor"],"picked":"DeathKnight:PathOfFrost","floor":8},{"not_picked":["DeathKnight:Parry","DeathKnight:HartStrike"],"picked":"DeathKnight:Ossuary","floor":10},{"not_picked":["DeathKnight:RuneShock","DeathKnight:Obliterate"],"picked":"DeathKnight:GargoyleSkin","floor":11},{"not_picked":["DeathKnight:MindFreeze","DeathKnight:DeathCoil"],"picked":"DeathKnight:SindragosasBreath","floor":14},{"not_picked":["DeathKnight:ChainsOfIce","DeathKnight:IceboundArmor"],"picked":"DeathKnight:Pestilence+1","floor":18},{"not_picked":["DeathKnight:Lichborne","DeathKnight:BloodBoil+1"],"picked":"DeathKnight:Hysteria+1","floor":20}],"player_experience":736996,"relics_obtained":[{"floor":4,"key":"Replay:Rubber Ducky"},{"floor":6,"key":"reliquary:QuartzCube"},{"floor":7,"key":"Odd Mushroom"},{"floor":8,"key":"Guardian:PocketSentry"},{"floor":11,"key":"Gremlin Horn"}],"event_choices":[{"damage_healed":0,"gold_gain":0,"player_choice":"Fought Mushrooms","damage_taken":0,"max_hp_gain":0,"max_hp_loss":0,"event_name":"Mushrooms","floor":7,"gold_loss":0},{"damage_healed":0,"gold_gain":0,"player_choice":"Success","damage_taken":3,"relics_obtained":["aspiration:FetidBarrel"],"max_hp_gain":0,"max_hp_loss":0,"event_name":"Scrap Ooze","floor":12,"gold_loss":0},{"damage_healed":0,"gold_gain":275,"player_choice":"Desecrate","damage_taken":0,"max_hp_gain":0,"max_hp_loss":0,"event_name":"Golden Shrine","floor":22,"gold_loss":0,"cards_obtained":["Regret"]}],"is_beta":false,"boss_relics":[{"not_picked":["Snecko Eye","SacredBark"],"picked":"reliquary:Craggleroot"}],"items_purged_floors":[13],"is_endless":false,"potions_floor_spawned":[1,5,7,10,16],"killed_by":"Centurion and Healer","ascension_level":0}}