{"host":"tl3n8idhzo2mohle","time":1612143833,"event":{"mods":["BaseMod","Colored Powertips","Downfall","Good Game Mod","Minty Spire (QoL Compilation)","StSLib","noobMod"],"gold_per_floor":[99,114,129,129,129,129,154,139,139,154,139,194,209,209,228,353,353,153,172,191,210,210,90,90,90,128,128,147,47,172,172,191,316,316,316,154,154,154,173,173,173,192,292,311,311,311,330,180,199,199,199,237,63,63,63,63],"floor_reached":57,"language":"ZHS","playtime":2536,"items_purged":[],"score":1585,"play_id":"3b93fe80-f9b8-4116-aee7-c80e120693cc","local_time":"20210201094353","daily_mods":["Specialized","Hoarder","downfall:WorldOfGoo"],"is_ascension_mode":false,"campfire_choices":[{"floor":1,"key":"RECALL"}],"circlet_count":0,"master_deck":["sneckomod:TailWhip+1","sneckomod:SnekBite+1","sneckomod:Unknown+1","sneckomod:ImprovisedAttack+1","sneckomod:ImprovisedAttack+1","sneckomod:ImprovisedAttack+1","sneckomod:ImprovisedAttack+1","sneckomod:ImprovisedAttack+1","sneckomod:ImprovisedAttack+1","sneckomod:ImprovisedAttack+1","sneckomod:ImprovisedAttack+1","sneckomod:ImprovisedAttack+1","sneckomod:ImprovisedAttack+1","sneckomod:ImprovisedAttack+1","sneckomod:ImprovisedAttack+1","sneckomod:ImprovisedAttack+1","sneckomod:ImprovisedAttack+1","sneckomod:ImprovisedAttack+1","Juggernaut+1","sneckomod:SerpentMind+1","sneckomod:SerpentMind+1","sneckomod:SerpentMind+1","sneckomod:UnknownStrike+1","sneckomod:UnknownStrike+1","sneckomod:ImprovisedAttack+1","sneckomod:ImprovisedAttack+1","sneckomod:ImprovisedAttack+1","sneckomod:Restock+1","sneckomod:Restock+1","sneckomod:Restock+1","sneckomod:SerpentIdol+1","sneckomod:SerpentIdol+1","sneckomod:SerpentIdol+1","sneckomod:Unknown1Cost+1","sneckomod:Unknown1Cost+1","sneckomod:Unknown1Cost+1","sneckomod:MixItUp+1","sneckomod:MixItUp+1","sneckomod:MixItUp+1","sneckomod:UnknownRareAttack+1","sneckomod:UnknownRareAttack+1","sneckomod:UnknownRareSkill+1","sneckomod:UnknownRareSkill+1","sneckomod:UnknownRareSkill+1","sneckomod:UnknownRarePower+1","sneckomod:RainOfDice+1","sneckomod:RainOfDice+1","sneckomod:RainOfDice+1","Immolate+1","Immolate+1","Immolate+1","sneckomod:UnknownStrike+1","sneckomod:UnknownStrike+1","sneckomod:SoulDraw+1","sneckomod:SoulDraw+1","sneckomod:SoulDraw+1","J.A.X.+1","J.A.X.+1","J.A.X.+1","sneckomod:Cheat+1","sneckomod:Cheat+1","sneckomod:Cheat+1","sneckomod:RainOfDice+1","sneckomod:RainOfDice+1","sneckomod:RainOfDice+1","sneckomod:Transmogrify+1","sneckomod:Transmogrify+1","sneckomod:Transmogrify+1","sneckomod:SoulDraw+1","sneckomod:SoulDraw+1","sneckomod:SoulDraw+1","sneckomod:Restock+1","sneckomod:Restock+1","sneckomod:Restock+1","sneckomod:UnknownUncommonSkill+1","sneckomod:UnknownUncommonSkill+1","sneckomod:UnknownUncommonSkill+1","champ:TripleStrike+1","champ:TripleStrike+1","champ:TripleStrike+1","expansioncontent:QuickStudy+1","expansioncontent:QuickStudy+1","expansioncontent:QuickStudy+1","expansioncontent:PrepareCrush+1","expansioncontent:PrepareCrush+1","expansioncontent:PrepareCrush+1","expansioncontent:PrepareCrush+1","expansioncontent:PrepareCrush+1","expansioncontent:PrepareCrush+1","sneckomod:ImprovisedAttack","sneckomod:ImprovisedAttack","sneckomod:ImprovisedAttack","Echo Form+1","Echo Form+1","Echo Form+1","sneckomod:Transmogrify","sneckomod:Transmogrify","sneckomod:Transmogrify","sneckomod:RainOfDice","sneckomod:RainOfDice","sneckomod:RainOfDice","sneckomod:RainOfDice+1","sneckomod:RainOfDice+1","sneckomod:RainOfDice+1","Barricade+1","Barricade+1","Barricade+1"],"relics":["sneckomod:SneckoSoul","REME:ComplimentaryCards","ice","Golden Idol","Nloth\u0027s Gift","champ:DuelingGlove","sneckomod:RareBoosterPack","Incense Burner","MutagenicStrength","Astrolabe","Bottled Tornado","TungstenRod","sneckomod:ConfusingCodex","WingedGreaves","Mummified Hand","HandDrill","bronze:BronzeIdol","DollysMirror"],"acts_visited":["Exordium","TheCity","TheBeyond","TheEnding"],"potions_floor_usage":[23,23,33,39,50],"damage_taken":[{"damage":6,"enemies":"Jaw Worm","floor":2,"turns":3},{"damage":7,"enemies":"Small Slimes","floor":3,"turns":2},{"damage":10,"enemies":"downfall:FleeingMerchant","floor":8,"turns":4},{"damage":0,"enemies":"Cultist","floor":10,"turns":2},{"damage":15,"enemies":"downfall:FleeingMerchant","floor":11,"turns":4},{"damage":52,"enemies":"Gremlin Nob","floor":12,"turns":7},{"damage":10,"enemies":"Looter","floor":13,"turns":2},{"damage":20,"enemies":"Exordium Thugs","floor":15,"turns":3},{"damage":10,"enemies":"Slime Boss","floor":16,"turns":4},{"damage":0,"enemies":"Chosen","floor":19,"turns":1},{"damage":30,"enemies":"3 Byrds","floor":20,"turns":5},{"damage":0,"enemies":"Snecko","floor":21,"turns":2},{"damage":2,"enemies":"downfall:FleeingMerchant","floor":23,"turns":3},{"damage":99,"enemies":"Book of Stabbing","floor":26,"turns":6},{"damage":0,"enemies":"Snake Plant","floor":28,"turns":1},{"damage":0,"enemies":"downfall:Augmenter","floor":30,"turns":1},{"damage":0,"enemies":"3 Cultists","floor":32,"turns":1},{"damage":32,"enemies":"IC_MUSHROOM_ARCHETYPE","floor":33,"turns":2},{"damage":1,"enemies":"Orb Walker","floor":39,"turns":1},{"damage":3,"enemies":"3 Shapes","floor":42,"turns":1},{"damage":0,"enemies":"3 Darklings","floor":44,"turns":1},{"damage":0,"enemies":"Transient","floor":47,"turns":3},{"damage":0,"enemies":"Writhing Mass","floor":49,"turns":1},{"damage":8,"enemies":"WA_ARCHETYPE_DIVINITY","floor":50,"turns":1},{"damage":0,"enemies":"downfall:CharBossMerchant","floor":52,"turns":2},{"damage":0,"enemies":"downfall:NeowBoss","floor":55,"turns":3},{"damage":88,"enemies":"downfall:NeowBossFinal","floor":56,"turns":3}],"seed_played":"-6699970657251824518","potions_obtained":[{"floor":2,"key":"Swift Potion"},{"floor":9,"key":"AttackPotion"},{"floor":9,"key":"Fire Potion"},{"floor":9,"key":"Slimebound:ThreeZeroPotion"},{"floor":20,"key":"Slimebound:ThreeZeroPotion"},{"floor":30,"key":"sneckomod:DiceRollPotion"},{"floor":32,"key":"Swift Potion"},{"floor":33,"key":"Weak Potion"},{"floor":39,"key":"PowerPotion"},{"floor":49,"key":"DistilledChaos"}],"is_trial":false,"path_per_floor":["R","M","M","?","?","?","T","$","?","M","$","?","M","?","M","B",null,"R","M","M","M","?","$","T","$","E","?","M","R","?","?","M","B",null,"R","$","?","?","M","?","T","M","?","M","T","R","M","$","M","B",null,"E","$","R","B","B",null],"character_chosen":"THE_SNECKO","items_purchased":["champ:DuelingGlove","sneckomod:RareBoosterPack","expansioncontent:QuickStudy","HandDrill","sneckomod:RainOfDice","DollysMirror"],"campfire_rested":0,"item_purchase_floors":[23,23,36,48,53,53],"current_hp_per_floor":[90,84,77,82,70,51,51,41,41,41,26,68,58,34,14,99,99,109,109,79,79,79,82,82,82,136,91,99,99,118,118,139,128,159,159,159,149,149,149,149,149,149,149,149,149,149,167,167,167,167,167,171,171,171,171,101],"gold":63,"neow_bonus":"","is_daily":true,"chose_seed":false,"campfire_upgraded":0,"win_rate":0.0,"timestamp":1612143833,"path_taken":["R","M","M","?","?","?","T","$","?","?","$","?","M","?","M","BOSS","R","M","M","M","?","$","T","?","E","?","?","R","?","?","M","BOSS","R","$","?","?","M","?","T","M","?","?","?","R","M","?","M","BOSS","E","$","R","BOSS","BOSS"],"items_purchased_type":["Relic","Relic","Card","Relic","Card","Relic"],"build_version":"2020-12-22","purchased_purges":0,"victory":true,"max_hp_per_floor":[90,90,90,95,95,95,95,95,95,95,95,96,97,97,99,99,99,109,109,129,129,129,139,139,139,153,153,153,153,153,153,153,159,159,159,159,159,149,149,149,149,149,149,149,149,149,167,167,167,167,167,171,171,171,171,187],"card_choices":[{"not_picked":["sneckomod:SoulDraw","sneckomod:QuickBite","sneckomod:UnknownStrength"],"picked":"SKIP","floor":2},{"not_picked":["sneckomod:UnknownStrength","sneckomod:UnknownCommonAttack","sneckomod:QuickBite"],"picked":"SKIP","floor":3},{"not_picked":["sneckomod:Nope","sneckomod:UnknownX","sneckomod:DiceBoulder"],"picked":"SKIP","floor":8},{"not_picked":["sneckomod:UnendingSupply","sneckomod:DiceBlock","sneckomod:Unknown1Cost"],"picked":"SKIP","floor":10},{"not_picked":["sneckomod:UnknownX","sneckomod:UnknownCommonSkill","sneckomod:Unknown1Cost"],"picked":"SKIP","floor":11},{"not_picked":["sneckomod:WideSting","sneckomod:Memorize","sneckomod:DiceBlock"],"picked":"SKIP","floor":13},{"not_picked":["sneckomod:UnknownCommonSkill","sneckomod:SerpentIdol","sneckomod:SoulDraw"],"picked":"SKIP","floor":15},{"not_picked":["sneckomod:Unknown3Cost","sneckomod:Mudshield"],"picked":"sneckomod:SerpentMind","floor":16},{"not_picked":["sneckomod:DiceCrush","sneckomod:SoulRoll","sneckomod:WideSting"],"picked":"SKIP","floor":19},{"not_picked":["sneckomod:UnknownColorless+1","sneckomod:DiceBlock+1","sneckomod:UnknownCommonAttack"],"picked":"SKIP","floor":20},{"not_picked":["sneckomod:QuickMove","sneckomod:UnknownCommonSkill+1","sneckomod:MixItUp"],"picked":"SKIP","floor":21},{"not_picked":["sneckomod:SoulDraw","sneckomod:UnknownClassBLUE","sneckomod:UnknownDraw+1"],"picked":"SKIP","floor":23},{"not_picked":["sneckomod:UnknownExhaust","sneckomod:PureSnecko+1","sneckomod:QuickBite"],"picked":"SKIP","floor":26},{"not_picked":["sneckomod:SoulRoll","sneckomod:UnknownColorless"],"picked":"sneckomod:RainOfDice","floor":28},{"not_picked":[],"picked":"J.A.X.","floor":30},{"not_picked":["sneckomod:ImprovisedGuard","sneckomod:IronFang"],"picked":"sneckomod:Cheat","floor":30},{"not_picked":["sneckomod:UnknownExhaust","sneckomod:TrashToTreasure+1"],"picked":"sneckomod:RainOfDice+1","floor":32},{"not_picked":["sneckomod:SerpentMind","sneckomod:Cheat"],"picked":"sneckomod:Transmogrify","floor":33},{"not_picked":["expansioncontent:GuardianWhirl","expansioncontent:HyperBeam"],"picked":"expansioncontent:PrepareCrush","floor":37},{"not_picked":["expansioncontent:GuardianWhirl","expansioncontent:AwakenDeath"],"picked":"expansioncontent:PrepareCrush","floor":37},{"not_picked":["sneckomod:PureSnecko","sneckomod:UnknownStrength","sneckomod:UnknownUncommonSkill"],"picked":"SKIP","floor":39},{"not_picked":["sneckomod:Rotation+1","sneckomod:UnknownBlock+1","sneckomod:SnekBeam"],"picked":"SKIP","floor":42},{"not_picked":["sneckomod:ImprovisedGuard+1","sneckomod:UnknownExhaust+1"],"picked":"sneckomod:ImprovisedAttack","floor":44},{"not_picked":["sneckomod:ImprovisedAttack+1","sneckomod:DiceBlock","sneckomod:WideSting+1"],"picked":"SKIP","floor":47},{"not_picked":["sneckomod:UnknownStrength+1","sneckomod:SoulRoll","sneckomod:UnknownWeak+1"],"picked":"SKIP","floor":49},{"not_picked":["sneckomod:UnknownRareSkill","sneckomod:UnknownX+1"],"picked":"sneckomod:Transmogrify","floor":52}],"player_experience":69981,"relics_obtained":[{"floor":24,"key":"Incense Burner"},{"floor":26,"key":"StrikeDummy"},{"floor":30,"key":"MutagenicStrength"},{"floor":41,"key":"Bottled Tornado"},{"floor":42,"key":"TungstenRod"},{"floor":45,"key":"sneckomod:ConfusingCodex"},{"floor":47,"key":"WingedGreaves"},{"floor":47,"key":"Mummified Hand"},{"floor":52,"key":"bronze:BronzeIdol"}],"event_choices":[{"damage_healed":0,"gold_gain":0,"player_choice":"Donut","damage_taken":0,"max_hp_gain":5,"max_hp_loss":0,"event_name":"Big Fish","floor":4,"gold_loss":0},{"damage_healed":0,"gold_gain":0,"player_choice":"Success","damage_taken":12,"relics_obtained":["Ginger"],"max_hp_gain":0,"max_hp_loss":0,"event_name":"Scrap Ooze","floor":5,"gold_loss":0},{"damage_healed":0,"gold_gain":0,"player_choice":"Entered Light","damage_taken":19,"max_hp_gain":0,"max_hp_loss":0,"event_name":"Shining Light","floor":6,"gold_loss":0,"cards_upgraded":["sneckomod:Defend","sneckomod:ImprovisedAttack"]},{"damage_healed":0,"gold_gain":0,"player_choice":"Got Potions","damage_taken":0,"max_hp_gain":0,"max_hp_loss":0,"event_name":"Lab","floor":9,"gold_loss":0},{"damage_healed":0,"gold_gain":0,"player_choice":"Searched \u00273\u0027 times","damage_taken":0,"relics_obtained":["Turnip"],"max_hp_gain":0,"max_hp_loss":0,"event_name":"Dead Adventurer","floor":12,"gold_loss":0},{"damage_healed":0,"gold_gain":0,"player_choice":"Take Damage","damage_taken":24,"relics_obtained":["Golden Idol"],"max_hp_gain":0,"max_hp_loss":0,"event_name":"Golden Idol","floor":14,"gold_loss":0},{"damage_healed":0,"gold_gain":0,"player_choice":"Forge","damage_taken":0,"max_hp_gain":0,"max_hp_loss":0,"event_name":"Accursed Blacksmith","floor":31,"gold_loss":0,"cards_upgraded":["champ:TripleStrike"]},{"cards_removed":["sneckomod:Unknown"],"damage_healed":0,"gold_gain":0,"player_choice":"Removed Skill","damage_taken":0,"max_hp_gain":0,"max_hp_loss":0,"event_name":"Falling","floor":40,"gold_loss":0}],"is_beta":false,"boss_relics":[{"not_picked":["Ectoplasm","Snecko Eye"],"picked":"Pandora\u0027s Box"},{"not_picked":["Philosopher\u0027s Stone","SlaversCollar"],"picked":"Astrolabe"}],"items_purged_floors":[],"is_endless":false,"potions_floor_spawned":[2,10,12,13,15,19,20,30,32,33,39,44,49],"ascension_level":0}}