{"host":"gaqyve1328ta0etl","time":1612166866,"event":{"mods":["BaseMod","Colored Map","Colored Powertips","Googly Eyes","Minty Spire (QoL Compilation)","Shop Mod","StSLib","SuperFastMode","The Hierophant","The Runesmith"],"gold_per_floor":[117,130,55,73,59,59,59,86,137,137,137,137,137],"floor_reached":12,"language":"ENG","playtime":399,"items_purged":["Strike_B"],"score":117,"play_id":"51ed892d-399c-4518-8875-3b84947787db","local_time":"20210201000746","is_ascension_mode":true,"campfire_choices":[{"floor":6.0,"key":"REST"}],"circlet_count":0,"master_deck":["AscendersBane","Strike_B","Strike_B","Strike_B","Defend_B","Defend_B","Defend_B","Defend_B","Zap","Dualcast","Hologram","Redo","Darkness"],"relics":["Runic Pyramid","Matryoshka","Art of War","Bag of Preparation","White Beast Statue"],"acts_visited":["Exordium"],"potions_floor_usage":[8,8],"damage_taken":[{"damage":4.0,"enemies":"Cultist","floor":1.0,"turns":6.0},{"damage":3.0,"enemies":"2 Louse","floor":2.0,"turns":2.0},{"damage":1.0,"enemies":"Small Slimes","floor":4.0,"turns":4.0},{"damage":21.0,"enemies":"Exordium Thugs","floor":5.0,"turns":4.0},{"damage":56,"enemies":"Gremlin Nob","floor":8,"turns":5},{"damage":20,"enemies":"Lagavulin","floor":12,"turns":4}],"seed_played":"8288599235134592928","potions_obtained":[{"floor":1.0,"key":"Regen Potion"},{"floor":2.0,"key":"Strength Potion"},{"floor":5.0,"key":"FocusPotion"}],"is_trial":false,"path_per_floor":["M","M","$","M","M","R","$","E","T","?","?","E"],"character_chosen":"DEFECT","items_purchased":[],"campfire_rested":1,"item_purchase_floors":[],"current_hp_per_floor":[64,61,61,60,39,61,61,14,14,14,14,0,0],"gold":137,"neow_bonus":"BOSS_RELIC","is_daily":false,"chose_seed":false,"campfire_upgraded":0,"win_rate":0.0,"timestamp":1612166866,"path_taken":["M","M","?","M","M","R","$","E","T","?","?","E"],"items_purchased_type":[],"build_version":"2020-12-22","purchased_purges":1,"victory":false,"max_hp_per_floor":[75,75,75,75,75,75,75,75,75,75,75,75,75],"card_choices":[{"not_picked":["Consume","Chill"],"picked":"Hologram","floor":1.0},{"not_picked":["Static Discharge","Consume"],"picked":"Redo","floor":2.0},{"not_picked":["Leap","Doom and Gloom"],"picked":"Darkness","floor":4.0},{"not_picked":["Rip and Tear","Hello World","Darkness"],"picked":"SKIP","floor":5.0},{"not_picked":["Streamline","Lockon","Turbo"],"picked":"SKIP","floor":8}],"player_experience":2063228,"relics_obtained":[{"floor":8,"key":"Matryoshka"},{"floor":9,"key":"Art of War"},{"floor":9,"key":"Bag of Preparation"}],"event_choices":[{"damage_healed":0,"gold_gain":0,"player_choice":"Ignored","damage_taken":0,"max_hp_gain":0,"max_hp_loss":0,"event_name":"Liars Game","floor":10,"gold_loss":0},{"damage_healed":0,"gold_gain":0,"player_choice":"Gave Potion","damage_taken":0,"relics_obtained":["White Beast Statue"],"max_hp_gain":0,"max_hp_loss":0,"event_name":"WeMeetAgain","floor":11,"gold_loss":0}],"is_beta":false,"boss_relics":[],"items_purged_floors":[3],"is_endless":false,"potions_floor_spawned":[1,2,5],"killed_by":"Lagavulin","ascension_level":10}}