{"host":"9ndbo4kgsfoemf7y","time":1612176689,"event":{"mods":["AchievementEnabler","BaseMod","Colored Map","DeckTracker","Keyboard Shortcuts","Minty Spire (QoL Compilation)","Permanent Neow","Quick Restart","Relic Stats","StSLib","SuperFastMode"],"gold_per_floor":[10,20,39,39,39,72,72,60,135,135,135],"floor_reached":10,"language":"KOR","playtime":354,"items_purged":[],"score":99,"play_id":"ec0cf82d-9afc-4f59-8ec0-939773640b9f","local_time":"20210201195129","is_ascension_mode":true,"campfire_choices":[{"floor":7,"key":"REST"}],"circlet_count":0,"master_deck":["Strike_B","Strike_B","Strike_B","Defend_B","Defend_B","Defend_B","Defend_B","Zap","Dualcast","Creative AI","Coolheaded","Turbo","Conserve Battery"],"relics":["Cracked Core","Du-Vu Doll","Matryoshka"],"acts_visited":["Exordium"],"potions_floor_usage":[10],"damage_taken":[{"damage":14,"enemies":"Jaw Worm","floor":1,"turns":4},{"damage":15,"enemies":"2 Louse","floor":2,"turns":3},{"damage":13,"enemies":"Small Slimes","floor":3,"turns":4},{"damage":12,"enemies":"Lagavulin","floor":6,"turns":8},{"damage":15,"enemies":"Exordium Thugs","floor":8,"turns":4},{"damage":18,"enemies":"3 Sentries","floor":10,"turns":2}],"seed_played":"-367103093147814398","potions_obtained":[{"floor":3,"key":"AttackPotion"},{"floor":8,"key":"Fire Potion"}],"is_trial":false,"path_per_floor":["M","M","M","?","?","E","R","M","T","E"],"character_chosen":"DEFECT","items_purchased":[],"campfire_rested":1,"item_purchase_floors":[],"current_hp_per_floor":[54,39,26,19,19,7,29,14,14,0,0],"gold":135,"neow_bonus":"THREE_RARE_CARDS","is_daily":false,"chose_seed":false,"campfire_upgraded":0,"win_rate":0.0,"timestamp":1612176689,"path_taken":["M","M","M","?","?","E","R","M","T","E"],"items_purchased_type":[],"build_version":"2020-12-22","purchased_purges":0,"victory":false,"max_hp_per_floor":[75,75,75,75,75,75,75,75,75,75,75],"relic_stats":{"counters":[6,25],"obtain_stats":[{"Du-Vu Doll":6,"Matryoshka":9,"Cracked Core":0},{"Du-Vu Doll":4,"Matryoshka":5,"Cracked Core":0},{"Du-Vu Doll":19,"Matryoshka":23,"Cracked Core":0}]},"card_choices":[{"not_picked":["Reboot","Multi-Cast"],"picked":"Creative AI","floor":0},{"not_picked":["Barrage","Steam"],"picked":"Coolheaded","floor":1},{"not_picked":["Fusion","Steam","FTL"],"picked":"SKIP","floor":2},{"not_picked":["Steam","Compile Driver"],"picked":"Turbo","floor":3},{"not_picked":["Leap","Streamline"],"picked":"Conserve Battery","floor":6},{"not_picked":["FTL","Barrage","Rebound"],"picked":"SKIP","floor":8}],"player_experience":854460,"relics_obtained":[{"floor":6,"key":"Du-Vu Doll"},{"floor":9,"key":"Matryoshka"}],"event_choices":[{"cards_removed":["Strike_B"],"damage_healed":0,"gold_gain":0,"player_choice":"Card Removal","damage_taken":7,"max_hp_gain":0,"max_hp_loss":0,"event_name":"Golden Wing","floor":4,"gold_loss":0},{"damage_healed":0,"gold_gain":0,"player_choice":"Ignored","damage_taken":0,"max_hp_gain":0,"max_hp_loss":0,"event_name":"Shining Light","floor":5,"gold_loss":0}],"is_beta":false,"boss_relics":[],"items_purged_floors":[],"is_endless":false,"potions_floor_spawned":[3,8],"killed_by":"3 Sentries","ascension_level":9}}