{"host":"9n6i2vl93jt4o42q","time":1612204662,"event":{"mods":["BaseMod","Minty Spire (QoL Compilation)","Relic Stats"],"gold_per_floor":[112,112,112,112,137,149,171,183,195,238,262,285,308,340,352,442,454,481,506,8,28,28,60,60,79,102,102,102,102],"floor_reached":28,"language":"ENG","playtime":4302,"items_purged":[],"score":484,"play_id":"866d5a2c-d9ea-4983-876b-ee4de3abcd36","local_time":"20210201193742","is_ascension_mode":true,"campfire_choices":[{"data":"Double Energy","floor":6,"key":"SMITH"},{"data":"Undo","floor":8,"key":"SMITH"},{"floor":15,"key":"REST"},{"data":"Seek","floor":24,"key":"SMITH"},{"data":"Echo Form","floor":27,"key":"SMITH"}],"circlet_count":0,"master_deck":["AscendersBane","Zap+1","Dualcast","Cold Snap","Ball Lightning","Double Energy+1","Undo+1","Turbo","Sweeping Beam","Rebound","Coolheaded","Coolheaded","Core Surge","Melter","Rainbow","Echo Form+1","Reboot","Machine Learning","Amplify","Steam Power+1","Compile Driver","Seek+1","Steam","Biased Cognition"],"relics":["Cracked Core","MawBank","StoneCalendar","Potion Belt","Pandora\u0027s Box","Membership Card","Gremlin Horn","Eternal Feather","Matryoshka","Tiny Chest","Centennial Puzzle"],"acts_visited":["Exordium","TheCity"],"potions_floor_usage":[19,23,28],"damage_taken":[{"damage":5,"enemies":"Small Slimes","floor":1,"turns":3},{"damage":0,"enemies":"2 Louse","floor":5,"turns":2},{"damage":0,"enemies":"Cultist","floor":7,"turns":3},{"damage":14,"enemies":"3 Sentries","floor":10,"turns":7},{"damage":2,"enemies":"Gremlin Gang","floor":11,"turns":6},{"damage":8,"enemies":"Lots of Slimes","floor":12,"turns":3},{"damage":10,"enemies":"Looter","floor":13,"turns":3},{"damage":1,"enemies":"Blue Slaver","floor":14,"turns":4},{"damage":3,"enemies":"The Guardian","floor":16,"turns":11},{"damage":21,"enemies":"Shell Parasite","floor":18,"turns":3},{"damage":8,"enemies":"3 Byrds","floor":19,"turns":4},{"damage":2,"enemies":"Snecko","floor":21,"turns":5},{"damage":39,"enemies":"Gremlin Leader","floor":23,"turns":7},{"damage":3,"enemies":"Centurion and Healer","floor":25,"turns":5},{"damage":44,"enemies":"Slavers","floor":28,"turns":3}],"seed_played":"6721712233958324887","potions_obtained":[{"floor":5,"key":"SpeedPotion"},{"floor":10,"key":"Weak Potion"},{"floor":12,"key":"BlessingOfTheForge"},{"floor":14,"key":"Dexterity Potion"},{"floor":16,"key":"FairyPotion"},{"floor":21,"key":"Fire Potion"}],"is_trial":false,"path_per_floor":["M","?","?","?","M","R","M","R","T","E","M","M","M","M","R","B",null,"M","M","$","M","?","E","R","M","T","R","E"],"character_chosen":"DEFECT","items_purchased":["Membership Card","Seek","Gremlin Horn","Eternal Feather"],"campfire_rested":1,"item_purchase_floors":[20,20,20,20],"current_hp_per_floor":[59,52,52,52,52,52,52,52,52,38,36,28,18,17,38,35,62,41,33,33,31,31,21,33,30,30,42,0,0],"gold":102,"neow_bonus":"THREE_CARDS","is_daily":false,"chose_seed":false,"campfire_upgraded":4,"win_rate":0.0,"timestamp":1612204662,"path_taken":["M","?","?","?","M","R","?","R","T","E","M","?","M","M","R","BOSS","M","M","?","M","?","E","R","M","T","R","E"],"items_purchased_type":["Relic","Card","Relic","Relic"],"build_version":"2020-12-22","purchased_purges":0,"victory":false,"max_hp_per_floor":[71,71,71,71,71,71,71,71,71,71,71,71,71,71,71,71,71,71,71,71,71,71,71,71,71,71,71,71,71],"relic_stats":{"Centennial Puzzle":[3],"Gremlin Horn":[7,7],"counters":[15,69],"StoneCalendar":[76],"Pandora\u0027s Box":["Hyperbeam","Melter","Rainbow","Echo Form","Reboot","Machine Learning","Amplify"],"Eternal Feather":24,"Tiny Chest":0,"MawBank":192,"obtain_stats":[{"Potion Belt":10,"Centennial Puzzle":26,"Matryoshka":23,"Gremlin Horn":20,"StoneCalendar":9,"Pandora\u0027s Box":17,"Eternal Feather":20,"Tiny Chest":26,"Membership Card":20,"Cracked Core":0,"MawBank":4},{"Potion Belt":4,"Centennial Puzzle":14,"Matryoshka":13,"Gremlin Horn":11,"StoneCalendar":3,"Pandora\u0027s Box":9,"Eternal Feather":11,"Tiny Chest":14,"Membership Card":11,"Cracked Core":0,"MawBank":1},{"Potion Belt":15,"Centennial Puzzle":66,"Matryoshka":61,"Gremlin Horn":49,"StoneCalendar":8,"Pandora\u0027s Box":42,"Eternal Feather":49,"Tiny Chest":66,"Membership Card":49,"Cracked Core":0,"MawBank":3}]},"card_choices":[{"not_picked":["Tempest","Coolheaded"],"picked":"Cold Snap","floor":0},{"not_picked":["Rebound","Beam Cell"],"picked":"Ball Lightning","floor":1},{"not_picked":["Coolheaded","Leap"],"picked":"Double Energy","floor":5},{"not_picked":["Steam Power","Leap"],"picked":"Undo","floor":7},{"not_picked":["Thunder Strike","Beam Cell"],"picked":"Turbo","floor":10},{"not_picked":["Ball Lightning","Turbo"],"picked":"Sweeping Beam","floor":11},{"not_picked":["Recycle","Cold Snap"],"picked":"Rebound","floor":12},{"not_picked":["Rebound","Reinforced Body"],"picked":"Coolheaded","floor":13},{"not_picked":["Rebound","FTL"],"picked":"Coolheaded","floor":14},{"not_picked":["Amplify","Reboot"],"picked":"Core Surge","floor":16},{"not_picked":["Beam Cell","Coolheaded"],"picked":"Steam Power+1","floor":18},{"not_picked":["Skim","Loop"],"picked":"Compile Driver","floor":19},{"not_picked":["Chill","Coolheaded"],"picked":"Steam","floor":21},{"not_picked":["White Noise","Coolheaded"],"picked":"Biased Cognition","floor":23},{"not_picked":["Scrape","Genetic Algorithm","Sunder"],"picked":"SKIP","floor":25}],"player_experience":2377224,"relics_obtained":[{"floor":4,"key":"MawBank"},{"floor":9,"key":"StoneCalendar"},{"floor":10,"key":"Potion Belt"},{"floor":23,"key":"Matryoshka"},{"floor":26,"key":"Tiny Chest"},{"floor":26,"key":"Centennial Puzzle"}],"event_choices":[{"cards_removed":["Strike_B"],"damage_healed":0,"gold_gain":0,"player_choice":"Card Removal","damage_taken":7,"max_hp_gain":0,"max_hp_loss":0,"event_name":"Golden Wing","floor":2,"gold_loss":0},{"damage_healed":0,"gold_gain":0,"player_choice":"Grow","damage_taken":0,"max_hp_gain":0,"max_hp_loss":0,"event_name":"Living Wall","floor":3,"gold_loss":0,"cards_upgraded":["Zap"]},{"damage_healed":0,"gold_gain":0,"player_choice":"Relic","damage_taken":0,"max_hp_gain":0,"max_hp_loss":0,"event_name":"Wheel of Change","floor":4,"gold_loss":0},{"cards_removed":["Hyperbeam"],"damage_healed":0,"gold_gain":0,"player_choice":"Elegance","damage_taken":0,"max_hp_gain":0,"max_hp_loss":0,"event_name":"Back to Basics","floor":22,"gold_loss":0}],"is_beta":false,"boss_relics":[{"not_picked":["Philosopher\u0027s Stone","Astrolabe"],"picked":"Pandora\u0027s Box"}],"items_purged_floors":[],"is_endless":false,"potions_floor_spawned":[5,10,12,14,16,21],"killed_by":"Slavers","ascension_level":20}}