{"host":"xltl1aroowo69o4n","time":1612156301,"event":{"mods":["BaseMod","Colored Map","Colored Powertips","Minty Spire (QoL Compilation)","StSLib"],"gold_per_floor":[109,109,109,21,34,34,59,59,359,389,19,35,52,71,71,176,176,196,196,196,196,196],"floor_reached":21,"language":"ENG","playtime":957,"items_purged":[],"score":187,"play_id":"84f8fe25-f493-4048-ac44-e0a0a89fdc08","local_time":"20210201001141","is_ascension_mode":false,"campfire_choices":[{"data":"Loop","floor":6,"key":"SMITH"},{"floor":8,"key":"REST"},{"floor":15,"key":"REST"}],"circlet_count":0,"master_deck":["Strike_B","Strike_B","Strike_B","Strike_B","Defend_B","Defend_B","Defend_B","Defend_B","Zap","Dualcast","Coolheaded","Loop+1","Leap","Coolheaded","Ball Lightning","Leap","Buffer","Hyperbeam","Coolheaded","White Noise","Reboot","Lockon+1","RitualDagger"],"relics":["Cracked Core","Gambling Chip","Bag of Preparation","Old Coin","Bottled Lightning","Bottled Tornado","Runic Pyramid","Nilry\u0027s Codex"],"acts_visited":["Exordium","TheCity"],"potions_floor_usage":[7,16,16],"damage_taken":[{"damage":0,"enemies":"2 Louse","floor":1,"turns":3},{"damage":1,"enemies":"Jaw Worm","floor":5,"turns":4},{"damage":49,"enemies":"Gremlin Nob","floor":7,"turns":5},{"damage":17,"enemies":"3 Sentries","floor":10,"turns":9},{"damage":0,"enemies":"Cultist","floor":12,"turns":3},{"damage":6,"enemies":"3 Louse","floor":13,"turns":3},{"damage":5,"enemies":"Blue Slaver","floor":14,"turns":3},{"damage":20,"enemies":"The Guardian","floor":16,"turns":13},{"damage":17,"enemies":"Chosen","floor":18,"turns":6},{"damage":37,"enemies":"3 Byrds","floor":21,"turns":3}],"seed_played":"-2968104154307129747","potions_obtained":[{"floor":1,"key":"DistilledChaos"},{"floor":10,"key":"Ancient Potion"},{"floor":12,"key":"ColorlessPotion"}],"is_trial":false,"path_per_floor":["M","?","?","$","M","R","E","R","T","E","$","M","M","M","R","B",null,"M","?","?","M"],"character_chosen":"DEFECT","items_purchased":["Loop","Leap","Bottled Tornado","Buffer","Block Potion"],"campfire_rested":2,"item_purchase_floors":[4,4,11,11,11],"current_hp_per_floor":[75,68,68,68,67,67,18,40,40,23,23,23,17,12,34,14,75,58,42,36,0,0],"gold":196,"neow_bonus":"ONE_RARE_RELIC","is_daily":false,"chose_seed":false,"campfire_upgraded":1,"win_rate":0.0,"timestamp":1612156301,"path_taken":["M","?","?","?","M","R","E","R","T","E","$","M","?","M","R","BOSS","M","?","?","?"],"items_purchased_type":["Card","Card","Relic","Card","Potion"],"build_version":"2020-12-13","purchased_purges":0,"victory":false,"max_hp_per_floor":[75,75,75,75,75,75,75,75,75,75,75,75,75,75,75,75,75,75,75,75,75,75],"card_choices":[{"not_picked":["Conserve Battery","Turbo"],"picked":"Coolheaded","floor":1},{"not_picked":["Stack","Leap"],"picked":"Coolheaded","floor":5},{"not_picked":["Darkness","Heatsinks"],"picked":"Ball Lightning","floor":7},{"not_picked":["Consume","Redo"],"picked":"Leap","floor":10},{"not_picked":["Melter","Hologram"],"picked":"Hyperbeam","floor":12},{"not_picked":["Gash","Turbo"],"picked":"Coolheaded","floor":13},{"not_picked":["Stack","Beam Cell"],"picked":"White Noise","floor":14},{"not_picked":["All For One","Seek"],"picked":"Reboot","floor":16},{"not_picked":["Compile Driver","Storm"],"picked":"Lockon+1","floor":18}],"player_experience":59819,"relics_obtained":[{"floor":7,"key":"Bag of Preparation"},{"floor":9,"key":"Old Coin"},{"floor":10,"key":"Bottled Lightning"},{"floor":19,"key":"Nilry\u0027s Codex"}],"event_choices":[{"cards_removed":["Doubt"],"damage_healed":0,"gold_gain":0,"player_choice":"Card Removal","damage_taken":7,"max_hp_gain":0,"max_hp_loss":0,"event_name":"Golden Wing","floor":2,"gold_loss":0},{"damage_healed":0,"gold_gain":0,"player_choice":"Leave","damage_taken":0,"max_hp_gain":0,"max_hp_loss":0,"event_name":"The Cleric","floor":3,"gold_loss":0},{"damage_healed":0,"gold_gain":0,"player_choice":"Obtained Book","damage_taken":16,"max_hp_gain":0,"max_hp_loss":0,"event_name":"Cursed Tome","floor":19,"gold_loss":0},{"damage_healed":0,"gold_gain":0,"player_choice":"Joined the Cult","damage_taken":6,"max_hp_gain":0,"max_hp_loss":0,"event_name":"Nest","floor":20,"gold_loss":0,"cards_obtained":["RitualDagger"]}],"is_beta":false,"boss_relics":[{"not_picked":["Sozu","Snecko Eye"],"picked":"Runic Pyramid"}],"items_purged_floors":[],"is_endless":false,"potions_floor_spawned":[1,10,12],"killed_by":"3 Byrds","ascension_level":0}}