{"host":"gaqyve1328ta0etl","time":1612168739,"event":{"mods":["BaseMod","Colored Map","Colored Powertips","Googly Eyes","Minty Spire (QoL Compilation)","Shop Mod","StSLib","SuperFastMode","The Hierophant","The Runesmith"],"gold_per_floor":[411,431,49,65,81,81,93,93,93,108,138,154,154,167,167,266,266,279,179,94,107,107,107],"floor_reached":22,"language":"ENG","playtime":738,"items_purged":["Strike_R","Strike_R"],"score":344,"play_id":"b7e6572e-5420-42f0-b698-15a91a201a4a","local_time":"20210201003859","is_ascension_mode":true,"campfire_choices":[{"floor":6,"key":"REST"},{"data":"Rampage","floor":8,"key":"SMITH"},{"data":"True Grit","floor":13,"key":"SMITH"},{"data":"Reaper","floor":15,"key":"SMITH"}],"circlet_count":0,"master_deck":["AscendersBane","Strike_R","Defend_R","Defend_R","Defend_R","Defend_R","Bash","Shrug It Off","Rampage+1","Shrug It Off","Reaper+1","Twin Strike","Shrug It Off","True Grit+1","Limit Break"],"relics":["Burning Blood","Old Coin","Brimstone","Blood Vial","Ornamental Fan","StoneCalendar","Empty Cage","Matryoshka"],"acts_visited":["Exordium","TheCity"],"potions_floor_usage":[7,11,16,18],"damage_taken":[{"damage":0,"enemies":"2 Louse","floor":1,"turns":4},{"damage":10,"enemies":"Jaw Worm","floor":2,"turns":5},{"damage":0,"enemies":"Small Slimes","floor":4,"turns":3},{"damage":28,"enemies":"Gremlin Gang","floor":5,"turns":5},{"damage":4,"enemies":"2 Fungi Beasts","floor":7,"turns":2},{"damage":7,"enemies":"3 Louse","floor":10,"turns":3},{"damage":0,"enemies":"Lagavulin","floor":11,"turns":5},{"damage":0,"enemies":"Looter","floor":12,"turns":3},{"damage":0,"enemies":"Large Slime","floor":14,"turns":5},{"damage":32,"enemies":"The Guardian","floor":16,"turns":11},{"damage":47,"enemies":"3 Byrds","floor":18,"turns":3},{"damage":51,"enemies":"Chosen","floor":21,"turns":7},{"damage":27,"enemies":"Snake Plant","floor":22,"turns":3}],"seed_played":"-797465102967515045","potions_obtained":[{"floor":2,"key":"DistilledChaos"},{"floor":5,"key":"Fire Potion"},{"floor":11,"key":"LiquidBronze"},{"floor":12,"key":"CultistPotion"},{"floor":18,"key":"SteroidPotion"}],"is_trial":false,"path_per_floor":["M","M","$","M","M","R","M","R","T","M","E","M","R","M","R","B",null,"M","$","?","M","M"],"character_chosen":"IRONCLAD","items_purchased":["Brimstone","Blood Vial"],"campfire_rested":1,"item_purchase_floors":[3,3],"current_hp_per_floor":[72,68,68,72,50,71,72,72,72,71,72,72,72,72,72,61,69,44,44,44,14,0,0],"gold":107,"neow_bonus":"ONE_RARE_RELIC","is_daily":false,"chose_seed":false,"campfire_upgraded":3,"win_rate":0.0,"timestamp":1612168739,"path_taken":["M","M","$","M","M","R","M","R","T","M","E","M","R","M","R","BOSS","M","$","?","M","M"],"items_purchased_type":["Relic","Relic"],"build_version":"2020-12-22","purchased_purges":2,"victory":false,"max_hp_per_floor":[72,72,72,72,72,72,72,72,72,72,72,72,72,72,72,72,72,72,72,72,72,72,72],"card_choices":[{"not_picked":["Anger","Clash"],"picked":"Shrug It Off","floor":1},{"not_picked":["Combust","Flame Barrier"],"picked":"Rampage","floor":2},{"not_picked":["Clash","Hemokinesis"],"picked":"Shrug It Off","floor":4},{"not_picked":["Sword Boomerang","Flex"],"picked":"Reaper","floor":5},{"not_picked":["Sword Boomerang","Headbutt"],"picked":"Twin Strike","floor":7},{"not_picked":["Pummel","Cleave","Rampage"],"picked":"SKIP","floor":10},{"not_picked":["Flex","Rampage"],"picked":"Shrug It Off","floor":11},{"not_picked":["Clash","Clothesline"],"picked":"True Grit","floor":12},{"not_picked":["Pummel","Body Slam","Blood for Blood"],"picked":"SKIP","floor":14},{"not_picked":["Berserk","Demon Form"],"picked":"Limit Break","floor":16},{"not_picked":["Havoc","Anger","Evolve"],"picked":"SKIP","floor":18},{"not_picked":["Pommel Strike","Cleave+1","Power Through"],"picked":"SKIP","floor":21}],"player_experience":2064708,"relics_obtained":[{"floor":9,"key":"Ornamental Fan"},{"floor":11,"key":"StoneCalendar"}],"event_choices":[{"damage_healed":0,"gold_gain":0,"player_choice":"Obtained Relic","damage_taken":0,"relics_obtained":["Matryoshka"],"max_hp_gain":0,"max_hp_loss":0,"event_name":"Addict","floor":20,"gold_loss":85}],"is_beta":false,"boss_relics":[{"not_picked":["Philosopher\u0027s Stone","Cursed Key"],"picked":"Empty Cage"}],"items_purged_floors":[3,19],"is_endless":false,"potions_floor_spawned":[2,5,11,12,14,18],"killed_by":"Snake Plant","ascension_level":12}}