{"host":"rtczl7o4e2em2rmi","time":1612141810,"event":{"mods":["AchievementEnabler","BaseMod","Bestiary","Custom Start","Minty Spire (QoL Compilation)","Permanent Neow","Relic Filter","Relic Stats","StSLib"],"gold_per_floor":[118,293,243,193,212,239,239,268,293,313,324,324,344,361,361,461,511,530,217,132,57,73,73,87,87,87,387,403,417,417,448,448,549,549,568,568,584,599,8,22,22,22,22,56,56,66,66,79,79,79],"floor_reached":51,"language":"ZHS","playtime":2881,"items_purged":["Strike_B"],"score":1139,"play_id":"a7ba742f-5bc0-42ba-8427-1915bb5c50c3","local_time":"20210131201010","is_ascension_mode":true,"campfire_choices":[{"floor":12.0,"key":"REST"},{"floor":15.0,"key":"REST"},{"data":"Defragment","floor":23.0,"key":"SMITH"},{"floor":25.0,"key":"REST"},{"data":"Capacitor","floor":30.0,"key":"SMITH"},{"floor":32.0,"key":"REST"},{"floor":41.0,"key":"REST"},{"data":"1","floor":45.0,"key":"LIFT"},{"data":"2","floor":47.0,"key":"LIFT"},{"data":"3","floor":49,"key":"LIFT"}],"circlet_count":0,"master_deck":["Strike_B","Defend_B","Defend_B","Defend_B","Defend_B","Zap+1","Dualcast","Defragment","Streamline","Hologram","Ball Lightning","Turbo","Melter","Defragment+1","Biased Cognition","Ball Lightning","Amplify","Coolheaded","Steam","White Noise","Panache","FTL","Capacitor+1","Redo+1","Loop","Darkness+1","Recycle","Creative AI","Self Repair+1","Chill+1","Stack+1","Glacier","Blizzard","Conserve Battery","Glacier","Master of Strategy","Capacitor","Dramatic Entrance","Conserve Battery+1","Conserve Battery+1","Hologram+1","Multi-Cast"],"relics":["Cracked Core","NeowsBlessing","Dead Branch","Cables","Ancient Tea Set","Tiny House","Membership Card","CaptainsWheel","TungstenRod","Old Coin","Happy Flower","Cursed Key","DollysMirror","Bag of Preparation","Girya","Pen Nib"],"acts_visited":["Exordium","TheCity","TheBeyond"],"potions_floor_usage":[50],"damage_taken":[{"damage":0.0,"enemies":"2 Louse","floor":1.0,"turns":1.0},{"damage":0.0,"enemies":"Jaw Worm","floor":5.0,"turns":1.0},{"damage":0.0,"enemies":"Lagavulin","floor":6.0,"turns":1.0},{"damage":32.0,"enemies":"Gremlin Nob","floor":8.0,"turns":4.0},{"damage":0.0,"enemies":"Cultist","floor":10.0,"turns":2.0},{"damage":12.0,"enemies":"Gremlin Gang","floor":11.0,"turns":4.0},{"damage":8.0,"enemies":"Blue Slaver","floor":13.0,"turns":2.0},{"damage":11.0,"enemies":"Looter","floor":14.0,"turns":2.0},{"damage":0.0,"enemies":"Slime Boss","floor":16.0,"turns":6.0},{"damage":12.0,"enemies":"2 Thieves","floor":18.0,"turns":4.0},{"damage":1.0,"enemies":"Spheric Guardian","floor":22.0,"turns":3.0},{"damage":14.0,"enemies":"Shelled Parasite and Fungi","floor":24.0,"turns":4.0},{"damage":0.0,"enemies":"Sentry and Sphere","floor":28.0,"turns":3.0},{"damage":19.0,"enemies":"Snake Plant","floor":29.0,"turns":3.0},{"damage":27.0,"enemies":"Gremlin Leader","floor":31.0,"turns":4.0},{"damage":29.0,"enemies":"Collector","floor":33.0,"turns":5.0},{"damage":22.0,"enemies":"Orb Walker","floor":35.0,"turns":3.0},{"damage":16.0,"enemies":"3 Darklings","floor":37.0,"turns":5.0},{"damage":0.0,"enemies":"Spire Growth","floor":38.0,"turns":4.0},{"damage":8.0,"enemies":"Jaw Worm Horde","floor":40.0,"turns":5.0},{"damage":12.0,"enemies":"Reptomancer","floor":44.0,"turns":8.0},{"damage":4.0,"enemies":"3 Darklings","floor":46.0,"turns":6.0},{"damage":5,"enemies":"Spire Growth","floor":48,"turns":4},{"damage":14,"enemies":"Awakened One","floor":50,"turns":14}],"seed_played":"-732030867901632683","potions_obtained":[{"floor":8.0,"key":"AttackPotion"},{"floor":10.0,"key":"Dexterity Potion"},{"floor":14.0,"key":"SkillPotion"},{"floor":17.0,"key":"FocusPotion"},{"floor":18.0,"key":"FocusPotion"},{"floor":33.0,"key":"DistilledChaos"},{"floor":36.0,"key":"SmokeBomb"},{"floor":36.0,"key":"LiquidMemories"},{"floor":36.0,"key":"SpeedPotion"},{"floor":38.0,"key":"GamblersBrew"}],"is_trial":false,"path_per_floor":["M","?","?","$","M","E","?","E","T","M","M","R","M","M","R","B",null,"M","$","?","?","M","R","M","R","T","T","M","M","R","E","R","B",null,"M","?","M","M","$","M","R","T","T","E","R","M","R","M","R","B",null],"character_chosen":"DEFECT","items_purchased":["Streamline","Membership Card","White Noise","Panache","FTL","Glacier","Blizzard","Conserve Battery","DollysMirror","Master of Strategy","Bag of Preparation","Capacitor","Dramatic Entrance","Girya"],"campfire_rested":5,"item_purchase_floors":[4,19,19,19,19,39,39,39,39,39,39,39,39,39],"current_hp_per_floor":[68,68,68,68,68,68,68,36,36,36,24,46,38,27,49,49,74,62,62,62,62,61,61,47,71,71,71,71,52,52,25,49,20,65,43,43,37,47,47,49,73,73,73,71,71,77,77,72,72,58],"gold":79,"neow_bonus":"THREE_ENEMY_KILL","is_daily":false,"chose_seed":false,"campfire_upgraded":2,"win_rate":0.0,"timestamp":1612141810,"path_taken":["M","?","?","$","M","E","?","E","T","M","?","R","?","M","R","BOSS","M","$","?","?","M","R","M","R","T","?","M","M","R","E","R","BOSS","M","?","M","?","$","M","R","?","T","E","R","M","R","M","R","BOSS"],"items_purchased_type":["Card","Relic","Card","Card","Card","Card","Card","Card","Relic","Card","Relic","Card","Card","Relic"],"build_version":"2020-12-22","purchased_purges":1,"victory":true,"max_hp_per_floor":[75,75,75,75,75,75,75,75,75,75,75,75,75,75,75,75,80,80,80,80,80,80,80,80,80,80,80,80,80,80,80,80,80,80,80,80,80,80,80,80,80,80,80,80,80,80,80,80,80,80],"relic_stats":{"Happy Flower":[18],"counters":[24,98],"Dead Branch":[46],"Pen Nib":[3],"Bag of Preparation":[10],"Cursed Key":0,"obtain_stats":[{"Girya":39,"Tiny House":17,"NeowsBlessing":0,"Happy Flower":31,"Dead Branch":6,"Pen Nib":44,"Bag of Preparation":39,"Ancient Tea Set":9,"Cursed Key":34,"Cables":8,"Old Coin":27,"CaptainsWheel":20,"DollysMirror":39,"Membership Card":19,"Cracked Core":0,"TungstenRod":26},{"Girya":19,"Tiny House":9,"NeowsBlessing":0,"Happy Flower":15,"Dead Branch":3,"Pen Nib":21,"Bag of Preparation":19,"Ancient Tea Set":4,"Cursed Key":16,"Cables":4,"Old Coin":12,"CaptainsWheel":10,"DollysMirror":19,"Membership Card":10,"Cracked Core":0,"TungstenRod":12},{"Girya":61,"Tiny House":23,"NeowsBlessing":0,"Happy Flower":44,"Dead Branch":3,"Pen Nib":74,"Bag of Preparation":61,"Ancient Tea Set":7,"Cursed Key":49,"Cables":7,"Old Coin":34,"CaptainsWheel":27,"DollysMirror":61,"Membership Card":27,"Cracked Core":0,"TungstenRod":34}],"TungstenRod":23,"Cables":[74,48,24,2,0]},"card_choices":[{"not_picked":["Stack","Coolheaded"],"picked":"Defragment","floor":1.0},{"not_picked":["Leap","Stack"],"picked":"Hologram","floor":5.0},{"not_picked":["Lockon","Redo"],"picked":"Ball Lightning","floor":6.0},{"not_picked":["Streamline","Tempest"],"picked":"Turbo","floor":8.0},{"not_picked":["Ball Lightning","Rebound"],"picked":"Melter","floor":10.0},{"not_picked":["Compile Driver","Beam Cell"],"picked":"Defragment","floor":11.0},{"not_picked":["Stack","Go for the Eyes"],"picked":"Biased Cognition","floor":13.0},{"not_picked":["Redo","Sunder"],"picked":"Ball Lightning","floor":14.0},{"not_picked":["Reboot","All For One"],"picked":"Amplify","floor":16.0},{"not_picked":["Redo","Leap"],"picked":"Coolheaded","floor":17.0},{"not_picked":["Rebound+1","Beam Cell"],"picked":"Steam","floor":18.0},{"not_picked":["BootSequence","Go for the Eyes+1"],"picked":"Capacitor","floor":22.0},{"not_picked":["Tempest","Ball Lightning"],"picked":"Redo+1","floor":24.0},{"not_picked":["Beam Cell","Melter"],"picked":"Loop","floor":28.0},{"not_picked":["Stack","Steam"],"picked":"Darkness+1","floor":29.0},{"not_picked":["Lockon+1","Darkness"],"picked":"Recycle","floor":31.0},{"not_picked":["Amplify","Seek"],"picked":"Creative AI","floor":33.0},{"not_picked":["Gash","Streamline+1"],"picked":"Self Repair+1","floor":35.0},{"not_picked":["Defragment+1","Barrage+1"],"picked":"Chill+1","floor":37.0},{"not_picked":["Go for the Eyes","Heatsinks"],"picked":"Stack+1","floor":38.0},{"not_picked":["Hyperbeam","Gash+1"],"picked":"Conserve Battery+1","floor":40.0},{"not_picked":["Meteor Strike","Stack"],"picked":"Conserve Battery+1","floor":44.0},{"not_picked":["Chaos","Conserve Battery"],"picked":"Hologram+1","floor":46.0},{"not_picked":["Darkness+1","Go for the Eyes+1"],"picked":"Multi-Cast","floor":48}],"player_experience":489966,"relics_obtained":[{"floor":6.0,"key":"Dead Branch"},{"floor":8.0,"key":"Cables"},{"floor":9.0,"key":"Ancient Tea Set"},{"floor":26.0,"key":"TungstenRod"},{"floor":27.0,"key":"Old Coin"},{"floor":31.0,"key":"Happy Flower"},{"floor":44.0,"key":"Pen Nib"}],"event_choices":[{"damage_healed":0.0,"max_hp_gain":0.0,"max_hp_loss":0.0,"gold_gain":175.0,"event_name":"Liars Game","player_choice":"AGREE","floor":2.0,"gold_loss":0.0,"damage_taken":0.0,"cards_obtained":["Doubt"]},{"cards_removed":["Doubt"],"damage_healed":0.0,"max_hp_gain":0.0,"max_hp_loss":0.0,"gold_gain":0.0,"event_name":"The Cleric","player_choice":"Card Removal","floor":3.0,"gold_loss":50.0,"damage_taken":0.0},{"cards_removed":["Strike_B"],"damage_healed":0.0,"max_hp_gain":0.0,"max_hp_loss":0.0,"gold_gain":0.0,"event_name":"Wheel of Change","player_choice":"Card Removal","floor":7.0,"gold_loss":0.0,"damage_taken":0.0},{"damage_healed":0.0,"max_hp_gain":0.0,"max_hp_loss":0.0,"gold_gain":0.0,"event_name":"Addict","player_choice":"Obtained Relic","floor":20.0,"gold_loss":85.0,"damage_taken":0.0,"relics_obtained":["CaptainsWheel"]},{"cards_removed":["Strike_B"],"damage_healed":0.0,"max_hp_gain":0.0,"max_hp_loss":0.0,"gold_gain":0.0,"event_name":"Beggar","player_choice":"Gave Gold","floor":21.0,"gold_loss":75.0,"damage_taken":0.0},{"damage_healed":0.0,"max_hp_gain":0.0,"max_hp_loss":0.0,"gold_gain":0.0,"event_name":"Lab","player_choice":"Got Potions","floor":36.0,"gold_loss":0.0,"damage_taken":0.0}],"is_beta":false,"boss_relics":[{"not_picked":["Coffee Dripper","Snecko Eye"],"picked":"Tiny House"},{"not_picked":["Nuclear Battery","Empty Cage"],"picked":"Cursed Key"}],"items_purged_floors":[39],"is_endless":false,"potions_floor_spawned":[8,10,14,18,22,29,33,38,44,46],"ascension_level":9}}