{"host":"ucgrft0m53zzt06v","time":1612153378,"event":{"mods":["BaseMod","Colored Map","Colored Powertips","Conspire","HololiveMod","KinomotoSakuraMod(木之本樱)","Lobotomy","Minty Spire (QoL Compilation)","Quick Restart","Replay The Spire","Shop Mod","Spicy Shops","StSLib","Td1madao Mod","The Senshi","Waifu the Spire","WarShipGirlsR/战舰少女R mod","【遗物卡牌】REMEMod"],"gold_per_floor":[79,5,5,19,19,51,51,83,137,165,165,184,184,223,223,337,337,351,385,413,413,49,49,96,96,121,141,141,141,178,197,197,314,314,328,347,347,361,173,212,231,231,257,283,283,315,315,371,371,371],"floor_reached":51,"language":"ZHS","playtime":3131,"items_purged":["Hololive_Strike","Amnesia"],"score":1580,"play_id":"f6d63467-4d2c-4fee-99ee-55415a0a67a0","local_time":"20210201122258","is_ascension_mode":true,"campfire_choices":[{"data":"Hololive_CallAZKi","floor":7.0,"key":"SMITH"},{"data":"Hololive_CallSpadeEcho","floor":11.0,"key":"SMITH"},{"data":"Hololive_Nanodesu","floor":13.0,"key":"SMITH"},{"data":"Hololive_Strike","floor":15.0,"key":"PURGE"},{"data":"Hololive_OvertimeWork","floor":23,"key":"SMITH"},{"data":"Hololive_CallHoushouMarine","floor":28,"key":"SMITH"},{"data":"Hololive_CallDoris","floor":42,"key":"SMITH"},{"data":"Hololive_CallAZKi","floor":45,"key":"SMITH"},{"data":"Hololive_Rebirth","floor":47,"key":"SMITH"},{"data":"Hololive_SummonFox","floor":49,"key":"SMITH"}],"circlet_count":0,"master_deck":["Hololive_Defend","Hololive_Defend","Hololive_Breathe+1","Hololive_CallKiryuuCoco","Hololive_CallShiranuiFlare","Hololive_CallAiraniIofifteen+1","Hololive_CallAZKi+1","Die Die Die","Hololive_CallAiraniIofifteen","Hololive_SummonFox+1","Hololive_LuckPotion","Hololive_FlyingPonyTail","Hololive_Nanodesu+1","Hololive_CallSpadeEcho+1","Hololive_FlyingPonyTail","Hololive_CallRoboco","Hololive_DDD","Hololive_OvertimeWork+1","Hololive_FlyingPonyTail","Hololive_CallHoushouMarine+1","Hololive_FlyingPonyTail+1","Hololive_CandyCastle","Hololive_CallHoshimachiSuisei+1","Hololive_CallNakiriAyame+1","Hololive_CallAZKi+1","Hololive_CallTokinoSora+1","Hololive_Rebirth+1","Hololive_CallRosalyn+1","Hololive_CallDoris+1","Hololive_FlyingPonyTail+1","Hololive_CallAkiRosenthal+1","Hololive_CallUsadaPekora"],"relics":["Hololive_TheStar","REME_ComplimentaryCards","NeowsBlessing","ReplayTheSpireMod:TigerMarble","Toy Ornithopter","ReplayFunnel","Pen Nib","Boot","Black Star","Bag of Preparation","Happy Flower","Hololive_FriedShrimpLion","conspire:DecoderRing","Dream Catcher","Blue Doll","Busted Crown","ReplayTheSpireMod:CursedCoin","conspire:TopHat","MerchantsRug","Ornamental Fan","Strawberry","War Paint","Calipers","Lantern","Pondfish Scales"],"acts_visited":["Exordium","TheCity","TheBeyond"],"potions_floor_usage":[50,50],"damage_taken":[{"damage":0.0,"enemies":"Jaw Worm","floor":1.0,"turns":1.0},{"damage":0.0,"enemies":"Small Slimes","floor":4.0,"turns":1.0},{"damage":0.0,"enemies":"Lagavulin","floor":6.0,"turns":1.0},{"damage":0.0,"enemies":"Gremlin Nob","floor":8.0,"turns":5.0},{"damage":0.0,"enemies":"3 Sentries","floor":10.0,"turns":8.0},{"damage":0.0,"enemies":"2 Louse","floor":12.0,"turns":2.0},{"damage":0.0,"enemies":"Gremlin Nob","floor":14.0,"turns":3.0},{"damage":0.0,"enemies":"Hexaghost","floor":16.0,"turns":5.0},{"damage":0.0,"enemies":"Shell Parasite","floor":18.0,"turns":3.0},{"damage":0.0,"enemies":"conspire:MimicChest","floor":19.0,"turns":3.0},{"damage":0,"enemies":"conspire:FuzzyDice","floor":20,"turns":4},{"damage":0,"enemies":"Replay:Snechameleon","floor":24,"turns":5},{"damage":0,"enemies":"conspire:HollyBat","floor":27,"turns":5},{"damage":0,"enemies":"Book of Stabbing","floor":30,"turns":4},{"damage":0,"enemies":"Chosen and Byrds","floor":31,"turns":3},{"damage":0,"enemies":"Collector","floor":33,"turns":4},{"damage":0,"enemies":"3 Shapes","floor":35,"turns":3},{"damage":0,"enemies":"3 Darklings","floor":36,"turns":4},{"damage":0,"enemies":"Sphere and 2 Shapes","floor":38,"turns":3},{"damage":0,"enemies":"Giant Head","floor":40,"turns":4},{"damage":0,"enemies":"Writhing Mass","floor":41,"turns":2},{"damage":0,"enemies":"Nemesis","floor":44,"turns":4},{"damage":0,"enemies":"Spire Growth","floor":46,"turns":4},{"damage":0,"enemies":"Mind Bloom Boss Battle","floor":48,"turns":4},{"damage":0,"enemies":"Awakened One","floor":50,"turns":7}],"seed_played":"183920211929931778","potions_obtained":[{"floor":6.0,"key":"Weak Potion"},{"floor":8.0,"key":"EssenceOfSteel"},{"floor":12.0,"key":"Fruit Juice"},{"floor":14.0,"key":"Dexterity Potion"},{"floor":18.0,"key":"Fire Potion"},{"floor":19.0,"key":"DuplicationPotion"}],"is_trial":false,"path_per_floor":["M","$","?","M","?","E","R","E","T","E","R","M","R","E","R_BF","B",null,"M","?","M","?","$","R","E","?","T","M","R","$","E","M","R_BF","B",null,"M","M","?","M","$","E","M","R","T","E","R","M","R","?","R","B",null],"character_chosen":"Hololive_HololiveCharacter","items_purchased":["Hololive_SummonFox","Hololive_FlyingPonyTail","Hololive_CandyCastle","Happy Flower","BargainBundle","ReplayTheSpireMod:CursedCoin","conspire:TopHat","MerchantsRug","Energy Potion","Block Potion","Fire Potion","Swift Potion"],"campfire_rested":0,"item_purchase_floors":[2,22,22,22,39,39,39,39,39,39,39,39],"current_hp_per_floor":[35,35,35,35,35,35,35,35,35,35,35,40,40,40,40,40,40,40,40,40,35,35,35,35,35,35,35,35,35,35,35,45,45,45,45,45,45,45,45,52,52,52,52,52,52,52,52,53,53,53],"gold":371,"neow_bonus":"THREE_ENEMY_KILL","is_daily":false,"chose_seed":false,"campfire_upgraded":9,"win_rate":0.0,"timestamp":1612153378,"path_taken":["M","$","?","M","?","E","R","E","T","E","R","M","R","E","R_BF","BOSS","M","?","M","?","$","R","E","?","T","M","R","$","E","M","R_BF","BOSS","M","M","?","M","$","E","M","R","T","E","R","M","R","?","R","BOSS"],"items_purchased_type":["Card","Card","Card","Relic","Relic","Relic","Relic","Relic","Potion","Potion","Potion","Potion"],"build_version":"2020-12-22","purchased_purges":2,"victory":true,"max_hp_per_floor":[35,35,35,35,35,35,35,35,35,35,35,40,40,40,40,40,40,40,40,40,45,45,45,45,45,45,45,45,45,45,45,45,45,45,45,45,45,45,45,52,52,52,52,52,52,52,52,53,53,53],"card_choices":[{"not_picked":["Hololive_Sequa","Hololive_Trident","Hololive_Rebound"],"picked":"Hololive_CallAiraniIofifteen","floor":1.0},{"not_picked":["Hololive_CallCivia","Hololive_CallUsadaPekora","Hololive_StrengthChampion"],"picked":"Hololive_LuckPotion","floor":4.0},{"not_picked":["Hololive_CallRosalyn","Hololive_Breathe","Hololive_Psychosis"],"picked":"Hololive_FlyingPonyTail","floor":6.0},{"not_picked":["Hololive_Rebound","Hololive_Sequa","Hololive_Psychosis"],"picked":"Hololive_Nanodesu","floor":8.0},{"not_picked":["Hololive_OvertimeWork","Hololive_DurableLive","Hololive_Breathe"],"picked":"Hololive_CallSpadeEcho","floor":10.0},{"not_picked":["Hololive_Psychosis","Hololive_Drill","Hololive_Breathe"],"picked":"Hololive_FlyingPonyTail","floor":12.0},{"not_picked":["Hololive_Recruit","Hololive_CallMurasakiShion","Hololive_OvertimeWork"],"picked":"Hololive_CallRoboco","floor":14.0},{"not_picked":["Hololive_ScarfAndHalo","Hololive_AWSL","Hololive_HighAtkLowDef"],"picked":"Hololive_DDD","floor":16.0},{"not_picked":["Hololive_HuntDinosaur","Hololive_CocoNews","Hololive_Sequa+1"],"picked":"Hololive_OvertimeWork","floor":18.0},{"not_picked":["Hololive_Sequa","Hololive_CocoNews+1","Hololive_Trident+1"],"picked":"Hololive_FlyingPonyTail","floor":19.0},{"not_picked":["Hololive_Rebound","Hololive_StrengthChampion","Hololive_OvertimeWork"],"picked":"Hololive_CallHoushouMarine","floor":20},{"not_picked":["Hololive_FlyingPonyTail","Hololive_LuckPotion","Hololive_FlareMind"],"picked":"Hololive_CallHoshimachiSuisei+1","floor":24},{"not_picked":["Hololive_CallAkiRosenthal+1","Hololive_Drill+1","Hololive_CocoNews+1"],"picked":"Hololive_CallNakiriAyame+1","floor":27},{"not_picked":["Hololive_CallRosalyn+1","Hololive_FlyingPonyTail","Hololive_Drill"],"picked":"Hololive_CallAZKi","floor":30},{"not_picked":["Hololive_Rebound","Hololive_Trident","Hololive_FlyingPonyTail","Hololive_Breathe"],"picked":"SKIP","floor":31},{"not_picked":["Hololive_CallAiraniIofifteen+1","Hololive_Sequa","Hololive_CallHoushouMarine"],"picked":"Hololive_CallTokinoSora+1","floor":32},{"not_picked":["Hololive_WolfAndLamb","Hololive_BeCareful","Hololive_HighAtkLowDef"],"picked":"Hololive_Rebirth","floor":33},{"not_picked":["Hololive_LuckPotion"],"picked":"Hololive_CallRosalyn+1","floor":35},{"not_picked":["Hololive_Rebound+1"],"picked":"Hololive_CallDoris","floor":36},{"not_picked":["Hololive_HuntDinosaur+1"],"picked":"Hololive_FlyingPonyTail+1","floor":38},{"not_picked":["Hololive_HuntDinosaur","Hololive_StrengthChampion+1"],"picked":"SKIP","floor":40},{"not_picked":["Hololive_Breathe","Hololive_Psychosis"],"picked":"SKIP","floor":41},{"not_picked":["Hololive_Psychosis"],"picked":"Hololive_CallAkiRosenthal+1","floor":44},{"not_picked":["Hololive_CallMomosuzuNene+1"],"picked":"Hololive_CallUsadaPekora","floor":46}],"player_experience":150225,"relics_obtained":[{"floor":6.0,"key":"ReplayTheSpireMod:TigerMarble"},{"floor":8.0,"key":"Toy Ornithopter"},{"floor":9.0,"key":"ReplayFunnel"},{"floor":10.0,"key":"Pen Nib"},{"floor":14.0,"key":"Boot"},{"floor":19.0,"key":"Bag of Preparation"},{"floor":24,"key":"Hololive_FriedShrimpLion"},{"floor":24,"key":"conspire:DecoderRing"},{"floor":26,"key":"Dream Catcher"},{"floor":30,"key":"Replay:Baseball"},{"floor":30,"key":"Blue Doll"},{"floor":40,"key":"Ornamental Fan"},{"floor":40,"key":"Strawberry"},{"floor":43,"key":"War Paint"},{"floor":44,"key":"Calipers"},{"floor":44,"key":"Lantern"},{"floor":48,"key":"Pondfish Scales"}],"event_choices":[{"damage_healed":0,"gold_gain":0,"player_choice":"Shed Blood","damage_taken":10,"max_hp_gain":5,"max_hp_loss":0,"event_name":"Forgotten Altar","floor":21,"gold_loss":0},{"damage_healed":0,"gold_gain":0,"player_choice":"Ignored","damage_taken":0,"max_hp_gain":0,"max_hp_loss":0,"event_name":"Vampires","floor":25,"gold_loss":0},{"cards_removed":["Hololive_CallYozoraMel"],"damage_healed":0,"gold_gain":0,"player_choice":"Removed Power","damage_taken":0,"max_hp_gain":0,"max_hp_loss":0,"event_name":"Falling","floor":37,"gold_loss":0},{"damage_healed":0,"gold_gain":0,"player_choice":"Fight","damage_taken":0,"max_hp_gain":0,"max_hp_loss":0,"event_name":"MindBloom","floor":48,"gold_loss":0}],"is_beta":false,"boss_relics":[{"not_picked":["Philosopher\u0027s Stone","ChewingGum"],"picked":"Black Star"},{"not_picked":["Empty Cage","Runic Pyramid"],"picked":"Busted Crown"}],"items_purged_floors":[22,39],"is_endless":false,"potions_floor_spawned":[6,8,12,14,18,19,33,35,40,41,46],"ascension_level":5}}