{"host":"gbsupkmj5cka9iw4","time":1612178539,"event":{"mods":["BaseMod","Better Note","BetterRewards","Minty Spire (QoL Compilation)","Say the Spire","Shop Mod","StSLib"],"gold_per_floor":[114,34,50,50,50,50,81,81,108,108,108],"floor_reached":10,"language":"ENG","playtime":362,"items_purged":["Strike_P"],"score":118,"play_id":"4ad2d132-3035-40f9-b58a-db07a83fa114","local_time":"20210201202219","is_ascension_mode":true,"campfire_choices":[{"data":"BattleHymn","floor":6,"key":"SMITH"}],"circlet_count":0,"master_deck":["AscendersBane","Strike_P","Strike_P","Defend_P","Defend_P","Defend_P","Defend_P","Eruption","Vigilance","BattleHymn+1","ClearTheMind","CutThroughFate","InnerPeace","Vengeance","FollowUp","TalkToTheHand","Wallop","Fasting2","DeusExMachina"],"relics":["PureWater","ClockworkSouvenir","Toy Ornithopter","The Courier","Damaru"],"acts_visited":["Exordium"],"potions_floor_usage":[],"damage_taken":[{"damage":4,"enemies":"2 Louse","floor":1,"turns":2},{"damage":5,"enemies":"Small Slimes","floor":3,"turns":3},{"damage":33,"enemies":"3 Sentries","floor":7,"turns":6},{"damage":14,"enemies":"Gremlin Nob","floor":10,"turns":2}],"seed_played":"2331851366175236665","potions_obtained":[{"floor":7,"key":"Dexterity Potion"}],"is_trial":false,"path_per_floor":["M","$","M","?","?","R","E","?","T","E"],"character_chosen":"WATCHER","items_purchased":["ClockworkSouvenir","BattleHymn","ClearTheMind","CutThroughFate","Toy Ornithopter","InnerPeace","Vengeance","FollowUp","TalkToTheHand"],"campfire_rested":0,"item_purchase_floors":[0,0,0,0,0,0,0,0,2],"current_hp_per_floor":[29,29,24,46,46,46,13,13,13,0,0],"gold":108,"neow_bonus":"","is_daily":false,"chose_seed":false,"campfire_upgraded":1,"win_rate":0.0,"timestamp":1612178539,"path_taken":["M","$","M","?","?","R","E","?","T","E"],"items_purchased_type":["Relic","Card","Card","Card","Relic","Card","Card","Card","Card"],"build_version":"2020-12-22","purchased_purges":1,"victory":false,"max_hp_per_floor":[68,68,68,68,68,68,68,68,68,68,68],"card_choices":[{"not_picked":["CrushJoints","FlyingSleeves","JustLucky"],"picked":"SKIP","floor":1},{"not_picked":["Fasting2","PathToVictory"],"picked":"Wallop","floor":3},{"not_picked":["Omniscience","ClearTheMind"],"picked":"DeusExMachina","floor":7}],"player_experience":829740,"relics_obtained":[{"floor":7,"key":"The Courier"},{"floor":9,"key":"Damaru"}],"event_choices":[{"damage_healed":22,"gold_gain":0,"player_choice":"Banana","damage_taken":0,"max_hp_gain":0,"max_hp_loss":0,"event_name":"Big Fish","floor":4,"gold_loss":0},{"damage_healed":0,"gold_gain":0,"cards_transformed":["Strike_P"],"player_choice":"Change","damage_taken":0,"max_hp_gain":0,"max_hp_loss":0,"event_name":"Living Wall","floor":5,"gold_loss":0,"cards_obtained":["Fasting2"]},{"damage_healed":0,"gold_gain":0,"player_choice":"Ignored","damage_taken":0,"max_hp_gain":0,"max_hp_loss":0,"event_name":"Shining Light","floor":8,"gold_loss":0}],"is_beta":false,"boss_relics":[],"items_purged_floors":[0],"is_endless":false,"potions_floor_spawned":[7],"killed_by":"Gremlin Nob","ascension_level":17}}