{"host":"rzvepkyh9344fbo1","time":1612178990,"event":{"mods":["AchievementEnabler","Act Like it!","BaseMod","Colored Map","Colored Powertips","Curses Come First","Downfall","Hermit","Highlight Path","Minty Spire (QoL Compilation)","Replay The Spire","Shop Mod","StS++","StSLib","The Cursed","The Necromancer"],"gold_per_floor":[118,218,318,333,47,72,72,86,113,125,156,156,176,176,176,276,276,295,305,230,257,356,386,396,396,396,431,40,54,69,81,81,177,177,191,101,112,122,136,168,168,210,310,310,336,336,336],"floor_reached":46,"language":"ENG","playtime":4080,"items_purged":["Overencumbered","downfall:Bewildered"],"score":828,"play_id":"dfb61679-429f-4bb8-9229-60b2edf7c43e","local_time":"20210201222950","is_ascension_mode":true,"campfire_choices":[{"data":"Apotheosis","floor":7,"key":"SMITH"},{"data":"ReplayTheSpireMod:Faulty Equipment","floor":12,"key":"SMITH"},{"data":"ReplayTheSpireMod:Faulty Equipment","floor":15,"key":"SMITH"},{"floor":25,"key":"REST"},{"floor":32,"key":"REST"},{"data":"FIFO Queue","floor":41,"key":"SMITH"}],"circlet_count":0,"master_deck":["Strike_B","Strike_B","Strike_B+1","Strike_B","Defend_B","Defend_B","Defend_B","Defend_B","Zap","Dualcast","Auto Shields","Parasite","Mirror Shield","Cold Snap","FIFO Queue+1","Double Energy","Apotheosis+1","Melter","StSpp:Channeliser","Conserve Battery+1","CommonCold","Sunder+1","Consume+1","Electrodynamics+1","Turbo","Ball Lightning","ReplayTheSpireMod:Omega Cannon","ReplayTheSpireMod:Omega Cannon","Chill","Leap+1","Loop","Core Surge","Steam Power","Electrodynamics","Pain","TheCursedMod:Dregs","BootSequence+1"],"relics":["Cracked Core","downfall:ExtraCursedKey","BargainBundle","DataDisk","StrikeDummy","Bag of Preparation","ReplayFunnel","Replay:Ringing Soul","Replay:Towering Pillar of Hats","Red Mask","Pet Ghost","Regal Pillow","MerchantsRug","Membership Card","Gremlin Food","Happy Flower","Nuclear Battery","Blood Vial","CeramicFish","Darkstone Periapt"],"acts_visited":["Exordium","TheCity","TheBeyond"],"potions_floor_usage":[6,10,11,11,16,16,27,29,33,33,33,40,42],"damage_taken":[{"damage":3,"enemies":"Small Slimes","floor":1,"turns":3},{"damage":0,"enemies":"Cultist","floor":4,"turns":4},{"damage":0,"enemies":"Lagavulin","floor":6,"turns":5},{"damage":0,"enemies":"2 Louse","floor":8,"turns":2},{"damage":0,"enemies":"2 Fungi Beasts","floor":10,"turns":3},{"damage":16,"enemies":"Gremlin Nob","floor":11,"turns":6},{"damage":0,"enemies":"Looter","floor":13,"turns":2},{"damage":0,"enemies":"The Guardian","floor":16,"turns":8},{"damage":0,"enemies":"Chosen","floor":18,"turns":6},{"damage":5,"enemies":"2 Thieves","floor":19,"turns":4},{"damage":48,"enemies":"Masked Bandits","floor":21,"turns":5},{"damage":13,"enemies":"Gremlin Leader","floor":23,"turns":7},{"damage":0,"enemies":"Snecko","floor":24,"turns":3},{"damage":23,"enemies":"Book of Stabbing","floor":27,"turns":4},{"damage":14,"enemies":"Shelled Parasite and Fungi","floor":29,"turns":2},{"damage":0,"enemies":"Centurion and Healer","floor":30,"turns":2},{"damage":0,"enemies":"Snecko","floor":31,"turns":3},{"damage":65,"enemies":"Automaton","floor":33,"turns":8},{"damage":24,"enemies":"3 Shapes","floor":35,"turns":1},{"damage":0,"enemies":"3 Darklings","floor":37,"turns":1},{"damage":12,"enemies":"4 Shapes","floor":38,"turns":3},{"damage":0,"enemies":"Sphere and 2 Shapes","floor":39,"turns":2},{"damage":8,"enemies":"R_Hoarder","floor":40,"turns":8},{"damage":75,"enemies":"Giant Head","floor":42,"turns":10},{"damage":1,"enemies":"3 Darklings","floor":45,"turns":2},{"damage":27,"enemies":"Writhing Mass","floor":46,"turns":3}],"seed_played":"1903913376253965852","potions_obtained":[{"floor":1,"key":"FocusPotion"},{"floor":6,"key":"Guardian:BlockOnCardUsePotion"},{"floor":11,"key":"FocusPotion"},{"floor":13,"key":"FocusPotion"},{"floor":18,"key":"Dexterity Potion"},{"floor":21,"key":"SpeedPotion"},{"floor":29,"key":"PowerPotion"},{"floor":30,"key":"CultistPotion"},{"floor":33,"key":"SteroidPotion"},{"floor":38,"key":"StSpp:InhibitionPotion"},{"floor":42,"key":"Elixir"},{"floor":44,"key":"PowerPotion"},{"floor":44,"key":"CultistPotion"}],"is_trial":false,"path_per_floor":["M","?","?","M","$","E","R","M","T","M","E","R","M","?","R","B",null,"M","M","?","?","?","E","M","R","T","E","$","M","M","M","R","B",null,"M","?","M","M","M","E","R","E","T","?","M","M"],"character_chosen":"DEFECT","items_purchased":["BargainBundle","FIFO Queue","Double Energy","Apotheosis","FocusPotion","Fire Potion","Melter","MerchantsRug","Membership Card","Gremlin Food","Happy Flower","ReplayTheSpireMod:Omega Cannon","champ:CounterPotion","Reflective Coating"],"campfire_rested":2,"item_purchase_floors":[5,5,5,5,5,5,5,28,28,28,28,28,28,28],"current_hp_per_floor":[79,84,84,84,84,84,84,84,84,84,68,68,68,61,61,61,90,93,91,91,46,46,36,36,66,69,49,52,41,44,47,98,36,123,99,99,99,87,90,82,82,12,15,15,19,0,0],"gold":336,"neow_bonus":"TEN_PERCENT_HP_BONUS","is_daily":false,"chose_seed":false,"campfire_upgraded":4,"win_rate":0.0,"timestamp":1612178990,"path_taken":["M","?","?","M","$","E","R","?","T","M","E","R","?","?","R","BOSS","M","M","?","?","?","E","?","R","T","E","?","M","M","M","R","BOSS","M","?","M","?","M","E","R","E","T","?","?","M"],"items_purchased_type":["Relic","Card","Card","Card","Potion","Potion","Card","Relic","Relic","Relic","Relic","Card","Potion","Potion"],"build_version":"2020-12-22","purchased_purges":2,"victory":false,"max_hp_per_floor":[82,87,87,87,87,87,87,87,87,87,87,87,87,87,87,87,90,93,96,96,99,99,102,102,102,105,108,111,114,117,120,120,123,123,123,123,123,123,126,126,126,129,132,132,135,135,135],"card_choices":[{"not_picked":["Steam Power","Ball Lightning"],"picked":"Auto Shields","floor":1},{"not_picked":["Sweeping Beam","Compile Driver"],"picked":"Cold Snap","floor":4},{"not_picked":["Buffer","Rip and Tear"],"picked":"StSpp:Channeliser","floor":6},{"not_picked":["Compile Driver","Redo","Leap"],"picked":"SKIP","floor":8},{"not_picked":["Steam","Cold Snap"],"picked":"Conserve Battery","floor":10},{"not_picked":["Go for the Eyes","All For One","Stack"],"picked":"SKIP","floor":11},{"not_picked":["ReplaySolidLightProjector","Conserve Battery","FIFO Queue"],"picked":"SKIP","floor":13},{"not_picked":["Normality","Delirium"],"picked":"CommonCold","floor":17},{"not_picked":["downfall:Icky","Regret"],"picked":"ReplayTheSpireMod:Splinters","floor":17},{"not_picked":["ReplayTheSpireMod:IOU","downfall:Bewildered"],"picked":"CommonCold","floor":17},{"not_picked":["Sweeping Beam","Beam Cell"],"picked":"Sunder+1","floor":18},{"not_picked":["Recycle+1","ReplayTheSpireMod:System Scan"],"picked":"Consume+1","floor":19},{"not_picked":["Steam","Skim"],"picked":"Electrodynamics","floor":21},{"not_picked":["Multi-Cast","Rip and Tear"],"picked":"Turbo","floor":23},{"not_picked":["BootSequence","Ball Lightning","Gash"],"picked":"SKIP","floor":24},{"not_picked":["Steam","Stack"],"picked":"Ball Lightning","floor":27},{"not_picked":["Meteor Strike","Sweeping Beam"],"picked":"Chill","floor":29},{"not_picked":["Sweeping Beam","Redo"],"picked":"Leap+1","floor":30},{"not_picked":["Redo","Gash"],"picked":"Loop","floor":31},{"not_picked":["ReplayRNGCard","ReplayTheSpireMod:Omega Cannon"],"picked":"Core Surge","floor":33},{"not_picked":["Sweeping Beam+1","Stack","Coolheaded"],"picked":"SKIP","floor":35},{"not_picked":["Chill+1","Go for the Eyes","Stack"],"picked":"SKIP","floor":37},{"not_picked":["Steam+1","Turbo+1","Sweeping Beam+1"],"picked":"SKIP","floor":38},{"not_picked":["Hologram+1","Ball Lightning"],"picked":"Steam Power","floor":39},{"not_picked":["StSpp:CopyPaste","Steam+1","Coolheaded"],"picked":"SKIP","floor":40},{"not_picked":["Barrage+1","Sweeping Beam"],"picked":"Electrodynamics","floor":42},{"not_picked":["Gash+1","Streamline"],"picked":"BootSequence+1","floor":45}],"player_experience":266841,"relics_obtained":[{"floor":6,"key":"DataDisk"},{"floor":9,"key":"Omamori"},{"floor":11,"key":"StrikeDummy"},{"floor":21,"key":"Red Mask"},{"floor":23,"key":"Replay:Bottled Eggs"},{"floor":26,"key":"Pet Ghost"},{"floor":27,"key":"Regal Pillow"},{"floor":40,"key":"Blood Vial"},{"floor":42,"key":"CeramicFish"},{"floor":43,"key":"Darkstone Periapt"}],"event_choices":[{"damage_healed":0,"gold_gain":100,"player_choice":"Pray","damage_taken":0,"max_hp_gain":0,"max_hp_loss":0,"event_name":"Golden Shrine","floor":3,"gold_loss":0},{"damage_healed":0,"gold_gain":0,"player_choice":"Success","damage_taken":7,"relics_obtained":["Bag of Preparation"],"max_hp_gain":0,"max_hp_loss":0,"event_name":"Scrap Ooze","floor":14,"gold_loss":0},{"cards_removed":["Writhe"],"damage_healed":0,"gold_gain":0,"player_choice":"Gave Gold","damage_taken":0,"max_hp_gain":0,"max_hp_loss":0,"event_name":"Beggar","floor":20,"gold_loss":75},{"damage_healed":0,"gold_gain":0,"player_choice":"Fought Bandits","damage_taken":0,"max_hp_gain":0,"max_hp_loss":0,"event_name":"Masked Bandits","floor":21,"gold_loss":0},{"damage_healed":0,"gold_gain":99,"player_choice":"Stole From Cult","damage_taken":0,"max_hp_gain":0,"max_hp_loss":0,"event_name":"Nest","floor":22,"gold_loss":0},{"cards_removed":["Looming Evil"],"damage_healed":0,"gold_gain":0,"player_choice":"Upgrade and Remove","damage_taken":0,"max_hp_gain":0,"max_hp_loss":0,"event_name":"Designer","floor":36,"gold_loss":90,"cards_upgraded":["Strike_B"]},{"damage_healed":0,"gold_gain":0,"player_choice":"Got Potions","damage_taken":0,"max_hp_gain":0,"max_hp_loss":0,"event_name":"Lab","floor":44,"gold_loss":0}],"is_beta":false,"boss_relics":[{"not_picked":["Velvet Choker","Replay:Drink Me"],"picked":"Replay:Ancient Bell"},{"not_picked":["Replay:Baseball","Boot"],"picked":"ReplayFunnel"},{"not_picked":["Matryoshka","Replay:Bottled Flurry"],"picked":"Replay:Ringing Soul"},{"not_picked":["Bird Faced Urn","Ginger"],"picked":"Replay:Towering Pillar of Hats"},{"not_picked":["StSpp:Balance","Coffee Dripper"],"picked":"Nuclear Battery"}],"items_purged_floors":[5,28],"is_endless":false,"potions_floor_spawned":[1,6,11,13,18,21,29,30,33,38,42,45],"killed_by":"Writhing Mass","ascension_level":4}}