{"host":"4k1o517shm2ba6vh","time":1612211320,"event":{"mods":["AchievementEnabler","BaseMod","Downfall","Minty Spire (QoL Compilation)","Smile Girya","StSLib","The Poker Player","everything is the same but u backflip on backflip"],"gold_per_floor":[99,113,130,130,130,148,174,174,174,12,24,24,37,22,35,130,130,130,150,150,167,8,24,24,36,36,36,36,36,54,4,19,119,169,169,180,180,180,180,4,4,18,18,18,49,49,30,43,59,59,59,59],"floor_reached":50,"language":"ENG","playtime":3646,"items_purged":["Guardian:Strike_Guardian","downfall:Malfunctioning"],"score":512,"play_id":"0c561935-fad7-47eb-b7f5-6664d5ec5e59","local_time":"20210201142840","is_ascension_mode":false,"campfire_choices":[{"data":"Guardian:CurlUp","floor":1,"key":"SMITH"},{"data":"Guardian:TwinSlam","floor":9,"key":"SMITH"},{"data":"Guardian:Preprogram","floor":12,"key":"SMITH"},{"data":"Guardian:StasisStrike","floor":18,"key":"SMITH"},{"data":"Guardian:ExploitGems","floor":43,"key":"SMITH"},{"data":"Guardian:PiercingHide","floor":46,"key":"SMITH"}],"circlet_count":0,"master_deck":["Guardian:Strike_Guardian+1","Guardian:Strike_Guardian+1","Guardian:Defend_Guardian","Guardian:Defend_Guardian+1","Guardian:Defend_Guardian","Guardian:Defend_Guardian+1","Guardian:CurlUp+1","Guardian:TwinSlam+1","Guardian:WalkerClaw","Guardian:FloatingOrbs","Guardian:SphericShield","Guardian:Preprogram+1","Guardian:StasisStrike+1","Guardian:PiercingHide+1","Guardian:ExploitGems+1","Guardian:PrismaticBeam+1","Guardian:Gem_Purple","Guardian:EvasiveProtocol+1","Guardian:CrystalBeam+1","Guardian:Gem_Synthetic","Guardian:Preprogram+1","Guardian:VentSteam+1","Guardian:Planning","Guardian:SentryBeam","Guardian:Emergency+1","Guardian:FastForward","Guardian:Gem_Lightblue","Guardian:Incinerate","Guardian:SpikerProtocol+1","Guardian:Gem_Fragmented","Guardian:Gem_Crimson"],"relics":["Guardian:ModeShifter","Lantern","Orrery","Sozu","Guardian:PickAxe","Frozen Egg 2","Tiny House","Letter Opener","Sundial","Bag of Preparation","TheAbacus"],"acts_visited":["Exordium","TheCity","TheBeyond"],"potions_floor_usage":[19,47,50],"damage_taken":[{"damage":1,"enemies":"2 Louse","floor":2,"turns":4},{"damage":7,"enemies":"Small Slimes","floor":3,"turns":3},{"damage":1,"enemies":"Cultist","floor":6,"turns":5},{"damage":7,"enemies":"downfall:FleeingMerchant","floor":10,"turns":4},{"damage":9,"enemies":"3 Louse","floor":11,"turns":3},{"damage":0,"enemies":"Exordium Wildlife","floor":13,"turns":3},{"damage":1,"enemies":"downfall:FleeingMerchant","floor":14,"turns":4},{"damage":8,"enemies":"Exordium Thugs","floor":15,"turns":5},{"damage":47,"enemies":"DF_ARCHETYPE_STREAMLINE","floor":16,"turns":13},{"damage":9,"enemies":"Chosen","floor":19,"turns":6},{"damage":15,"enemies":"Shell Parasite","floor":21,"turns":5},{"damage":12,"enemies":"downfall:FleeingMerchant","floor":22,"turns":4},{"damage":20,"enemies":"Sentry and Sphere","floor":23,"turns":6},{"damage":21,"enemies":"3 Cultists","floor":25,"turns":6},{"damage":15,"enemies":"Snake Plant","floor":30,"turns":6},{"damage":13,"enemies":"Snecko","floor":32,"turns":4},{"damage":8,"enemies":"SI_MIRROR_ARCHETYPE","floor":33,"turns":11},{"damage":0,"enemies":"3 Shapes","floor":36,"turns":4},{"damage":0,"enemies":"downfall:FleeingMerchant","floor":40,"turns":4},{"damage":10,"enemies":"3 Darklings","floor":42,"turns":4},{"damage":21,"enemies":"Giant Head","floor":45,"turns":7},{"damage":2,"enemies":"downfall:FleeingMerchant","floor":47,"turns":3},{"damage":0,"enemies":"Spire Growth","floor":48,"turns":3},{"damage":14,"enemies":"Writhing Mass","floor":49,"turns":4},{"damage":55,"enemies":"IC_BLOCK_ARCHETYPE","floor":50,"turns":6}],"seed_played":"-519251567539307152","potions_obtained":[{"floor":2,"key":"LiquidMemories"},{"floor":6,"key":"BlessingOfTheForge"},{"floor":11,"key":"Fire Potion"}],"is_trial":false,"path_per_floor":["R","M","M","?","?","M","T","?","R","$","M","R","M","$","M","B",null,"R","M","?","M","$","M","T","M","?","R","?","R","M","?","M","B",null,"R","M","?","?","?","$","T","M","R","T","E","R","$","M","M","B"],"character_chosen":"GUARDIAN","items_purchased":["Orrery","Guardian:PickAxe","Guardian:Gem_Cyan","Guardian:SentryBeam","Guardian:Gem_Lightblue","Guardian:Incinerate","Guardian:SpikerProtocol+1","TheAbacus"],"campfire_rested":0,"item_purchase_floors":[10,22,40,40,47,47,47,47],"current_hp_per_floor":[88,87,80,80,85,84,84,84,84,77,68,68,68,67,59,12,93,93,84,84,69,57,37,37,16,16,16,16,16,1,34,21,13,98,98,98,98,98,98,98,98,88,88,88,67,67,65,65,51,0,0,0],"gold":59,"neow_bonus":"TEN_PERCENT_HP_BONUS","is_daily":false,"chose_seed":false,"campfire_upgraded":6,"win_rate":0.0,"timestamp":1612211320,"path_taken":["R","M","M","?","?","M","T","?","R","$","M","R","M","$","M","BOSS","R","M","?","M","$","M","T","M","?","R","?","R","?","?","M","BOSS","R","M","?","?","?","$","T","?","R","?","E","R","?","M","M","BOSS"],"items_purchased_type":["Relic","Relic","Card","Card","Card","Card","Card","Relic"],"build_version":"2020-12-22","purchased_purges":2,"victory":false,"max_hp_per_floor":[88,88,88,88,93,93,93,93,93,93,93,93,93,93,93,93,93,93,93,93,93,93,93,93,93,93,93,93,93,93,93,93,93,98,98,98,98,98,98,98,98,98,98,98,98,98,98,98,98,98,98,98],"card_choices":[{"not_picked":["Guardian:BodySlam","Guardian:Harden"],"picked":"Guardian:WalkerClaw","floor":2},{"not_picked":["Guardian:Recover","Guardian:Gem_Green"],"picked":"Guardian:FloatingOrbs","floor":3},{"not_picked":["Guardian:PrismaticBarrier","Guardian:MultiBeam"],"picked":"Guardian:Gem_Cyan","floor":6},{"not_picked":["Guardian:ChargeCore","Guardian:WalkerClaw"],"picked":"Guardian:SphericShield","floor":10},{"not_picked":["Guardian:PolyBeam","Guardian:VentSteam"],"picked":"Guardian:Gem_Cyan","floor":10},{"not_picked":["Guardian:FloatingOrbs","Guardian:RollAttack"],"picked":"Guardian:Gem_Yellow","floor":10},{"not_picked":["Guardian:GuardianWhirl","Guardian:ShieldCharger"],"picked":"Guardian:PrimingBeam","floor":10},{"not_picked":["Guardian:ShieldCharger","Guardian:PiercingHide"],"picked":"Guardian:SpikerProtocol","floor":10},{"not_picked":["Guardian:Incinerate","Guardian:BronzeArmor"],"picked":"Guardian:Gem_Crimson","floor":10},{"not_picked":["Guardian:PrimingBeam","Guardian:BodySlam"],"picked":"Guardian:Preprogram","floor":11},{"not_picked":["Guardian:SentryBeam","Guardian:PrimingBeam"],"picked":"Guardian:Gem_Green","floor":13},{"not_picked":["Guardian:HyperBeam_Guardian","Guardian:Recover"],"picked":"Guardian:Gem_White","floor":14},{"not_picked":["Guardian:Clone","Guardian:WalkerClaw"],"picked":"Guardian:Gem_Crimson","floor":15},{"not_picked":["Guardian:Gem_Synthetic","Guardian:SphericShield"],"picked":"Guardian:StasisStrike","floor":16},{"not_picked":["Guardian:Gem_Yellow","Guardian:DonusPower+1"],"picked":"Guardian:PiercingHide","floor":19},{"not_picked":["Guardian:Clone","Guardian:GuardianWhirl"],"picked":"Guardian:Gem_Purple","floor":21},{"not_picked":["Guardian:BaubleBeam","Guardian:WalkerClaw"],"picked":"Guardian:ExploitGems","floor":22},{"not_picked":["Guardian:RollAttack","Guardian:ShieldCharger+1","Guardian:BronzeArmor"],"picked":"SKIP","floor":23},{"not_picked":["Guardian:FloatingOrbs+1","Guardian:PolyBeam+1"],"picked":"Guardian:PrismaticBeam+1","floor":25},{"not_picked":["Guardian:DonusPower","Guardian:Reroute"],"picked":"Guardian:EvasiveProtocol+1","floor":30},{"not_picked":["Guardian:Gem_Red","Guardian:ShieldSpikes"],"picked":"Guardian:CrystalBeam+1","floor":32},{"not_picked":["Guardian:SphericShield","Guardian:AncientConstruct+1"],"picked":"Guardian:Gem_Synthetic","floor":33},{"not_picked":["Guardian:PiercingHide","Guardian:MultiBeam"],"picked":"Guardian:Preprogram+1","floor":34},{"not_picked":["Guardian:Gem_Green","Guardian:Gem_Cyan"],"picked":"Guardian:VentSteam+1","floor":36},{"not_picked":["Guardian:Gem_Blue","Guardian:Repulse+1"],"picked":"Guardian:Planning","floor":40},{"not_picked":["Guardian:FloatingOrbs+1","Guardian:MultiBeam"],"picked":"Guardian:Gem_Yellow","floor":42},{"not_picked":["Guardian:RollAttack","Guardian:Recover"],"picked":"Guardian:Emergency+1","floor":45},{"not_picked":["Guardian:MultiBeam","Guardian:Gem_Purple"],"picked":"Guardian:FastForward","floor":47},{"not_picked":["Guardian:TimeCapacitor+1","Guardian:Planning+1"],"picked":"Guardian:Gem_Fragmented","floor":48},{"not_picked":["Guardian:WalkerClaw","Guardian:Harden+1"],"picked":"Guardian:Gem_Crimson","floor":49}],"player_experience":463663,"relics_obtained":[{"floor":7,"key":"Lantern"},{"floor":24,"key":"Frozen Egg 2"},{"floor":41,"key":"Letter Opener"},{"floor":44,"key":"Sundial"},{"floor":45,"key":"Bag of Preparation"}],"event_choices":[{"damage_healed":0,"gold_gain":0,"player_choice":"Donut","damage_taken":0,"max_hp_gain":5,"max_hp_loss":0,"event_name":"Big Fish","floor":5,"gold_loss":0},{"damage_healed":0,"gold_gain":0,"player_choice":"Ignored","damage_taken":0,"max_hp_gain":0,"max_hp_loss":0,"event_name":"NoteForYourself","floor":8,"gold_loss":0},{"damage_healed":0,"gold_gain":0,"player_choice":"Ignored","damage_taken":0,"max_hp_gain":0,"max_hp_loss":0,"event_name":"Ghosts","floor":28,"gold_loss":0},{"cards_removed":["Guardian:SpikerProtocol"],"damage_healed":0,"gold_gain":0,"player_choice":"Removed Power","damage_taken":0,"max_hp_gain":0,"max_hp_loss":0,"event_name":"Falling","floor":38,"gold_loss":0}],"is_beta":false,"boss_relics":[{"not_picked":["Astrolabe","Snecko Eye"],"picked":"Sozu"},{"not_picked":["SacredBark","Cursed Key"],"picked":"Tiny House"}],"items_purged_floors":[40,47],"is_endless":false,"potions_floor_spawned":[2,6,11,16,25,32,33,36,42,45,49],"killed_by":"IC_BLOCK_ARCHETYPE","ascension_level":0}}