{"host":"5x08nt64u3vxxcfi","time":1612173631,"event":{"mods":["BaseMod","Minty Spire (QoL Compilation)","StSLib","SuperFastMode"],"gold_per_floor":[115,115,190,190,190,231,231,260,313,380,420,449,449,473,473,582,591,617,542,542,395,414,414,414],"floor_reached":23,"language":"KOR","playtime":406,"items_purged":["Strike_R"],"score":300,"play_id":"e641eb80-4c8a-4cda-a3df-50bd64e4a08d","local_time":"20210201190031","is_ascension_mode":true,"campfire_choices":[{"data":"Twin Strike","floor":7,"key":"SMITH"},{"data":"Inflame","floor":13,"key":"SMITH"},{"data":"Heavy Blade","floor":15,"key":"SMITH"}],"circlet_count":0,"master_deck":["Strike_R","Strike_R","Strike_R","Defend_R","Defend_R","Defend_R","Defend_R","Bash+1","Armaments+1","Twin Strike+1","Thunderclap","Shrug It Off","Inflame+1","Heavy Blade+1","Limit Break","CurseOfTheBell","Dark Embrace+1","Uppercut","Infernal Blade+1"],"relics":["Burning Blood","NeowsBlessing","CeramicFish","Boot","White Beast Statue","Calling Bell","Art of War","Gremlin Horn","Gambling Chip"],"acts_visited":["Exordium","TheCity"],"potions_floor_usage":[23],"damage_taken":[{"damage":0,"enemies":"2 Louse","floor":1,"turns":1},{"damage":0,"enemies":"3 Sentries","floor":6,"turns":2},{"damage":0,"enemies":"Small Slimes","floor":8,"turns":1},{"damage":27,"enemies":"Lagavulin","floor":11,"turns":5},{"damage":2,"enemies":"Jaw Worm","floor":12,"turns":3},{"damage":7,"enemies":"3 Louse","floor":14,"turns":2},{"damage":42,"enemies":"Hexaghost","floor":16,"turns":9},{"damage":14,"enemies":"Chosen","floor":18,"turns":4},{"damage":38,"enemies":"Shell Parasite","floor":22,"turns":5},{"damage":30,"enemies":"Slavers","floor":23,"turns":2}],"seed_played":"3602398609487490305","potions_obtained":[{"floor":6,"key":"BlessingOfTheForge"},{"floor":12,"key":"Explosive Potion"},{"floor":14,"key":"SpeedPotion"}],"is_trial":false,"path_per_floor":["M","$","?","?","?","E","R","M","T","?","E","M","R","M","R","B",null,"M","?","?","$","M","E"],"character_chosen":"IRONCLAD","items_purchased":["Uppercut"],"campfire_rested":0,"item_purchase_floors":[21],"current_hp_per_floor":[78,78,67,72,55,61,61,67,67,67,46,50,50,49,49,13,67,59,59,59,59,27,0,0],"gold":414,"neow_bonus":"THREE_ENEMY_KILL","is_daily":false,"chose_seed":false,"campfire_upgraded":3,"win_rate":0.0,"timestamp":1612173631,"path_taken":["M","$","?","?","?","E","R","M","T","?","E","M","R","M","R","BOSS","M","?","?","$","M","E"],"items_purchased_type":["Card"],"build_version":"2020-12-22","purchased_purges":1,"victory":false,"max_hp_per_floor":[80,80,80,85,85,85,85,85,85,85,85,85,85,85,85,85,85,85,85,85,85,85,85,85],"card_choices":[{"not_picked":["Fire Breathing","Evolve"],"picked":"Armaments","floor":1},{"not_picked":["Shrug It Off","Anger"],"picked":"Twin Strike","floor":6},{"not_picked":["Sword Boomerang","Rage"],"picked":"Thunderclap","floor":8},{"not_picked":["Anger","Demon Form"],"picked":"Shrug It Off","floor":11},{"not_picked":["Metallicize","Body Slam"],"picked":"Inflame","floor":12},{"not_picked":["Thunderclap","Pommel Strike"],"picked":"Heavy Blade","floor":14},{"not_picked":["Reaper","Berserk"],"picked":"Limit Break","floor":16},{"not_picked":["True Grit+1","Wild Strike"],"picked":"Dark Embrace+1","floor":18},{"not_picked":["Pommel Strike","Warcry"],"picked":"Infernal Blade+1","floor":22}],"player_experience":128858,"relics_obtained":[{"floor":6,"key":"CeramicFish"},{"floor":9,"key":"Boot"},{"floor":11,"key":"White Beast Statue"},{"floor":17,"key":"Art of War"},{"floor":17,"key":"Gremlin Horn"},{"floor":17,"key":"Gambling Chip"}],"event_choices":[{"damage_healed":0,"gold_gain":75,"player_choice":"Gather Gold","damage_taken":11,"max_hp_gain":0,"max_hp_loss":0,"event_name":"World of Goop","floor":3,"gold_loss":0},{"damage_healed":0,"gold_gain":0,"player_choice":"Donut","damage_taken":0,"max_hp_gain":5,"max_hp_loss":0,"event_name":"Big Fish","floor":4,"gold_loss":0},{"damage_healed":0,"gold_gain":0,"player_choice":"Entered Light","damage_taken":17,"max_hp_gain":0,"max_hp_loss":0,"event_name":"Shining Light","floor":5,"gold_loss":0,"cards_upgraded":["Armaments","Bash"]},{"damage_healed":0,"gold_gain":67,"player_choice":"Gained Gold","damage_taken":0,"max_hp_gain":0,"max_hp_loss":0,"event_name":"Golden Wing","floor":10,"gold_loss":0},{"cards_removed":["Strike_R"],"damage_healed":0,"gold_gain":0,"player_choice":"Gave Gold","damage_taken":0,"max_hp_gain":0,"max_hp_loss":0,"event_name":"Beggar","floor":19,"gold_loss":75},{"damage_healed":0,"gold_gain":0,"player_choice":"Ignored","damage_taken":0,"max_hp_gain":0,"max_hp_loss":0,"event_name":"Vampires","floor":20,"gold_loss":0}],"is_beta":false,"boss_relics":[{"not_picked":["Runic Dome","Pandora\u0027s Box"],"picked":"Calling Bell"}],"items_purged_floors":[21],"is_endless":false,"potions_floor_spawned":[6,12,14,16,18,22],"killed_by":"Slavers","ascension_level":7}}