{"host":"d61fcf2p3sjwe6yo","time":1612213784,"event":{"mods":["AchievementEnabler","BaseMod","Colored Map","Downfall","Minty Spire (QoL Compilation)","StSLib","SuperFastMode"],"gold_per_floor":[99,117,117,132,132,32,32,50,50,78,78,78,378,410,424,499,499,499,511,511,511],"floor_reached":20,"language":"ENG","playtime":733,"items_purged":[],"score":289,"play_id":"d77f49db-3fd6-45c5-b659-1698ed148205","local_time":"20210202000944","is_ascension_mode":true,"campfire_choices":[{"floor":1,"key":"RECALL"}],"circlet_count":0,"master_deck":["AscendersBane","sneckomod:Strike","sneckomod:Defend","sneckomod:Defend","sneckomod:TailWhip","sneckomod:SnekBite","sneckomod:UnknownDraw","sneckomod:UnknownWeak","Shame","sneckomod:DiceCrush","After Image","sneckomod:QuickBite","Guardian:PrimingBeam","sneckomod:CheapStock","bronze:Format","downfall:Icky","downfall:Icky","sneckomod:SerpentIdol","sneckomod:Mudshield","Footwork","sneckomod:UnknownDraw"],"relics":["sneckomod:SneckoSoul","Smiling Mask","downfall:HeartBlessingRed","Slimebound:PreparedRelic","Odd Mushroom","Ginger","SlaversCollar"],"acts_visited":["Exordium","TheCity"],"potions_floor_usage":[14,16],"damage_taken":[{"damage":0,"enemies":"Jaw Worm","floor":2,"turns":3},{"damage":3,"enemies":"Small Slimes","floor":4,"turns":5},{"damage":3,"enemies":"Cultist","floor":8,"turns":5},{"damage":4,"enemies":"The Mushroom Lair","floor":10,"turns":3},{"damage":11,"enemies":"Lagavulin","floor":14,"turns":7},{"damage":10,"enemies":"2 Fungi Beasts","floor":15,"turns":4},{"damage":55,"enemies":"WA_ARCHETYPE_RETAIN","floor":16,"turns":8},{"damage":20,"enemies":"Spheric Guardian","floor":19,"turns":6},{"damage":5,"enemies":"Chosen","floor":20,"turns":4}],"seed_played":"6111626464944200198","potions_obtained":[{"floor":4,"key":"Energy Potion"},{"floor":10,"key":"CultistPotion"},{"floor":14,"key":"SteroidPotion"},{"floor":19,"key":"ColorlessPotion"}],"is_trial":false,"path_per_floor":["R","M","?","M","?","R","T","M","R","?","?","R","?","E","M","B",null,"R","M","M"],"character_chosen":"THE_SNECKO","items_purchased":[],"campfire_rested":0,"item_purchase_floors":[],"current_hp_per_floor":[83,83,83,80,80,80,80,77,77,73,78,78,78,67,57,2,73,73,53,48,48,48],"gold":511,"neow_bonus":"TEN_PERCENT_HP_BONUS","is_daily":false,"chose_seed":false,"campfire_upgraded":0,"win_rate":0.0,"timestamp":1612213784,"path_taken":["R","M","?","M","?","R","T","?","R","?","?","R","?","E","M","BOSS","R","M","M"],"items_purchased_type":[],"build_version":"2020-12-22","purchased_purges":0,"victory":false,"max_hp_per_floor":[91,91,91,91,91,91,91,91,91,91,96,96,96,96,96,96,96,96,96,96,96,96],"card_choices":[{"not_picked":["sneckomod:MixItUp","sneckomod:DiceCrush","sneckomod:DiceBlock"],"picked":"SKIP","floor":2},{"not_picked":["sneckomod:RainOfDice","sneckomod:SoulCleanse"],"picked":"sneckomod:UnknownDraw","floor":4},{"not_picked":["sneckomod:UnknownCommonAttack","sneckomod:Unknown2Cost"],"picked":"sneckomod:QuickBite","floor":8},{"not_picked":["sneckomod:SlitherStrike","sneckomod:DefensiveFlair"],"picked":"sneckomod:CheapStock","floor":10},{"not_picked":["sneckomod:Nope","sneckomod:QuickBite"],"picked":"sneckomod:UnknownUncommonPower","floor":14},{"not_picked":["sneckomod:RainOfDice","sneckomod:WideSting"],"picked":"sneckomod:SerpentIdol","floor":15},{"not_picked":["sneckomod:Cheat","sneckomod:UnlimitedRolls"],"picked":"sneckomod:Mudshield","floor":16},{"not_picked":["sneckomod:Nope+1","sneckomod:UnknownClassTHE_BRONZE_AUTOMATON"],"picked":"sneckomod:UnknownDraw","floor":19}],"player_experience":753587,"relics_obtained":[{"floor":7,"key":"Slimebound:PreparedRelic"},{"floor":10,"key":"Odd Mushroom"},{"floor":14,"key":"Ginger"}],"event_choices":[{"damage_healed":0,"gold_gain":0,"player_choice":"Fought Mushrooms","damage_taken":0,"max_hp_gain":0,"max_hp_loss":0,"event_name":"Mushrooms","floor":10,"gold_loss":0},{"damage_healed":0,"gold_gain":0,"player_choice":"Donut","damage_taken":0,"max_hp_gain":5,"max_hp_loss":0,"event_name":"Big Fish","floor":11,"gold_loss":0}],"is_beta":false,"boss_relics":[{"not_picked":["Black Star","Pandora\u0027s Box"],"picked":"SlaversCollar"}],"items_purged_floors":[],"is_endless":false,"potions_floor_spawned":[4,10,14,19],"killed_by":"Chosen","ascension_level":14}}