{"host":"yqw1zpryoutrnocq","time":1612217725,"event":{"mods":["2.2 Compatiblity","AchievementEnabler","BaseMod","Colored Map","Custom Start","DeckTracker","Minty Spire (QoL Compilation)","StSLib","SuperFastMode"],"gold_per_floor":[114,189,37,37,37,67,82,117,117,117,128,128,141,157,157,260,260,278,295,305,325,342,342,267,302,325,339,357,357,371,5,5,107,107,122,344,359,378,393,393,420,766,766,816,916,932,932,950,950,950,950,950,52,82,82,82],"floor_reached":55,"language":"KOR","playtime":1906,"items_purged":["Strike_B","Strike_B"],"score":1017,"play_id":"04b92b2c-8140-4715-a366-ac8755f3c069","local_time":"20210201161525","is_ascension_mode":true,"campfire_choices":[{"floor":10.0,"key":"REST"},{"data":"Double Energy","floor":15.0,"key":"SMITH"},{"floor":23.0,"key":"REST"},{"data":"Defragment","floor":29.0,"key":"SMITH"},{"floor":32.0,"key":"REST"},{"data":"Capacitor","floor":40.0,"key":"SMITH"},{"floor":47.0,"key":"RECALL"},{"floor":49.0,"key":"REST"},{"data":"Creative AI","floor":52.0,"key":"SMITH"}],"circlet_count":0,"master_deck":["Strike_B","Defend_B","Defend_B+1","Defend_B","Defend_B","Zap","Dualcast","Coolheaded","Glacier+1","Double Energy+1","Redo","Loop","Self Repair","Sunder+1","Stack","Cold Snap+1","Hologram","Doom and Gloom+1","Core Surge+1","Chill+1","Defragment+1","Sweeping Beam+1","Coolheaded","Capacitor+1","Turbo","Hologram","Blizzard+1","Beam Cell+1","Biased Cognition","Storm","BootSequence+1","White Noise","Conserve Battery","Conserve Battery","Rainbow","Cold Snap+1","Force Field","Cold Snap+1","Reboot","Coolheaded+1","Capacitor","BootSequence+1","Storm+1","Amplify","Hologram+1","Conserve Battery","Creative AI+1","Double Energy+1","Darkness+1","Parasite","Capacitor+1","Redo+1","Stack+1","Coolheaded","Panache","Trip","Doom and Gloom+1","Storm","Conserve Battery","Undo","Aggregate+1"],"relics":["Cracked Core","NeowsBlessing","Prayer Wheel","Ornamental Fan","Molten Egg 2","Symbiotic Virus","Runic Pyramid","Red Mask","Mummified Hand","Sozu","HornCleat","Old Coin","Singing Bowl","Mango","Strange Spoon","DataDisk","Letter Opener"],"acts_visited":["Exordium","TheCity","TheBeyond","TheEnding"],"potions_floor_usage":[],"damage_taken":[{"damage":0.0,"enemies":"Jaw Worm","floor":1.0,"turns":1.0},{"damage":0.0,"enemies":"3 Sentries","floor":6.0,"turns":2.0},{"damage":0.0,"enemies":"2 Louse","floor":7.0,"turns":1.0},{"damage":40.0,"enemies":"Gremlin Nob","floor":8.0,"turns":5.0},{"damage":0.0,"enemies":"Small Slimes","floor":11.0,"turns":5.0},{"damage":11.0,"enemies":"Exordium Wildlife","floor":13.0,"turns":3.0},{"damage":0.0,"enemies":"Large Slime","floor":14.0,"turns":7.0},{"damage":0.0,"enemies":"Slime Boss","floor":16.0,"turns":6.0},{"damage":19.0,"enemies":"Shell Parasite","floor":18.0,"turns":6.0},{"damage":35.0,"enemies":"3 Byrds","floor":19.0,"turns":7.0},{"damage":2.0,"enemies":"Snecko","floor":20.0,"turns":5.0},{"damage":26.0,"enemies":"3 Cultists","floor":21.0,"turns":4.0},{"damage":25.0,"enemies":"Snake Plant","floor":22.0,"turns":5.0},{"damage":18.0,"enemies":"Masked Bandits","floor":25.0,"turns":4.0},{"damage":8.0,"enemies":"Shelled Parasite and Fungi","floor":27.0,"turns":7.0},{"damage":7.0,"enemies":"Sentry and Sphere","floor":28.0,"turns":9.0},{"damage":8.0,"enemies":"Snake Plant","floor":30.0,"turns":3.0},{"damage":0.0,"enemies":"Champ","floor":33.0,"turns":11.0},{"damage":0.0,"enemies":"3 Shapes","floor":35.0,"turns":5.0},{"damage":1.0,"enemies":"Orb Walker","floor":37.0,"turns":5.0},{"damage":0.0,"enemies":"4 Shapes","floor":38.0,"turns":4.0},{"damage":0.0,"enemies":"Jaw Worm Horde","floor":39.0,"turns":4.0},{"damage":38.0,"enemies":"Reptomancer","floor":41.0,"turns":7.0},{"damage":25.0,"enemies":"2 Orb Walkers","floor":42.0,"turns":6.0},{"damage":0.0,"enemies":"Mind Bloom Boss Battle","floor":44.0,"turns":4.0},{"damage":1.0,"enemies":"Writhing Mass","floor":46.0,"turns":4.0},{"damage":8.0,"enemies":"Spire Growth","floor":48.0,"turns":5.0},{"damage":7.0,"enemies":"Donu and Deca","floor":50.0,"turns":8.0},{"damage":17.0,"enemies":"Shield and Spear","floor":54.0,"turns":5.0},{"damage":77,"enemies":"The Heart","floor":55,"turns":6}],"seed_played":"4292667343691858834","potions_obtained":[{"floor":1.0,"key":"SteroidPotion"},{"floor":6.0,"key":"Block Potion"},{"floor":13.0,"key":"Fruit Juice"},{"floor":14.0,"key":"DuplicationPotion"},{"floor":19.0,"key":"FocusPotion"},{"floor":20.0,"key":"Fire Potion"},{"floor":27.0,"key":"FearPotion"}],"is_trial":false,"path_per_floor":["M","?","$","?","?","E","M","E","T","R","M","?","M","M","R","B",null,"M","M","M","M","M","R","?","?","T","M","M","R","M","$","R","B",null,"M","?","M","M","M","R","E","?","T","?","?","M","R","M","R","B",null,"R","$","E","B"],"character_chosen":"DEFECT","items_purchased":["Glacier","Mummified Hand","Force Field","Cold Snap+1","Strange Spoon","Panache","Trip","Doom and Gloom+1","DataDisk","Storm","Conserve Battery","Undo"],"campfire_rested":4,"item_purchase_floors":[3,31,31,31,53,53,53,53,53,53,53,53],"current_hp_per_floor":[75,64,64,49,49,49,49,9,9,31,31,24,25,32,32,32,80,68,40,45,26,1,25,25,14,14,13,13,13,12,12,36,43,80,80,80,79,79,79,79,48,30,30,44,44,43,43,35,63,63,94,94,94,77,0,0],"gold":82,"neow_bonus":"THREE_ENEMY_KILL","is_daily":false,"chose_seed":false,"campfire_upgraded":4,"win_rate":0.0,"timestamp":1612217725,"path_taken":["M","?","$","?","?","E","M","E","T","R","M","?","?","M","R","BOSS","M","M","M","M","M","R","?","?","T","M","M","R","M","$","R","BOSS","M","?","M","M","M","R","E","?","T","?","?","M","R","M","R","BOSS","R","$","E","BOSS"],"items_purchased_type":["Card","Relic","Card","Card","Relic","Card","Card","Card","Relic","Card","Card","Card"],"build_version":"2020-12-22","purchased_purges":2,"victory":false,"max_hp_per_floor":[75,75,75,75,75,75,75,75,75,75,75,75,80,80,80,80,80,80,80,80,80,80,80,80,80,80,80,80,80,80,80,80,80,80,80,80,80,80,80,80,80,80,80,94,94,94,94,94,94,94,94,94,94,94,94,94],"card_choices":[{"not_picked":["Consume","BootSequence"],"picked":"Coolheaded","floor":1.0},{"not_picked":["Streamline","Rebound","Beam Cell"],"picked":"SKIP","floor":6.0},{"not_picked":["Reinforced Body","Sweeping Beam"],"picked":"Double Energy","floor":7.0},{"not_picked":["Conserve Battery","Streamline"],"picked":"Redo","floor":7.0},{"not_picked":["Barrage","Consume"],"picked":"Loop","floor":8.0},{"not_picked":["Hologram","Reinforced Body"],"picked":"Self Repair","floor":11.0},{"not_picked":["Melter+1","Force Field"],"picked":"Sunder+1","floor":11.0},{"not_picked":["Beam Cell+1","Sunder+1"],"picked":"Stack","floor":13.0},{"not_picked":["Skim","Compile Driver+1"],"picked":"Cold Snap+1","floor":13.0},{"not_picked":["Chaos","Redo"],"picked":"Hologram","floor":14.0},{"not_picked":["Darkness","Steam Power"],"picked":"Doom and Gloom+1","floor":14.0},{"not_picked":["Creative AI","Meteor Strike+1"],"picked":"Core Surge+1","floor":16.0},{"not_picked":["Self Repair+1","Reprogram"],"picked":"Chill+1","floor":18.0},{"not_picked":["Capacitor","Cold Snap+1"],"picked":"Defragment","floor":18.0},{"not_picked":["Hologram","Rebound+1"],"picked":"Sweeping Beam+1","floor":19.0},{"not_picked":["Recycle","Rebound+1"],"picked":"Coolheaded","floor":19.0},{"not_picked":["Coolheaded","Stack+1"],"picked":"Capacitor","floor":20.0},{"not_picked":["Rebound+1","Rainbow"],"picked":"Turbo","floor":20.0},{"not_picked":["Gash+1","Rip and Tear+1"],"picked":"Hologram","floor":21.0},{"not_picked":["FTL+1","Leap"],"picked":"Blizzard+1","floor":21.0},{"not_picked":["Sweeping Beam+1","Go for the Eyes+1"],"picked":"Beam Cell+1","floor":22.0},{"not_picked":["Turbo","Streamline+1"],"picked":"Biased Cognition","floor":22.0},{"not_picked":["Self Repair","Compile Driver+1"],"picked":"Storm","floor":25.0},{"not_picked":["Conserve Battery","Compile Driver+1"],"picked":"BootSequence+1","floor":27.0},{"not_picked":["Ball Lightning+1","Stack"],"picked":"White Noise","floor":27.0},{"not_picked":["Steam","Sweeping Beam+1"],"picked":"Conserve Battery","floor":28.0},{"not_picked":["Storm","Sweeping Beam+1"],"picked":"Conserve Battery","floor":28.0},{"not_picked":["Conserve Battery+1","Gash+1"],"picked":"Rainbow","floor":30.0},{"not_picked":["Conserve Battery","Barrage+1"],"picked":"Cold Snap+1","floor":30.0},{"not_picked":["Buffer","Rainbow"],"picked":"Reboot","floor":33.0},{"not_picked":["Rip and Tear+1","Self Repair"],"picked":"Coolheaded+1","floor":35.0},{"not_picked":["Coolheaded+1","Tempest+1"],"picked":"Capacitor","floor":35.0},{"not_picked":["Compile Driver+1","Genetic Algorithm+1"],"picked":"BootSequence+1","floor":37.0},{"not_picked":["Barrage+1","Steam Power+1"],"picked":"Storm+1","floor":37.0},{"not_picked":["Rebound+1","Heatsinks"],"picked":"Amplify","floor":38.0},{"not_picked":["Compile Driver+1","Conserve Battery+1"],"picked":"Hologram+1","floor":38.0},{"not_picked":["Compile Driver+1","Rip and Tear+1"],"picked":"Conserve Battery","floor":39.0},{"not_picked":["Scrape+1","Barrage+1","BootSequence"],"picked":"SKIP","floor":39.0},{"not_picked":["Defragment","Coolheaded"],"picked":"Creative AI","floor":41.0},{"not_picked":["Steam+1","Ball Lightning+1"],"picked":"Double Energy+1","floor":42.0},{"not_picked":["Rebound+1","Ball Lightning+1"],"picked":"Darkness+1","floor":44.0},{"not_picked":["Redo","Barrage+1"],"picked":"Capacitor+1","floor":46.0},{"not_picked":["Gash+1","Barrage+1"],"picked":"Redo+1","floor":46.0},{"not_picked":["Biased Cognition","Recycle"],"picked":"Stack+1","floor":48.0},{"not_picked":["Sweeping Beam+1","Steam+1"],"picked":"Coolheaded","floor":48.0},{"not_picked":["Genetic Algorithm+1","Sunder+1"],"picked":"Aggregate+1","floor":54.0}],"player_experience":257485,"relics_obtained":[{"floor":6.0,"key":"Prayer Wheel"},{"floor":8.0,"key":"Ornamental Fan"},{"floor":9.0,"key":"Molten Egg 2"},{"floor":25.0,"key":"Red Mask"},{"floor":41.0,"key":"HornCleat"},{"floor":42.0,"key":"Old Coin"},{"floor":43.0,"key":"Singing Bowl"},{"floor":44.0,"key":"Mango"},{"floor":54.0,"key":"Letter Opener"}],"event_choices":[{"damage_healed":0.0,"max_hp_gain":0.0,"max_hp_loss":0.0,"gold_gain":75.0,"event_name":"World of Goop","player_choice":"Gather Gold","floor":2.0,"gold_loss":0.0,"damage_taken":11.0},{"damage_healed":0.0,"max_hp_gain":0.0,"max_hp_loss":0.0,"gold_gain":0.0,"event_name":"Shining Light","player_choice":"Entered Light","floor":4.0,"gold_loss":0.0,"damage_taken":15.0,"cards_upgraded":["Defend_B","Glacier"]},{"damage_healed":0.0,"max_hp_gain":0.0,"max_hp_loss":0.0,"gold_gain":0.0,"event_name":"The Cleric","player_choice":"Leave","floor":5.0,"gold_loss":0.0,"damage_taken":0.0},{"damage_healed":0.0,"max_hp_gain":0.0,"max_hp_loss":0.0,"gold_gain":0.0,"event_name":"Scrap Ooze","player_choice":"Success","floor":12.0,"gold_loss":0.0,"damage_taken":7.0,"relics_obtained":["Symbiotic Virus"]},{"cards_removed":["Strike_B"],"damage_healed":0.0,"max_hp_gain":0.0,"max_hp_loss":0.0,"gold_gain":0.0,"event_name":"Beggar","player_choice":"Gave Gold","floor":24.0,"gold_loss":75.0,"damage_taken":0.0},{"damage_healed":0.0,"max_hp_gain":0.0,"max_hp_loss":0.0,"gold_gain":0.0,"event_name":"Masked Bandits","player_choice":"Fought Bandits","floor":25.0,"gold_loss":0.0,"damage_taken":0.0},{"damage_healed":0.0,"max_hp_gain":0.0,"max_hp_loss":0.0,"gold_gain":222.0,"event_name":"Tomb of Lord Red Mask","player_choice":"Wore Mask","floor":36.0,"gold_loss":0.0,"damage_taken":0.0},{"damage_healed":0.0,"max_hp_gain":0.0,"max_hp_loss":0.0,"gold_gain":0.0,"event_name":"Mysterious Sphere","player_choice":"Fight","floor":42.0,"gold_loss":0.0,"damage_taken":0.0},{"damage_healed":0.0,"max_hp_gain":0.0,"max_hp_loss":0.0,"gold_gain":0.0,"event_name":"MindBloom","player_choice":"Fight","floor":44.0,"gold_loss":0.0,"damage_taken":0.0},{"damage_healed":0.0,"max_hp_gain":0.0,"max_hp_loss":0.0,"gold_gain":100.0,"event_name":"Golden Shrine","player_choice":"Pray","floor":45.0,"gold_loss":0.0,"damage_taken":0.0}],"is_beta":false,"boss_relics":[{"not_picked":["Velvet Choker","Tiny House"],"picked":"Runic Pyramid"},{"not_picked":["Calling Bell","Philosopher\u0027s Stone"],"picked":"Sozu"}],"items_purged_floors":[3,53],"is_endless":false,"potions_floor_spawned":[1,6,13,14,19,20,27,35,37,41,54],"killed_by":"The Heart","ascension_level":2}}