{"host":"ooetke516h53yqww","time":1612199999,"event":{"mods":["100% Spire Juice","2.2 Compatiblity","Abigail Mod","Act Like it!","Astrologer","Bartender","BaseMod","Beaked The Cultist","Better Match","Better Third Choice","Conspire","Elementarium","Friendly Minions","Hallownest","Hermit","HololiveMod","Hubris","Infinite Spire","Kiyohime????","Lobotomy","LobotomyExtend","Mari Mod (Legacy)","Mari\u0027s V1 Patch","Menagerie","Minty Spire (QoL Compilation)","Morshu Shopkeeper","Prisma Mod","Random Character Button","Reliquary","Replay The Spire","Robot Space Explorer","Spicy Shops","StSLib","Td1madao Mod","The Alterego","The Bug Knight","The Marked","The Poker Player","The Senshi","TheSwordswoman","Uncapped","WarShipGirlsR/????R mod","Yakumo Yukari mod","Yohane!"],"gold_per_floor":[115,290,57,57,57,92,92,123,123,143,177,198,219,26,26,145,145,166,166,166],"floor_reached":19,"language":"ENG","playtime":787,"items_purged":["Doubt"],"score":263,"play_id":"a60074d4-1d17-4ccc-b6db-51058bbaf075","local_time":"20210201121959","is_ascension_mode":true,"campfire_choices":[{"data":"ReachHeaven","floor":7.0,"key":"SMITH"},{"data":"Madness","floor":15.0,"key":"SMITH"}],"circlet_count":0,"master_deck":["Strike_P","Strike_P","Strike_P","Strike_P","Defend_P","Defend_P","Defend_P","Defend_P","Eruption","Vigilance","Madness+1","BowlingBash","Wallop+1","ReachHeaven+1","Indignation","Meditate","DeusExMachina","Consecrate","Tantrum","MasterReality","BowlingBash+1"],"relics":["PureWater","Medical Kit","Golden Idol","TungstenRod","Bottled Lightning","Bottled Flame","Darkstone Periapt","Membership Card","Sozu"],"acts_visited":[],"potions_floor_usage":[],"damage_taken":[{"damage":2.0,"enemies":"Jaw Worm","floor":1.0,"turns":4.0},{"damage":8.0,"enemies":"Gremlin Nob","floor":6.0,"turns":4.0},{"damage":0.0,"enemies":"Lagavulin","floor":8.0,"turns":3.0},{"damage":1.0,"enemies":"2 Louse","floor":10.0,"turns":2.0},{"damage":4.0,"enemies":"3 Sentries","floor":11.0,"turns":5.0},{"damage":0.0,"enemies":"Cultist","floor":12.0,"turns":2.0},{"damage":0.0,"enemies":"2 Fungi Beasts","floor":13.0,"turns":2.0},{"damage":19.0,"enemies":"The Guardian","floor":16.0,"turns":10.0},{"damage":5.0,"enemies":"Spheric Guardian","floor":18.0,"turns":3.0}],"seed_played":"-5684712756149993686","potions_obtained":[{"floor":1.0,"key":"FearPotion"},{"floor":8.0,"key":"SkillPotion"},{"floor":11.0,"key":"FearPotion"},{"floor":12.0,"key":"Strength Potion"}],"is_trial":false,"path_per_floor":["M","?","$","?","?","E","R","E","T","M","E","M","M","$","R","B",null,"M","?"],"character_chosen":"WATCHER","items_purchased":["Medical Kit","Wallop","Membership Card"],"campfire_rested":0,"item_purchase_floors":[3,3,14],"current_hp_per_floor":[70,70,70,52,52,44,44,44,44,43,39,39,39,39,39,20,59,54,54,54],"gold":166,"neow_bonus":"RANDOM_COLORLESS","is_daily":false,"chose_seed":false,"campfire_upgraded":2,"win_rate":0.0,"timestamp":1612199999,"path_taken":["M","?","$","?","?","E","R","E","T","?","E","M","M","?","R","BOSS","M","?"],"items_purchased_type":["Relic","Card","Relic"],"build_version":"2020-12-22","purchased_purges":1,"victory":false,"max_hp_per_floor":[72,72,72,72,72,72,72,72,72,72,72,72,72,72,72,72,72,72,72,72],"card_choices":[{"not_picked":["Purity","PanicButton"],"picked":"Madness","floor":0.0},{"not_picked":["Protect","JustLucky"],"picked":"BowlingBash","floor":1.0},{"not_picked":["Pray","EmptyBody"],"picked":"ReachHeaven","floor":6.0},{"not_picked":["SignatureMove","Protect"],"picked":"Indignation","floor":8.0},{"not_picked":["Vengeance","Halt"],"picked":"Meditate","floor":10.0},{"not_picked":["Wish","BattleHymn"],"picked":"DeusExMachina","floor":11.0},{"not_picked":["Halt","JustLucky"],"picked":"Consecrate","floor":12.0},{"not_picked":["Weave","JustLucky"],"picked":"Tantrum","floor":13.0},{"not_picked":["DevaForm","Ragnarok"],"picked":"MasterReality","floor":16.0},{"not_picked":["EmptyBody","PathToVictory"],"picked":"BowlingBash+1","floor":18.0}],"player_experience":1533191,"relics_obtained":[{"floor":6.0,"key":"TungstenRod"},{"floor":8.0,"key":"Bottled Lightning"},{"floor":9.0,"key":"Bottled Flame"},{"floor":11.0,"key":"Darkstone Periapt"}],"event_choices":[{"damage_healed":0.0,"max_hp_gain":0.0,"max_hp_loss":0.0,"gold_gain":175.0,"event_name":"Liars Game","player_choice":"AGREE","floor":2.0,"gold_loss":0.0,"damage_taken":0.0,"cards_obtained":["Doubt"]},{"damage_healed":0.0,"max_hp_gain":0.0,"max_hp_loss":0.0,"gold_gain":0.0,"event_name":"Golden Idol","player_choice":"Take Damage","floor":4.0,"gold_loss":0.0,"damage_taken":18.0,"relics_obtained":["Golden Idol"]},{"damage_healed":0.0,"max_hp_gain":0.0,"max_hp_loss":0.0,"gold_gain":0.0,"event_name":"Living Wall","player_choice":"Grow","floor":5.0,"gold_loss":0.0,"damage_taken":0.0,"cards_upgraded":["Wallop"]}],"is_beta":false,"boss_relics":[{"not_picked":["HolyWater","Coffee Dripper"],"picked":"Sozu"}],"items_purged_floors":[14],"is_endless":false,"potions_floor_spawned":[1,8,11,12,18],"ascension_level":5}}