{"host":"q6ff4ns2kep02ti6","time":1612215323,"event":{"mods":["AchievementEnabler","BaseMod","Minty Spire (QoL Compilation)","Relic Stats","StSLib","Unceasing Turn Reminder"],"gold_per_floor":[110,129,144,158,233,266,266,266,266],"floor_reached":8,"language":"ENG","playtime":703,"items_purged":[],"score":78,"play_id":"7a131efe-eb66-4370-be6a-3d907cce7b62","local_time":"20210201223523","is_ascension_mode":true,"campfire_choices":[{"data":"Vigilance","floor":7,"key":"SMITH"}],"circlet_count":0,"master_deck":["Strike_P","Strike_P","Strike_P","Strike_P","Defend_P","Defend_P","Defend_P","Defend_P","Eruption","Vigilance+1","ThirdEye","CutThroughFate","FlurryOfBlows","CutThroughFate","Devotion"],"relics":["Sozu","Bottled Flame"],"acts_visited":["Exordium"],"potions_floor_usage":[],"damage_taken":[{"damage":0,"enemies":"2 Louse","floor":1,"turns":3},{"damage":0,"enemies":"Jaw Worm","floor":2,"turns":2},{"damage":4,"enemies":"Small Slimes","floor":3,"turns":3},{"damage":5,"enemies":"3 Louse","floor":4,"turns":3},{"damage":20,"enemies":"Gremlin Nob","floor":6,"turns":4},{"damage":33,"enemies":"3 Sentries","floor":8,"turns":7}],"seed_played":"-4067052366790730163","potions_obtained":[],"is_trial":false,"path_per_floor":["M","M","M","M","?","E","R","E"],"character_chosen":"WATCHER","items_purchased":[],"campfire_rested":0,"item_purchase_floors":[],"current_hp_per_floor":[65,65,61,56,45,25,25,0,0],"gold":266,"neow_bonus":"BOSS_RELIC","is_daily":false,"chose_seed":false,"campfire_upgraded":1,"win_rate":0.0,"timestamp":1612215323,"path_taken":["M","M","M","M","?","E","R","E"],"items_purchased_type":[],"build_version":"2020-12-22","purchased_purges":0,"victory":false,"max_hp_per_floor":[72,72,72,72,72,72,72,72,72],"relic_stats":{"Sozu":1,"counters":[6,22],"obtain_stats":[{"Sozu":0,"Bottled Flame":6,"PureWater":0},{"Sozu":0,"Bottled Flame":5,"PureWater":0},{"Sozu":0,"Bottled Flame":15,"PureWater":0}]},"card_choices":[{"not_picked":["FollowUp","Halt"],"picked":"ThirdEye","floor":1},{"not_picked":["Consecrate","CarveReality"],"picked":"CutThroughFate","floor":2},{"not_picked":["Meditate","Consecrate"],"picked":"FlurryOfBlows","floor":3},{"not_picked":["FlyingSleeves","BowlingBash"],"picked":"CutThroughFate","floor":4},{"not_picked":["WaveOfTheHand","EmptyFist"],"picked":"Devotion","floor":6}],"player_experience":1038780,"relics_obtained":[{"floor":6,"key":"Bottled Flame"}],"event_choices":[{"damage_healed":0,"gold_gain":75,"player_choice":"Gather Gold","damage_taken":11,"max_hp_gain":0,"max_hp_loss":0,"event_name":"World of Goop","floor":5,"gold_loss":0}],"is_beta":false,"boss_relics":[],"items_purged_floors":[],"is_endless":false,"potions_floor_spawned":[2],"killed_by":"3 Sentries","ascension_level":7}}