{"host":"72j3if4hls1tefkc","time":1612212939,"event":{"mods":["AchievementEnabler","Always Whale","Aspiration","BaseMod","Colored Map","Conspire","FetchMod","Halation","Hubris","Infinite Spire","Minty Spire (QoL Compilation)","Reliquary","Replay The Spire","Shop Mod","StSLib","The Construct","The Jungle"],"gold_per_floor":[115,115,62,62,62,97,109,123,168,168,93,104,123,123,123,219,219,229,241,241,241,241,270,286,314,394,410,430,410,410,425,425,530,530,544,555,573,590,603,603,620,620,620],"floor_reached":42,"language":"ENG","playtime":1609,"items_purged":["Strike_R"],"score":558,"play_id":"91f018e1-38a3-4ea6-8d81-427656a0443b","local_time":"20210201135539","is_ascension_mode":true,"campfire_choices":[{"data":"Berserk","floor":10,"key":"SMITH"},{"data":"Heavy Blade","floor":15,"key":"SMITH"},{"floor":30,"key":"REST"},{"data":"Whirlwind","floor":32,"key":"SMITH"},{"floor":40,"key":"REST"}],"circlet_count":0,"master_deck":["Strike_R","Strike_R","Strike_R","Defend_R","Defend_R","Defend_R","Bash+1","Whirlwind+1","Flex+1","Berserk+1","Heavy Blade+1","Anger+1","Thunderclap","ReplayTheSpireMod:Muscle Training","Reaper","Whirlwind+1","Heavy Blade","Brutality","conspire:NecroticWound","Writhe","Injury","Flex+1","Run Through+1","conspire:HitWhereItHurts","Rampage+1"],"relics":["Burning Blood","ReplayTheSpireMod:Spearhead","King of Hearts","infinitespire:EmpoweringShard","Snecko Heart","hubris:RunicObelisk","hubris:FunFungus","theJungle:WildMango","infinitespire:Satchel","PreservedInsect","conspire:Flyswatter","Replay:Ancient Bell","Vajra","hubris:MysteriousPyramids","conspire:GlowingRock"],"acts_visited":["Exordium","theJungle:Jungle","TheBeyond"],"potions_floor_usage":[6,13,19,25,25,27,33,38,41,42],"damage_taken":[{"damage":0,"enemies":"2 Louse","floor":1,"turns":3},{"damage":18,"enemies":"Gremlin Nob","floor":6,"turns":4},{"damage":0,"enemies":"Small Slimes","floor":7,"turns":3},{"damage":10,"enemies":"Jaw Worm","floor":8,"turns":2},{"damage":8,"enemies":"Looter","floor":12,"turns":2},{"damage":2,"enemies":"Gremlin Gang","floor":13,"turns":3},{"damage":31,"enemies":"The Guardian","floor":16,"turns":7},{"damage":23,"enemies":"theJungle:MUSHROOMGANG","floor":18,"turns":4},{"damage":21,"enemies":"Shell Parasite","floor":19,"turns":4},{"damage":30,"enemies":"theJungle:Cassacara","floor":23,"turns":3},{"damage":1,"enemies":"theJungle:Lyon","floor":24,"turns":2},{"damage":47,"enemies":"theJungle:2_Phrogs","floor":25,"turns":3},{"damage":1,"enemies":"theJungle:JungleHuntersEncounter","floor":27,"turns":3},{"damage":60,"enemies":"theJungle:2_Flameangoes","floor":28,"turns":3},{"damage":0,"enemies":"Snake Plant","floor":31,"turns":1},{"damage":12,"enemies":"theJungle:QueenSpyder","floor":33,"turns":4},{"damage":35,"enemies":"Orb Walker","floor":35,"turns":3},{"damage":6,"enemies":"3 Darklings","floor":36,"turns":2},{"damage":52,"enemies":"Maw","floor":37,"turns":5},{"damage":46,"enemies":"Transient","floor":38,"turns":5},{"damage":0,"enemies":"3 Darklings","floor":39,"turns":1},{"damage":24,"enemies":"Spire Growth","floor":41,"turns":3},{"damage":102,"enemies":"Nemesis","floor":42,"turns":4}],"seed_played":"-8827082785380337867","potions_obtained":[{"floor":1,"key":"Weak Potion"},{"floor":7,"key":"SneckoOil"},{"floor":8,"key":"DistilledChaos"},{"floor":12,"key":"Explosive Potion"},{"floor":19,"key":"FearPotion"},{"floor":23,"key":"SkillPotion"},{"floor":24,"key":"BlessingOfTheForge"},{"floor":25,"key":"FearPotion"},{"floor":29,"key":"Milkshake"},{"floor":31,"key":"infinitespire:BlackPotion"},{"floor":36,"key":"Languid Potion"},{"floor":38,"key":"SkillPotion"}],"is_trial":false,"path_per_floor":["M","?","$","?","?","E","M","M","T","R","$","M","M","T","R","B",null,"M","M","AVR","?","?","E","M","E","T","M","M","?","R","M","R","B",null,"M","M","M","M","M","R","M","E"],"character_chosen":"IRONCLAD","items_purchased":["Flex"],"campfire_rested":2,"item_purchase_floors":[3],"current_hp_per_floor":[80,80,80,80,64,52,58,54,54,54,54,52,56,56,56,31,80,63,48,48,62,104,81,86,64,64,80,43,43,74,80,80,93,104,85,85,51,35,41,72,56,0,0],"gold":620,"neow_bonus":"UPGRADE_CARD","is_daily":false,"chose_seed":false,"campfire_upgraded":3,"win_rate":0.0,"timestamp":1612212939,"path_taken":["M","?","$","?","?","E","M","M","T","R","$","M","M","?","R","BOSS","M","M","AVR","?","?","E","M","E","T","?","M","?","R","M","R","BOSS","M","M","M","M","M","R","M","E"],"items_purchased_type":["Card"],"build_version":"2020-12-22","purchased_purges":1,"victory":false,"max_hp_per_floor":[80,80,80,80,80,80,80,80,80,80,80,80,80,80,80,80,80,80,80,80,94,104,104,104,104,104,104,104,104,104,104,104,104,104,104,104,104,104,104,104,104,104,104],"card_choices":[{"not_picked":["Clash","Armaments"],"picked":"Whirlwind","floor":1},{"not_picked":["Flex","Bludgeon"],"picked":"Berserk","floor":6},{"not_picked":["Sentinel","Body Slam","Fire Breathing"],"picked":"SKIP","floor":7},{"not_picked":["Hemokinesis","Pommel Strike","Reckless Charge"],"picked":"SKIP","floor":8},{"not_picked":["Dropkick","Sentinel"],"picked":"Heavy Blade","floor":12},{"not_picked":["Second Wind","Sword Boomerang","Cleave"],"picked":"SKIP","floor":13},{"not_picked":["Exhume","Hemogenesis"],"picked":"conspire:Purge","floor":16},{"not_picked":["Abandon","ReplayTheSpireMod:Strike From Hell"],"picked":"Anger+1","floor":18},{"not_picked":["Cleave","Defy Death+1"],"picked":"Thunderclap","floor":19},{"not_picked":["Body Slam","Anger"],"picked":"ReplayTheSpireMod:Muscle Training","floor":23},{"not_picked":["Perfected Strike+1","Flex"],"picked":"Reaper","floor":24},{"not_picked":["Perfected Strike","Armaments"],"picked":"Whirlwind+1","floor":25},{"not_picked":["Headbutt+1","ReplayTheSpireMod:Muscle Training","Armaments"],"picked":"SKIP","floor":27},{"not_picked":["Flex","Anger"],"picked":"Heavy Blade","floor":28},{"not_picked":["Whirlwind","Warcry","Cleave"],"picked":"SKIP","floor":31},{"not_picked":["Double Tap","Juggernaut"],"picked":"Brutality","floor":33},{"not_picked":["hubris:Lust","hubris:Sloth"],"picked":"conspire:NecroticWound","floor":34},{"not_picked":["hubris:Lust","ReplayTheSpireMod:Doomed"],"picked":"Writhe","floor":34},{"not_picked":["CurseOfTheBell","ReplayTheSpireMod:Restless Dread"],"picked":"Injury","floor":34},{"not_picked":["Dropkick+1","Seeing Red"],"picked":"Flex+1","floor":35},{"not_picked":["Pummel","Body Slam+1"],"picked":"Run Through+1","floor":36},{"not_picked":["Armaments","conspire:ExplosiveBarrier","Sever Soul+1"],"picked":"SKIP","floor":37},{"not_picked":["Pommel Strike+1","Run Through"],"picked":"conspire:HitWhereItHurts","floor":38},{"not_picked":["Searing Blow","Twin Strike+1","Disarm"],"picked":"SKIP","floor":39},{"not_picked":["Shrug It Off+1","hubris:CleavingFinish"],"picked":"Rampage+1","floor":41}],"player_experience":323717,"relics_obtained":[{"floor":6,"key":"ReplayTheSpireMod:Spearhead"},{"floor":9,"key":"King of Hearts"},{"floor":14,"key":"infinitespire:EmpoweringShard"},{"floor":23,"key":"infinitespire:Satchel"},{"floor":25,"key":"PreservedInsect"},{"floor":26,"key":"conspire:Flyswatter"}],"event_choices":[{"damage_healed":0,"gold_gain":0,"player_choice":"Entered Light","damage_taken":16,"max_hp_gain":0,"max_hp_loss":0,"event_name":"Shining Light","floor":5,"gold_loss":0,"cards_upgraded":["Flex","Defend_R"]},{"cards_removed":["conspire:Purge"],"damage_healed":32,"gold_gain":0,"player_choice":"Offered Rare","damage_taken":0,"max_hp_gain":10,"max_hp_loss":0,"event_name":"Bonfire Elementals","floor":22,"gold_loss":0},{"damage_healed":0,"gold_gain":0,"player_choice":"Bought 1 Potion","damage_taken":0,"max_hp_gain":0,"max_hp_loss":0,"event_name":"The Woman in Blue","floor":29,"gold_loss":0}],"is_beta":false,"boss_relics":[{"not_picked":["aspiration:WatcherSkillbook","halation:LoveArrow"],"picked":"Snecko Heart"},{"not_picked":["conspire:SlowCooker","Runic Dome"],"picked":"Replay:Ancient Bell"},{"not_picked":["reliquary:Boomerang","Bag of Preparation"],"picked":"Vajra"},{"not_picked":["hubris:MobiusCoin","Question Card"],"picked":"hubris:MysteriousPyramids"},{"not_picked":["halation:VictoryRuler","hubris:CuriousFeather"],"picked":"conspire:GlowingRock"}],"items_purged_floors":[11],"is_endless":false,"potions_floor_spawned":[1,7,8,12,19,23,24,25,31,36,38],"killed_by":"Nemesis","ascension_level":4}}