{"host":"nnxvcju6x1qybncj","time":1612194841,"event":{"mods":["BaseMod","Block Reminder","Curses Come First","Custom Start","Dark Map","Displayed Cursed Tome","Downfall","Evolution","Jorbs\u0027s Wanderer Trilogy","Minty Spire (QoL Compilation)","Quick Restart","Relic Stats","StSLib"],"gold_per_floor":[109,127,77,94,94,94,114,143,196,216,227,227,4,4,4],"floor_reached":14,"language":"ENG","playtime":561,"items_purged":[],"score":156,"play_id":"6ae423fd-8d76-4cfe-b0d8-d795f6465380","local_time":"20210201165401","is_ascension_mode":true,"campfire_choices":[{"data":"Sucker Punch","floor":6,"key":"SMITH"},{"floor":12,"key":"REST"}],"circlet_count":0,"master_deck":["AscendersBane","Quick Slash","Dagger Throw","Strike_G","Defend_G","Defend_G","Defend_G","Defend_G","Defend_G","Survivor","Neutralize","Sucker Punch+1","Predator","Quick Slash","After Image","PiercingWail","Burst"],"relics":["EVO:Axolotl","Snecko Eye","Singing Bowl","CeramicFish","Boot"],"acts_visited":["Exordium"],"potions_floor_usage":[8,8,11],"damage_taken":[{"damage":2,"enemies":"Cultist","floor":1,"turns":5},{"damage":1,"enemies":"2 Louse","floor":2,"turns":2},{"damage":0,"enemies":"Small Slimes","floor":4,"turns":2},{"damage":5,"enemies":"Gremlin Gang","floor":7,"turns":5},{"damage":42,"enemies":"Lagavulin","floor":8,"turns":8},{"damage":0,"enemies":"Blue Slaver","floor":10,"turns":3},{"damage":7,"enemies":"2 Fungi Beasts","floor":11,"turns":4},{"damage":44,"enemies":"Gremlin Nob","floor":14,"turns":5}],"seed_played":"7725592601081355677","potions_obtained":[{"floor":2,"key":"LiquidMemories"},{"floor":7,"key":"SteroidPotion"},{"floor":10,"key":"AttackPotion"}],"is_trial":false,"path_per_floor":["M","M","?","M","?","R","M","E","T","M","M","R","$","E"],"character_chosen":"THE_SILENT","items_purchased":["Burst","Boot"],"campfire_rested":1,"item_purchase_floors":[13,13],"current_hp_per_floor":[57,56,56,56,56,56,51,9,9,9,4,24,24,0,0],"gold":4,"neow_bonus":"BOSS_RELIC","is_daily":false,"chose_seed":false,"campfire_upgraded":1,"win_rate":0.0,"timestamp":1612194841,"path_taken":["M","?","?","M","?","R","M","E","T","M","?","R","$","E"],"items_purchased_type":["Card","Relic"],"build_version":"2020-12-22","purchased_purges":0,"victory":false,"max_hp_per_floor":[66,66,66,66,66,66,66,66,66,66,68,68,68,68,68],"relic_stats":{"Singing Bowl":2,"counters":[8,34],"CeramicFish":18,"Snecko Eye":[62,60,71,74],"Boot":[4],"obtain_stats":[{"Singing Bowl":8,"CeramicFish":9,"Snecko Eye":0,"EVO:Axolotl":0,"Boot":13,"Ring of the Snake":0},{"Singing Bowl":5,"CeramicFish":5,"Snecko Eye":0,"EVO:Axolotl":0,"Boot":7,"Ring of the Snake":0},{"Singing Bowl":22,"CeramicFish":22,"Snecko Eye":0,"EVO:Axolotl":0,"Boot":29,"Ring of the Snake":0}]},"card_choices":[{"not_picked":["Dagger Throw","Cloak And Dagger"],"picked":"Sucker Punch","floor":1},{"not_picked":["Terror","Acrobatics"],"picked":"Predator","floor":2},{"not_picked":["Slice","Bane"],"picked":"Quick Slash","floor":4},{"not_picked":["Backflip","Slice","Blade Dance"],"picked":"SKIP","floor":7},{"not_picked":["Deadly Poison","Dodge and Roll"],"picked":"After Image","floor":8},{"not_picked":["Outmaneuver","Prepared"],"picked":"PiercingWail","floor":10},{"not_picked":["Outmaneuver","Backflip","Poisoned Stab"],"picked":"Singing Bowl","floor":11}],"player_experience":716463,"relics_obtained":[{"floor":8,"key":"Singing Bowl"},{"floor":9,"key":"CeramicFish"}],"event_choices":[{"cards_removed":["Strike_G"],"damage_healed":0,"gold_gain":0,"player_choice":"Card Removal","damage_taken":0,"max_hp_gain":0,"max_hp_loss":0,"event_name":"The Cleric","floor":3,"gold_loss":50},{"cards_removed":["Strike_G"],"damage_healed":0,"gold_gain":0,"player_choice":"Purged","damage_taken":0,"max_hp_gain":0,"max_hp_loss":0,"event_name":"Purifier","floor":5,"gold_loss":0}],"is_beta":false,"boss_relics":[],"items_purged_floors":[],"is_endless":false,"potions_floor_spawned":[2,7,10],"killed_by":"Gremlin Nob","ascension_level":14}}