{"host":"2zjdcgw4be5n15ja","time":1612155246,"event":{"mods":["2.2 Compatiblity","AchievementEnabler","BaseMod","Bestiary","Better Skull","Better Third Choice","BetterRewards","Colored Powertips","Downfall","Hermit","Marisa????????","Marked Mod","Minty Spire (QoL Compilation)","Quick Restart","Rare Cards Sparkle","Reimu??????","Relic Stats","Reliquary","Replay The Spire","StSLib","The Bug Knight","The Problem Sleuth","The Runesmith"],"gold_per_floor":[112,32,32,49,49,49,49,11,11,22,22,39,39,71,151,151,151],"floor_reached":16,"language":"ENG","playtime":1618,"items_purged":[],"score":103,"play_id":"0f735b2e-352c-461e-897b-55907082b1d4","local_time":"20210201175406","is_ascension_mode":true,"campfire_choices":[{"floor":6,"key":"RECALL"},{"data":"Life Link","floor":13,"key":"SMITH"}],"circlet_count":0,"master_deck":["Strike_R","Strike_R+1","Strike_R","Strike_R","Strike_R","Defend_R","Defend_R","Defend_R","Defend_R","Bash","Dropkick+1","Regret","Cleave","Burn","Voices","Life Link+1","Flame Barrier","Uppercut","Blood for Blood","ReplayTheSpireMod:Splinters","Inflame"],"relics":["Burning Blood","Meat on the Bone","Ring of Fury","Ring of Hypnosis","Mercury Hourglass","Whetstone","Tiny Chest"],"acts_visited":["Exordium"],"potions_floor_usage":[16,16,16],"damage_taken":[{"damage":12,"enemies":"Small Slimes","floor":1,"turns":4},{"damage":11,"enemies":"Jaw Worm","floor":4,"turns":4},{"damage":2,"enemies":"Cultist","floor":10,"turns":2},{"damage":18,"enemies":"2 Fungi Beasts","floor":12,"turns":3},{"damage":48,"enemies":"Lagavulin","floor":14,"turns":6},{"damage":69,"enemies":"Fading Forest","floor":16,"turns":11}],"seed_played":"5640683162986365048","potions_obtained":[{"floor":1,"key":"SpeedPotion"},{"floor":10,"key":"hexamod:SoulburnPotion"},{"floor":15,"key":"hexamod:SoulburnPotion"},{"floor":15,"key":"Reflective Coating"}],"is_trial":false,"path_per_floor":["M","$","?","M","?","R","?","$","T","M","?","M","R","E","R","B"],"character_chosen":"IRONCLAD","items_purchased":["Dual Wield","Life Link"],"campfire_rested":0,"item_purchase_floors":[2,8],"current_hp_per_floor":[82,82,82,77,77,77,77,77,77,81,88,76,76,46,46,0,0],"gold":151,"neow_bonus":"TEN_PERCENT_HP_BONUS","is_daily":false,"chose_seed":false,"campfire_upgraded":1,"win_rate":0.0,"timestamp":1612155246,"path_taken":["M","$","?","M","?","R","?","$","T","M","?","?","R","E","R","BOSS"],"items_purchased_type":["Card","Card"],"build_version":"2020-12-22","purchased_purges":0,"victory":false,"max_hp_per_floor":[88,88,88,88,88,88,88,88,88,88,88,88,88,88,88,88,88],"relic_stats":{"counters":[6,30],"Tiny Chest":0,"Whetstone":["Strike_R","Dropkick"],"obtain_stats":[{"Ring of Hypnosis":7,"Ring of Fury":7,"Tiny Chest":15,"Whetstone":14,"Burning Blood":0,"Meat on the Bone":3,"Mercury Hourglass":9},{"Ring of Hypnosis":2,"Ring of Fury":2,"Tiny Chest":5,"Whetstone":5,"Burning Blood":0,"Meat on the Bone":1,"Mercury Hourglass":2},{"Ring of Hypnosis":8,"Ring of Fury":8,"Tiny Chest":19,"Whetstone":19,"Burning Blood":0,"Meat on the Bone":4,"Mercury Hourglass":8}],"Burning Blood":30,"Meat on the Bone":12,"Mercury Hourglass":[108]},"card_choices":[{"not_picked":["Iron Wave","Perfected Strike"],"picked":"Dropkick","floor":1},{"not_picked":["Whirlwind","True Grit"],"picked":"Cleave","floor":4},{"not_picked":["Thunderclap","Perfected Strike"],"picked":"Flame Barrier","floor":10},{"not_picked":["Replay:Undeath\u0027s Touch","Body Slam"],"picked":"Uppercut","floor":12},{"not_picked":["Thunderclap","Cleave"],"picked":"Blood for Blood","floor":14},{"not_picked":["Cleave","Dropkick"],"picked":"Inflame","floor":15}],"player_experience":366380,"relics_obtained":[{"floor":7,"key":"Ring of Fury"},{"floor":7,"key":"Ring of Hypnosis"},{"floor":9,"key":"Mercury Hourglass"},{"floor":14,"key":"Whetstone"},{"floor":15,"key":"Tiny Chest"}],"event_choices":[{"damage_healed":0,"gold_gain":0,"player_choice":"Box","damage_taken":0,"relics_obtained":["Meat on the Bone"],"max_hp_gain":0,"max_hp_loss":0,"event_name":"Big Fish","floor":3,"gold_loss":0,"cards_obtained":["Regret"]},{"damage_healed":77,"gold_gain":0,"player_choice":"Embrace Burn","damage_taken":0,"max_hp_gain":0,"max_hp_loss":88,"event_name":"betterThird:BetterShining","floor":5,"gold_loss":0},{"cards_removed":["Dual Wield"],"damage_healed":7,"gold_gain":0,"player_choice":"Offered Uncommon","damage_taken":0,"max_hp_gain":0,"max_hp_loss":0,"event_name":"Bonfire Elementals","floor":11,"gold_loss":0}],"is_beta":false,"boss_relics":[],"items_purged_floors":[],"is_endless":false,"potions_floor_spawned":[1,10],"killed_by":"Fading Forest","ascension_level":1}}