{"host":"gl5rgsfncjl28cj1","time":1612165591,"event":{"mods":["BaseMod","Colored Map","Highlight Path","Minty Spire (QoL Compilation)","Permanent Neow","StSLib"],"gold_per_floor":[214,226,245,320,340,340,340,340,363,378,411,411,411,61,61,133,133,145,145,145],"floor_reached":19,"language":"KOR","playtime":1913,"items_purged":[],"score":334,"play_id":"208696f4-d938-4d4d-be4b-0220d02fc776","local_time":"20210201164631","is_ascension_mode":true,"campfire_choices":[{"floor":6,"key":"REST"},{"data":"Quick Slash","floor":8,"key":"SMITH"},{"data":"Poisoned Stab","floor":12,"key":"SMITH"},{"data":"Apotheosis","floor":15,"key":"SMITH"}],"circlet_count":0,"master_deck":["AscendersBane","Strike_G","Strike_G","Strike_G","Strike_G","Strike_G","Defend_G","Defend_G","Defend_G","Defend_G","Defend_G","Survivor","Neutralize","Quick Slash+1","Dodge and Roll","Poisoned Stab+1","Tactician","Dagger Spray","Reflex","Apotheosis+1","Tactician","Noxious Fumes","Glass Knife","Noxious Fumes"],"relics":["Ring of the Snake","Blood Vial","Regal Pillow","SlaversCollar"],"acts_visited":["Exordium","TheCity"],"potions_floor_usage":[11,11,16,16,19],"damage_taken":[{"damage":1,"enemies":"Small Slimes","floor":1,"turns":4},{"damage":2,"enemies":"Jaw Worm","floor":2,"turns":5},{"damage":1,"enemies":"Cultist","floor":3,"turns":4},{"damage":23,"enemies":"Large Slime","floor":5,"turns":8},{"damage":6,"enemies":"Red Slaver","floor":10,"turns":5},{"damage":8,"enemies":"Gremlin Nob","floor":11,"turns":3},{"damage":51,"enemies":"Hexaghost","floor":16,"turns":12},{"damage":30,"enemies":"3 Byrds","floor":18,"turns":6},{"damage":0,"enemies":"Spheric Guardian","floor":19,"turns":3}],"seed_played":"-1219257259197629030","potions_obtained":[{"floor":5,"key":"Explosive Potion"},{"floor":10,"key":"Fire Potion"},{"floor":11,"key":"Regen Potion"},{"floor":13,"key":"GhostInAJar"},{"floor":18,"key":"EssenceOfSteel"}],"is_trial":false,"path_per_floor":["M","M","M","?","M","R","?","R","T","M","E","R","?","$","R","B",null,"M","M"],"character_chosen":"THE_SILENT","items_purchased":["Apotheosis","Tactician","Noxious Fumes"],"campfire_rested":1,"item_purchase_floors":[14,14,14],"current_hp_per_floor":[58,56,55,44,21,40,62,62,62,58,52,52,52,52,52,17,54,26,28,28],"gold":145,"neow_bonus":"HUNDRED_GOLD","is_daily":false,"chose_seed":false,"campfire_upgraded":3,"win_rate":0.0,"timestamp":1612165591,"path_taken":["M","M","M","?","M","R","?","R","T","M","E","R","?","$","R","BOSS","M","?"],"items_purchased_type":["Card","Card","Card"],"build_version":"2020-12-22","purchased_purges":0,"victory":false,"max_hp_per_floor":[66,66,66,66,66,66,66,66,66,66,66,66,66,66,66,66,66,66,66,66],"card_choices":[{"not_picked":["Outmaneuver","Caltrops"],"picked":"Quick Slash","floor":1},{"not_picked":["Sucker Punch","Finisher"],"picked":"Dodge and Roll","floor":2},{"not_picked":["Choke","Leg Sweep"],"picked":"Poisoned Stab","floor":3},{"not_picked":["Sucker Punch","Infinite Blades"],"picked":"Tactician","floor":5},{"not_picked":["Prepared","Endless Agony"],"picked":"Dagger Spray","floor":10},{"not_picked":["Slice","Well Laid Plans"],"picked":"Reflex","floor":11},{"not_picked":["Storm of Steel","Doppelganger"],"picked":"Glass Knife","floor":16},{"not_picked":["Quick Slash","Deflect"],"picked":"Noxious Fumes","floor":18}],"player_experience":1007571,"relics_obtained":[{"floor":9,"key":"Blood Vial"},{"floor":11,"key":"Regal Pillow"}],"event_choices":[{"damage_healed":0,"gold_gain":75,"player_choice":"Gather Gold","damage_taken":11,"max_hp_gain":0,"max_hp_loss":0,"event_name":"World of Goop","floor":4,"gold_loss":0},{"damage_healed":22,"gold_gain":0,"player_choice":"Banana","damage_taken":0,"max_hp_gain":0,"max_hp_loss":0,"event_name":"Big Fish","floor":7,"gold_loss":0},{"damage_healed":0,"gold_gain":0,"player_choice":"Got Potions","damage_taken":0,"max_hp_gain":0,"max_hp_loss":0,"event_name":"Lab","floor":13,"gold_loss":0}],"is_beta":false,"boss_relics":[{"not_picked":["Ring of the Serpent","Ectoplasm"],"picked":"SlaversCollar"}],"items_purged_floors":[],"is_endless":false,"potions_floor_spawned":[5,10,11,18],"killed_by":"Spheric Guardian","ascension_level":20}}