{"host":"8lno9xwgef3sjccz","time":1612198959,"event":{"mods":["AchievementEnabler","BaseMod","Minty Spire (QoL Compilation)","Relic Stats"],"gold_per_floor":[112,131,144,17,31,31,61,61,107,107,107,107,120,145,145,266,266,285,298,314,330,330,330,330],"floor_reached":23,"language":"ENG","playtime":1386,"items_purged":["Strike_B"],"score":205,"play_id":"8e8f9632-e6ba-4ba4-8fc2-e30209856ea6","local_time":"20210201120239","is_ascension_mode":true,"campfire_choices":[{"data":"Defragment","floor":6,"key":"SMITH"},{"data":"Loop","floor":10,"key":"SMITH"},{"floor":12,"key":"REST"},{"data":"Cold Snap","floor":15,"key":"SMITH"}],"circlet_count":0,"master_deck":["Strike_B","Strike_B","Strike_B","Defend_B","Defend_B","Defend_B","Defend_B","Zap","Dualcast","Coolheaded","Coolheaded","Loop+1","Beam Cell","Defragment+1","Rebound","Injury","Clumsy","Cold Snap+1","Reinforced Body","Hyperbeam","Leap+1","Sweeping Beam","Glacier+1","Barrage","Ball Lightning"],"relics":["Cursed Key","Ornamental Fan","Golden Idol","Potion Belt","Inserter"],"acts_visited":["Exordium","TheCity"],"potions_floor_usage":[16,18],"damage_taken":[{"damage":4,"enemies":"2 Louse","floor":1,"turns":3},{"damage":0,"enemies":"Small Slimes","floor":2,"turns":3},{"damage":0,"enemies":"Jaw Worm","floor":3,"turns":4},{"damage":1,"enemies":"Looter","floor":5,"turns":5},{"damage":41,"enemies":"Gremlin Nob","floor":7,"turns":6},{"damage":3,"enemies":"Exordium Thugs","floor":13,"turns":6},{"damage":2,"enemies":"Blue Slaver","floor":14,"turns":4},{"damage":12,"enemies":"Slime Boss","floor":16,"turns":14},{"damage":12,"enemies":"3 Byrds","floor":18,"turns":6},{"damage":0,"enemies":"Chosen","floor":19,"turns":7},{"damage":10,"enemies":"Snake Plant","floor":20,"turns":8},{"damage":25,"enemies":"Shelled Parasite and Fungi","floor":21,"turns":10},{"damage":34,"enemies":"Slavers","floor":23,"turns":3}],"seed_played":"7632780958668973711","potions_obtained":[{"floor":5,"key":"SpeedPotion"},{"floor":14,"key":"ColorlessPotion"},{"floor":16,"key":"ColorlessPotion"},{"floor":19,"key":"Dexterity Potion"}],"is_trial":false,"path_per_floor":["M","M","M","$","M","R","E","?","T","R","?","R","M","M","R","B",null,"M","M","M","M","?","E"],"character_chosen":"DEFECT","items_purchased":["Beam Cell"],"campfire_rested":1,"item_purchase_floors":[4],"current_hp_per_floor":[71,71,71,71,70,70,29,29,29,29,29,51,48,46,46,34,75,63,63,53,28,28,0,0],"gold":330,"neow_bonus":"BOSS_RELIC","is_daily":false,"chose_seed":false,"campfire_upgraded":3,"win_rate":0.0,"timestamp":1612198959,"path_taken":["M","M","M","$","M","R","E","?","T","R","?","R","M","M","R","BOSS","M","M","M","M","?","E"],"items_purchased_type":["Card"],"build_version":"2020-12-22","purchased_purges":1,"victory":false,"max_hp_per_floor":[75,75,75,75,75,75,75,75,75,75,75,75,75,75,75,75,75,75,75,75,75,75,75,75],"relic_stats":{"Inserter":[17],"counters":[13,79],"Ornamental Fan":[36],"Golden Idol":45,"Cursed Key":1,"obtain_stats":[{"Potion Belt":9,"Inserter":17,"Ornamental Fan":7,"Golden Idol":8,"Cracked Core":0,"Cursed Key":0},{"Potion Belt":5,"Inserter":8,"Ornamental Fan":5,"Golden Idol":5,"Cracked Core":0,"Cursed Key":0},{"Potion Belt":21,"Inserter":45,"Ornamental Fan":21,"Golden Idol":21,"Cracked Core":0,"Cursed Key":0}]},"card_choices":[{"not_picked":["Steam","Leap"],"picked":"Coolheaded","floor":1},{"not_picked":["Genetic Algorithm","Stack"],"picked":"Coolheaded","floor":2},{"not_picked":["Beam Cell","Compile Driver"],"picked":"Loop","floor":3},{"not_picked":["Turbo","Echo Form"],"picked":"Defragment","floor":5},{"not_picked":["Consume","Force Field"],"picked":"Rebound","floor":7},{"not_picked":["Undo","Beam Cell"],"picked":"Cold Snap","floor":13},{"not_picked":["Leap","Turbo"],"picked":"Reinforced Body","floor":14},{"not_picked":["Fission","Machine Learning"],"picked":"Hyperbeam","floor":16},{"not_picked":["Turbo","Conserve Battery"],"picked":"Leap+1","floor":18},{"not_picked":["Lockon","Heatsinks"],"picked":"Sweeping Beam","floor":19},{"not_picked":["Hologram","Gash"],"picked":"Glacier+1","floor":20},{"not_picked":["Compile Driver","Loop"],"picked":"Barrage","floor":21}],"player_experience":83872,"relics_obtained":[{"floor":7,"key":"Ornamental Fan"},{"floor":9,"key":"Potion Belt"}],"event_choices":[{"damage_healed":0,"gold_gain":0,"player_choice":"Take Wound","damage_taken":0,"relics_obtained":["Golden Idol"],"max_hp_gain":0,"max_hp_loss":0,"event_name":"Golden Idol","floor":8,"gold_loss":0,"cards_obtained":["Injury"]},{"damage_healed":0,"gold_gain":0,"player_choice":"Ignored","damage_taken":0,"max_hp_gain":0,"max_hp_loss":0,"event_name":"Golden Wing","floor":11,"gold_loss":0},{"damage_healed":0,"gold_gain":0,"player_choice":"Read","damage_taken":0,"max_hp_gain":0,"max_hp_loss":0,"event_name":"The Library","floor":22,"gold_loss":0,"cards_obtained":["Ball Lightning"]}],"is_beta":false,"boss_relics":[{"not_picked":["Tiny House","SacredBark"],"picked":"Inserter"}],"items_purged_floors":[4],"is_endless":false,"potions_floor_spawned":[5,14,16,19],"killed_by":"Slavers","ascension_level":1}}