{"host":"ye7dkdlypz0ka1od","time":1612210195,"event":{"mods":["Act Like it!","Aspiration","BaseMod","Better Third Choice","Gensokyo","Hallownest","Hubris","Infinite Spire","Jorbs\u0027s Wanderer Trilogy","Minty Spire (QoL Compilation)","Replay The Spire","StSLib","The Marked"],"gold_per_floor":[119,139,64,74,88,88,117,117,117,117,170,182,200,217,217,318,318,332,332,332,332,344,344,362,362,262,281,281,281,294,306,306,318,318,414,414,432,432,432],"floor_reached":38,"language":"ENG","playtime":1761,"items_purged":["theMarked:Strike","theMarked:Strike"],"score":405,"play_id":"ea6af3b6-ec62-48d6-afdb-dcea87b94043","local_time":"20210201150955","is_ascension_mode":false,"campfire_choices":[{"data":"theMarked:SoldierOfQuellstein","floor":6.0,"key":"SMITH"},{"data":"theMarked:WardOff","floor":8.0,"key":"SMITH"},{"data":"theMarked:GodGivenPower","floor":10.0,"key":"SMITH"},{"data":"theMarked:StartUp","floor":15.0,"key":"SMITH"},{"data":"theMarked:Generate","floor":25.0,"key":"SMITH"},{"data":"theMarked:WardOff","floor":29.0,"key":"SMITH"},{"data":"theMarked:ResourceFulStrike","floor":32.0,"key":"SMITH"},{"floor":34.0,"key":"REST"}],"circlet_count":0,"master_deck":["theMarked:Strike","theMarked:Strike","theMarked:Strike","theMarked:Defend","theMarked:Defend","theMarked:Defend","theMarked:Defend","theMarked:SoldierOfQuellstein+1","theMarked:WardOff+1","theMarked:Parkour","theMarked:Defy","theMarked:BanishingStrike","theMarked:GodGivenPower+1","theMarked:ResourceFulStrike+1","theMarked:StartUp+1","theMarked:Challenge","theMarked:Generate+1","theMarked:WardOff+1","theMarked:WardOff","theMarked:WardOff","CurseOfTheBell"],"relics":["theMarked:ArtifactOfAir","Anchor","Bag of Preparation","Philosopher\u0027s Stone","PreservedInsect","Bottled Tornado","Calling Bell","hubris:MedicalManual","Darkstone Periapt","Juzu Bracelet"],"acts_visited":["Exordium","TheCity","TheBeyond"],"potions_floor_usage":[38,38,38,38],"damage_taken":[{"damage":0.0,"enemies":"Cultist","floor":1.0,"turns":3.0},{"damage":0.0,"enemies":"2 Louse","floor":2.0,"turns":3.0},{"damage":0.0,"enemies":"Small Slimes","floor":4.0,"turns":3.0},{"damage":8.0,"enemies":"Looter","floor":5.0,"turns":3.0},{"damage":14.0,"enemies":"Gremlin Nob","floor":7.0,"turns":3.0},{"damage":0.0,"enemies":"Red Slaver","floor":12.0,"turns":2.0},{"damage":0.0,"enemies":"Exordium Wildlife","floor":13.0,"turns":2.0},{"damage":0.0,"enemies":"Looter","floor":14.0,"turns":2.0},{"damage":2.0,"enemies":"Fading Forest","floor":16.0,"turns":11.0},{"damage":15.0,"enemies":"2 Thieves","floor":18.0,"turns":4.0},{"damage":6.0,"enemies":"Shell Parasite","floor":22.0,"turns":4.0},{"damage":0.0,"enemies":"Chosen and Byrds","floor":24.0,"turns":5.0},{"damage":0.0,"enemies":"Snecko","floor":27.0,"turns":5.0},{"damage":3.0,"enemies":"Shelled Parasite and Fungi","floor":30.0,"turns":5.0},{"damage":9.0,"enemies":"Snake Plant","floor":31.0,"turns":5.0},{"damage":12.0,"enemies":"Snecko","floor":33.0,"turns":6.0},{"damage":50.0,"enemies":"Automaton","floor":35.0,"turns":10.0},{"damage":5,"enemies":"3 Shapes","floor":37,"turns":4},{"damage":77,"enemies":"hubris:Merchant","floor":38,"turns":6}],"seed_played":"-1676693718199744553","potions_obtained":[{"floor":2.0,"key":"AttackPotion"},{"floor":4.0,"key":"SteroidPotion"},{"floor":11.0,"key":"infinitespire:BlackPotion"},{"floor":11.0,"key":"FearPotion"},{"floor":11.0,"key":"EssenceOfSteel"},{"floor":16.0,"key":"Dexterity Potion"},{"floor":18.0,"key":"PowerPotion"},{"floor":24.0,"key":"PowerPotion"},{"floor":31.0,"key":"EntropicBrew"}],"is_trial":false,"path_per_floor":["M","M","$","M","M","R","E","R","T","R","?","M","M","M","R","B",null,"M","?","PTL","PTL","M","?","M","R","$","M","T","R","M","M","R","M","R","B",null,"M","$"],"character_chosen":"THE_DEFAULT","items_purchased":[],"campfire_rested":1,"item_purchase_floors":[],"current_hp_per_floor":[77,77,77,77,69,69,55,55,55,55,55,55,55,55,55,53,77,62,62,62,62,56,64,64,64,64,64,64,64,61,52,52,40,63,13,77,72,0,0],"gold":432,"neow_bonus":"TEN_PERCENT_HP_BONUS","is_daily":false,"chose_seed":false,"campfire_upgraded":7,"win_rate":0.0,"timestamp":1612210195,"path_taken":["M","M","?","M","M","R","E","R","T","R","?","M","M","?","R","BOSS","M","?","PTL","PTL","M","?","M","R","$","M","T","R","?","M","R","M","R","BOSS","BOSS","M","$"],"items_purchased_type":[],"build_version":"2020-12-22","purchased_purges":2,"victory":false,"max_hp_per_floor":[77,77,77,77,77,77,77,77,77,77,77,77,77,77,77,77,77,77,77,77,77,77,77,77,77,77,77,77,77,77,77,77,77,77,77,77,77,77,77],"card_choices":[{"not_picked":["theMarked:ChainLightning","theMarked:TwofoldDefense"],"picked":"theMarked:WardOff","floor":1.0},{"not_picked":["theMarked:Improvise","theMarked:Overcharge"],"picked":"theMarked:Parkour","floor":2.0},{"not_picked":["theMarked:SwordAndMagic","theMarked:Aftermath"],"picked":"theMarked:Defy","floor":4.0},{"not_picked":["theMarked:TakeCover","theMarked:Frustration"],"picked":"theMarked:BanishingStrike","floor":5.0},{"not_picked":["theMarked:Standoff","theMarked:Electrify"],"picked":"theMarked:GodGivenPower","floor":7.0},{"not_picked":["theMarked:RogueSparks","theMarked:Improvise"],"picked":"theMarked:ResourceFulStrike","floor":11.0},{"not_picked":["theMarked:BanishingStrike","theMarked:SwordAndMagic","theMarked:ResourceFulStrike"],"picked":"SKIP","floor":12.0},{"not_picked":["theMarked:GodGivenPower","theMarked:ResourceFulStrike","theMarked:UnarmedFury"],"picked":"SKIP","floor":13.0},{"not_picked":["theMarked:Reabsorb","theMarked:ResourceFulStrike"],"picked":"theMarked:StartUp","floor":14.0},{"not_picked":["theMarked:TurnInvisible","theMarked:DispelDoubt"],"picked":"theMarked:Challenge","floor":16.0},{"not_picked":["theMarked:LightningStrikesTwice+1","theMarked:Determination"],"picked":"theMarked:Generate","floor":18.0},{"not_picked":["theMarked:TakeCover","theMarked:Generate"],"picked":"theMarked:WardOff","floor":22.0},{"not_picked":["theMarked:Parkour","theMarked:Opportunist"],"picked":"theMarked:WardOff","floor":24.0},{"not_picked":["theMarked:Frustration","theMarked:Convert","theMarked:Improvise"],"picked":"SKIP","floor":27.0},{"not_picked":["theMarked:RepellingDischarge","theMarked:TwofoldDefense","theMarked:Frustration"],"picked":"SKIP","floor":30.0},{"not_picked":["theMarked:PowerFlow","theMarked:CreepingChasm+1"],"picked":"theMarked:WardOff","floor":31.0},{"not_picked":["theMarked:Improvise","theMarked:DispelDoubt","theMarked:Standoff"],"picked":"SKIP","floor":33.0},{"not_picked":["theMarked:TwofoldDefense","theMarked:Memento","theMarked:UnarmedFury"],"picked":"SKIP","floor":37}],"player_experience":1271422,"relics_obtained":[{"floor":7.0,"key":"Anchor"},{"floor":9.0,"key":"Bag of Preparation"},{"floor":28.0,"key":"Bottled Tornado"},{"floor":36,"key":"hubris:MedicalManual"},{"floor":36,"key":"Darkstone Periapt"},{"floor":36,"key":"Juzu Bracelet"}],"event_choices":[],"is_beta":false,"boss_relics":[{"not_picked":["hubris:TerracottaHorce","Honey Jar"],"picked":"Philosopher\u0027s Stone"},{"not_picked":["Snecko Eye","Sozu"],"picked":"Calling Bell"}],"items_purged_floors":[3,26],"is_endless":false,"potions_floor_spawned":[2,4,13,16,18,24,31,33],"killed_by":"hubris:Merchant","ascension_level":0}}