{"host":"cfv8orgc8997ql4r","time":1612149179,"event":{"mods":["AchievementEnabler","BaseMod","DeckTracker","Keyboard Shortcuts","Minty Spire (QoL Compilation)","SuperFastMode"],"gold_per_floor":[112,124,299,299,80,115,15,47,47,66,66,66,76,90,90,187,187,202,215,231,106,126,126,51,51,51,66,91,91,91,108,108,205,205,221,121,121,121,121,121,146,158,182,215,215,215],"floor_reached":45,"language":"KOR","playtime":1176,"items_purged":["Doubt","Strike_G","Strike_G"],"score":716,"play_id":"2a441982-1da3-4e2a-b229-808bfa913d6b","local_time":"20210201121259","is_ascension_mode":true,"campfire_choices":[{"floor":15.0,"key":"REST"},{"floor":23.0,"key":"REST"},{"floor":25.0,"key":"REST"},{"data":"Catalyst","floor":32.0,"key":"SMITH"},{"data":"Bullet Time","floor":40,"key":"SMITH"}],"circlet_count":0,"master_deck":["Strike_G","Strike_G","Strike_G","Defend_G","Defend_G","Defend_G","Survivor","Neutralize","Catalyst+1","Poisoned Stab","Catalyst","Deadly Poison","Catalyst","Acrobatics","Deadly Poison","Adrenaline","Prepared","Adrenaline","Deadly Poison","Noxious Fumes+1","Adrenaline","Bullet Time+1","Writhe"],"relics":["Ring of the Serpent","NeowsBlessing","Blood Vial","Letter Opener","Eternal Feather","PreservedInsect","Dream Catcher","Mercury Hourglass","Matryoshka","Omamori","Paper Crane","Strawberry","Potion Belt","MealTicket","Centennial Puzzle"],"acts_visited":["Exordium","TheCity","TheBeyond"],"potions_floor_usage":[44],"damage_taken":[{"damage":0.0,"enemies":"Small Slimes","floor":1.0,"turns":1.0},{"damage":0.0,"enemies":"2 Louse","floor":2.0,"turns":1.0},{"damage":0.0,"enemies":"Gremlin Nob","floor":6.0,"turns":1.0},{"damage":42.0,"enemies":"3 Sentries","floor":8.0,"turns":12.0},{"damage":0.0,"enemies":"Cultist","floor":10.0,"turns":3.0},{"damage":14.0,"enemies":"Exordium Wildlife","floor":13.0,"turns":3.0},{"damage":8.0,"enemies":"Large Slime","floor":14.0,"turns":5.0},{"damage":18.0,"enemies":"Hexaghost","floor":16.0,"turns":4.0},{"damage":17.0,"enemies":"3 Byrds","floor":18.0,"turns":4.0},{"damage":7.0,"enemies":"Chosen","floor":19.0,"turns":3.0},{"damage":14.0,"enemies":"Snake Plant","floor":20.0,"turns":3.0},{"damage":19.0,"enemies":"Snecko","floor":22.0,"turns":4.0},{"damage":26.0,"enemies":"Centurion and Healer","floor":27.0,"turns":4.0},{"damage":30.0,"enemies":"Slavers","floor":28.0,"turns":4.0},{"damage":4.0,"enemies":"3 Cultists","floor":31.0,"turns":3.0},{"damage":13.0,"enemies":"Champ","floor":33.0,"turns":4.0},{"damage":24.0,"enemies":"3 Darklings","floor":35.0,"turns":3.0},{"damage":13,"enemies":"Giant Head","floor":41,"turns":4},{"damage":0,"enemies":"3 Shapes","floor":42,"turns":2},{"damage":18,"enemies":"Reptomancer","floor":44,"turns":4},{"damage":52,"enemies":"Spire Growth","floor":45,"turns":4}],"seed_played":"2242071836610183406","potions_obtained":[{"floor":1.0,"key":"FearPotion"},{"floor":6.0,"key":"Explosive Potion"},{"floor":8.0,"key":"SneckoOil"},{"floor":18.0,"key":"SteroidPotion"},{"floor":27.0,"key":"FearPotion"},{"floor":31.0,"key":"PowerPotion"},{"floor":35.0,"key":"CunningPotion"}],"is_trial":false,"path_per_floor":["M","M","?","?","$","E","$","E","T","M","?","?","M","M","R","B",null,"M","M","M","$","M","R","?","R","T","M","E","?","?","M","R","B",null,"M","$","?","$","T","R","E","M","T","E","M"],"character_chosen":"THE_SILENT","items_purchased":["Blood Vial","GhostInAJar"],"campfire_rested":3,"item_purchase_floors":[5,36],"current_hp_per_floor":[63,63,63,56,56,58,58,18,18,20,20,20,8,2,32,16,57,42,37,25,25,8,41,41,70,70,44,16,16,70,66,70,57,67,45,45,63,63,63,70,64,66,66,50,0,0],"gold":215,"neow_bonus":"THREE_ENEMY_KILL","is_daily":false,"chose_seed":false,"campfire_upgraded":2,"win_rate":0.0,"timestamp":1612149179,"path_taken":["M","M","?","?","$","E","$","E","T","?","?","?","M","M","R","BOSS","M","M","M","$","M","R","?","R","T","M","E","?","?","M","R","BOSS","M","$","?","$","?","R","E","M","T","E","M"],"items_purchased_type":["Relic","Potion"],"build_version":"2020-12-22","purchased_purges":3,"victory":false,"max_hp_per_floor":[70,70,70,70,70,70,70,70,70,70,70,70,70,70,70,70,70,70,70,70,70,70,70,70,70,70,70,70,70,70,70,70,70,70,70,70,70,70,70,70,77,77,77,77,77,77],"card_choices":[{"not_picked":["Bouncing Flask","Footwork"],"picked":"Catalyst","floor":1.0},{"not_picked":["Blade Dance","Eviscerate"],"picked":"Poisoned Stab","floor":2.0},{"not_picked":["Endless Agony","Bane"],"picked":"Catalyst","floor":6.0},{"not_picked":["Blade Dance","Outmaneuver"],"picked":"Deadly Poison","floor":8.0},{"not_picked":["Finisher","Footwork","Tactician"],"picked":"SKIP","floor":10.0},{"not_picked":["Grand Finale","Cloak And Dagger"],"picked":"Catalyst","floor":13.0},{"not_picked":["Distraction","Well Laid Plans"],"picked":"Acrobatics","floor":14.0},{"not_picked":["Outmaneuver","Sucker Punch"],"picked":"Deadly Poison","floor":15.0},{"not_picked":["Burst","Phantasmal Killer"],"picked":"Adrenaline","floor":16.0},{"not_picked":["Endless Agony","Blade Dance","Escape Plan"],"picked":"SKIP","floor":18.0},{"not_picked":["Caltrops","Escape Plan","Acrobatics"],"picked":"SKIP","floor":19.0},{"not_picked":["Dodge and Roll","Well Laid Plans"],"picked":"Prepared","floor":20.0},{"not_picked":["Backflip","Underhanded Strike+1"],"picked":"Adrenaline","floor":22.0},{"not_picked":["Deflect+1","Dodge and Roll"],"picked":"Deadly Poison","floor":23.0},{"not_picked":["Deadly Poison","Dagger Spray"],"picked":"Noxious Fumes+1","floor":25.0},{"not_picked":["Slice","Bane+1"],"picked":"Adrenaline","floor":27.0},{"not_picked":["Deflect","Slice"],"picked":"Bouncing Flask+1","floor":28.0},{"not_picked":["Outmaneuver","Cloak And Dagger","Deadly Poison"],"picked":"SKIP","floor":31.0},{"not_picked":["Wraith Form v2","Envenom"],"picked":"Bullet Time","floor":33.0},{"not_picked":["Choke+1","Blur+1","Underhanded Strike"],"picked":"SKIP","floor":35.0},{"not_picked":["Footwork+1","Reflex+1","Well Laid Plans+1"],"picked":"SKIP","floor":41},{"not_picked":["Slice","Infinite Blades","Deadly Poison+1"],"picked":"SKIP","floor":42},{"not_picked":["Flying Knee","Quick Slash+1","Dagger Spray"],"picked":"SKIP","floor":44}],"player_experience":188075,"relics_obtained":[{"floor":6.0,"key":"Letter Opener"},{"floor":8.0,"key":"Eternal Feather"},{"floor":9.0,"key":"PreservedInsect"},{"floor":26.0,"key":"Mercury Hourglass"},{"floor":28.0,"key":"Matryoshka"},{"floor":39,"key":"Omamori"},{"floor":39,"key":"Paper Crane"},{"floor":41,"key":"Strawberry"},{"floor":43,"key":"Potion Belt"},{"floor":43,"key":"MealTicket"},{"floor":44,"key":"Centennial Puzzle"}],"event_choices":[{"damage_healed":0.0,"max_hp_gain":0.0,"max_hp_loss":0.0,"gold_gain":175.0,"event_name":"Liars Game","player_choice":"AGREE","floor":3.0,"gold_loss":0.0,"damage_taken":0.0,"cards_obtained":["Doubt"]},{"damage_healed":0.0,"max_hp_gain":0.0,"max_hp_loss":0.0,"gold_gain":0.0,"event_name":"Wheel of Change","player_choice":"Damaged","floor":4.0,"gold_loss":0.0,"damage_taken":7.0},{"damage_healed":0.0,"max_hp_gain":0.0,"max_hp_loss":0.0,"gold_gain":0.0,"event_name":"Scrap Ooze","player_choice":"Fled","floor":11.0,"gold_loss":0.0,"damage_taken":0.0},{"damage_healed":0.0,"max_hp_gain":0.0,"max_hp_loss":0.0,"gold_gain":0.0,"event_name":"Dead Adventurer","player_choice":"Searched \u00271\u0027 times","floor":12.0,"gold_loss":0.0,"damage_taken":0.0,"relics_obtained":["Dream Catcher"]},{"cards_removed":["Defend_G"],"damage_healed":0.0,"max_hp_gain":0.0,"max_hp_loss":0.0,"gold_gain":0.0,"event_name":"Beggar","player_choice":"Gave Gold","floor":24.0,"gold_loss":75.0,"damage_taken":0.0},{"cards_removed":["Defend_G"],"damage_healed":0.0,"max_hp_gain":0.0,"max_hp_loss":0.0,"gold_gain":0.0,"event_name":"Back to Basics","player_choice":"Elegance","floor":29.0,"gold_loss":0.0,"damage_taken":0.0},{"cards_removed":["Bouncing Flask"],"damage_healed":54.0,"max_hp_gain":0.0,"max_hp_loss":0.0,"gold_gain":0.0,"event_name":"Bonfire Elementals","player_choice":"Offered Uncommon","floor":30.0,"gold_loss":0.0,"damage_taken":0.0},{"damage_healed":18.0,"max_hp_gain":0.0,"max_hp_loss":0.0,"gold_gain":0.0,"event_name":"Winding Halls","player_choice":"Writhe","floor":37.0,"gold_loss":0.0,"damage_taken":0.0,"cards_obtained":["Writhe"]}],"is_beta":false,"boss_relics":[{"not_picked":["Runic Dome","Pandora\u0027s Box","Fusion Hammer"]},{"not_picked":["Philosopher\u0027s Stone","SacredBark"],"picked":"Ring of the Serpent"}],"items_purged_floors":[5,7,21],"is_endless":false,"potions_floor_spawned":[1,6,8,18,27,31,35],"killed_by":"Spire Growth","ascension_level":6}}