{"host":"avjwtc49fhlk6kym","time":1612144208,"event":{"mods":["AchievementEnabler","BaseMod","Better Match","Better Note","Better Third Choice","Colored Map","Colored Powertips","Displayed Cursed Tome","Highlight Path","Minty Spire (QoL Compilation)","Permanent Neow","Quick Restart","StSLib"],"gold_per_floor":[111,128,128,144,155,188,188,263,289,305,323,323,355,370,370,474,474,484,484,211,227,152,152,252,323,395,408,81,81,97,112,112,207,207,218,231,61,73,0,0,0],"floor_reached":40,"language":"ENG","playtime":1477,"items_purged":["MentalFortress","ClearTheMind"],"score":400,"play_id":"2effded3-d85c-4681-80f5-050ff8c5e401","local_time":"20210131205008","is_ascension_mode":false,"campfire_choices":[{"floor":12,"key":"REST"},{"floor":15,"key":"REST"},{"data":"MasterReality","floor":23,"key":"SMITH"},{"floor":29,"key":"REST"},{"floor":32,"key":"REST"}],"circlet_count":0,"master_deck":["Eruption","Vigilance","Trip+1","LikeWater","FollowUp","SandsOfTime","BowlingBash","FearNoEvil","PathToVictory","ForeignInfluence","DevaForm","PathToVictory","MasterReality+1","ClearTheMind","Devotion","WheelKick","Consecrate","PathToVictory","Halt","Protect","Panacea+1","Study+1","BattleHymn","Wallop","Halt","Prostrate","Evaluate","Protect","CrushJoints","CrushJoints+1"],"relics":["PureWater","Bronze Scales","Ancient Tea Set","Tiny Chest","Pandora\u0027s Box","Oddly Smooth Stone","Bottled Lightning","InkBottle","TeardropLocket","Cursed Key","Red Mask"],"acts_visited":["Exordium","TheCity","TheBeyond"],"potions_floor_usage":[6,6,14,16,18,21,21,31,31,36],"damage_taken":[{"damage":7.0,"enemies":"Small Slimes","floor":1.0,"turns":4.0},{"damage":2.0,"enemies":"2 Louse","floor":2.0,"turns":3.0},{"damage":0.0,"enemies":"Cultist","floor":4.0,"turns":3.0},{"damage":10.0,"enemies":"Looter","floor":5.0,"turns":3.0},{"damage":8,"enemies":"3 Sentries","floor":6,"turns":8},{"damage":0,"enemies":"Large Slime","floor":10,"turns":3},{"damage":1,"enemies":"Exordium Wildlife","floor":11,"turns":3},{"damage":8,"enemies":"Lagavulin","floor":13,"turns":6},{"damage":5,"enemies":"Looter","floor":14,"turns":2},{"damage":23,"enemies":"Hexaghost","floor":16,"turns":7},{"damage":32,"enemies":"Chosen","floor":18,"turns":5},{"damage":20,"enemies":"2 Thieves","floor":21,"turns":2},{"damage":19,"enemies":"Shelled Parasite and Fungi","floor":27,"turns":4},{"damage":9,"enemies":"Centurion and Healer","floor":30,"turns":4},{"damage":6,"enemies":"Snecko","floor":31,"turns":4},{"damage":22,"enemies":"Champ","floor":33,"turns":8},{"damage":23,"enemies":"Orb Walker","floor":35,"turns":4},{"damage":29,"enemies":"3 Darklings","floor":36,"turns":5},{"damage":11,"enemies":"Spire Growth","floor":38,"turns":5},{"damage":24,"enemies":"Reptomancer","floor":40,"turns":2}],"seed_played":"6740896491192009830","potions_obtained":[{"floor":2.0,"key":"BlessingOfTheForge"},{"floor":5.0,"key":"Fire Potion"},{"floor":11,"key":"SneckoOil"},{"floor":13,"key":"SteroidPotion"},{"floor":14,"key":"GamblersBrew"},{"floor":16,"key":"Regen Potion"},{"floor":18,"key":"SteroidPotion"},{"floor":27,"key":"Block Potion"},{"floor":30,"key":"DistilledChaos"},{"floor":35,"key":"LiquidBronze"}],"is_trial":false,"path_per_floor":["M","M","?","M","M","E","?","?","T","M","M","R","E","M","R","B",null,"M","?","$","M","?","R","?","T","T","M","$","R","M","M","R","B",null,"M","M","$","M","?","E"],"character_chosen":"WATCHER","items_purchased":["Oddly Smooth Stone","Halt","TeardropLocket","Wallop","Halt","Protect","CrushJoints"],"campfire_rested":4,"item_purchase_floors":[20,20,28,28,28,37,37],"current_hp_per_floor":[65,63,56,56,46,38,38,31,31,31,30,51,43,38,59,36,72,50,72,72,52,52,52,52,52,52,33,33,54,45,39,60,38,72,49,20,20,9,9,0,0],"gold":0,"neow_bonus":"RANDOM_COLORLESS","is_daily":false,"chose_seed":false,"campfire_upgraded":1,"win_rate":0.0,"timestamp":1612144208,"path_taken":["M","M","?","M","M","E","?","?","T","M","M","R","E","M","R","BOSS","M","?","$","M","?","R","?","?","T","M","$","R","M","M","R","BOSS","M","M","$","M","?","E"],"items_purchased_type":["Relic","Card","Relic","Card","Card","Card","Card"],"build_version":"2020-12-22","purchased_purges":2,"victory":false,"max_hp_per_floor":[72,72,72,72,72,72,72,72,72,72,72,72,72,72,72,72,72,72,72,72,72,72,72,72,72,72,72,72,72,72,72,72,72,72,72,72,72,72,72,72,72],"card_choices":[{"not_picked":["Good Instincts","Swift Strike"],"picked":"Trip","floor":0.0},{"not_picked":["BowlingBash","Wireheading"],"picked":"LikeWater","floor":1.0},{"not_picked":["FlurryOfBlows","Crescendo"],"picked":"FollowUp","floor":2.0},{"not_picked":["FlyingSleeves","ThirdEye"],"picked":"SandsOfTime","floor":4.0},{"not_picked":["EmptyFist","MentalFortress"],"picked":"BowlingBash","floor":5.0},{"not_picked":["SignatureMove","Pray"],"picked":"FearNoEvil","floor":6},{"not_picked":["Prostrate","Crescendo"],"picked":"PathToVictory","floor":10},{"not_picked":["Prostrate","Consecrate"],"picked":"ForeignInfluence","floor":11},{"not_picked":["Collect","JustLucky"],"picked":"DevaForm","floor":13},{"not_picked":["FollowUp","FlyingSleeves"],"picked":"PathToVictory","floor":14},{"not_picked":["Devotion","Vault"],"picked":"MasterReality","floor":16},{"not_picked":["Sanctity","EmptyMind"],"picked":"PathToVictory","floor":18},{"not_picked":["Pray","FlurryOfBlows"],"picked":"Protect","floor":21},{"not_picked":["PanicButton+1","Flash of Steel+1"],"picked":"Panacea+1","floor":22},{"not_picked":["Fasting2+1","Nirvana+1"],"picked":"Study+1","floor":22},{"not_picked":["Adaptation","DeceiveReality"],"picked":"BattleHymn","floor":27},{"not_picked":["Vengeance+1","ClearTheMind"],"picked":"Prostrate","floor":30},{"not_picked":["Meditate","Consecrate","Pray"],"picked":"SKIP","floor":31},{"not_picked":["BowlingBash","EmptyFist","DeceiveReality"],"picked":"SKIP","floor":35},{"not_picked":["SashWhip","CarveReality"],"picked":"Evaluate","floor":36},{"not_picked":["JustLucky","EmptyBody"],"picked":"CrushJoints+1","floor":38}],"player_experience":423586,"relics_obtained":[{"floor":6,"key":"Bronze Scales"},{"floor":9,"key":"Ancient Tea Set"},{"floor":13,"key":"Tiny Chest"},{"floor":25,"key":"Bottled Lightning"},{"floor":26,"key":"InkBottle"}],"event_choices":[{"cards_removed":["Defend_P"],"damage_healed":0.0,"max_hp_gain":0.0,"max_hp_loss":0.0,"gold_gain":0.0,"event_name":"Golden Wing","player_choice":"Card Removal","floor":3.0,"gold_loss":0.0,"damage_taken":7.0},{"damage_healed":0,"gold_gain":0,"player_choice":"Grow","damage_taken":0,"max_hp_gain":0,"max_hp_loss":0,"event_name":"Living Wall","floor":7,"gold_loss":0,"cards_upgraded":["Trip"]},{"damage_healed":0,"gold_gain":75,"player_choice":"Touch","damage_taken":7,"max_hp_gain":0,"max_hp_loss":0,"event_name":"FaceTrader","floor":8,"gold_loss":0},{"cards_removed":["MentalFortress"],"damage_healed":22,"gold_gain":0,"player_choice":"Offered Uncommon","damage_taken":0,"max_hp_gain":0,"max_hp_loss":0,"event_name":"Bonfire Elementals","floor":19,"gold_loss":0},{"damage_healed":0,"gold_gain":0,"player_choice":"2","damage_taken":0,"max_hp_gain":0,"max_hp_loss":0,"event_name":"betterMatch:BetterMatch","floor":22,"gold_loss":0,"cards_obtained":["betterMatch:ColorlessUncommonCard","betterMatch:UncommonCard"]},{"damage_healed":0,"gold_gain":100,"player_choice":"Pray","damage_taken":0,"max_hp_gain":0,"max_hp_loss":0,"event_name":"Golden Shrine","floor":24,"gold_loss":0},{"damage_healed":0,"gold_gain":0,"player_choice":"Paid","damage_taken":0,"relics_obtained":["Red Mask"],"max_hp_gain":0,"max_hp_loss":0,"event_name":"Tomb of Lord Red Mask","floor":39,"gold_loss":73}],"is_beta":false,"boss_relics":[{"not_picked":["Tiny House","VioletLotus"],"picked":"Pandora\u0027s Box"},{"not_picked":["Black Star","Fusion Hammer"],"picked":"Cursed Key"}],"items_purged_floors":[20,37],"is_endless":false,"potions_floor_spawned":[2,5,11,13,14,16,18,27,30,35],"killed_by":"Reptomancer","ascension_level":0}}