{"host":"xltl1aroowo69o4n","time":1612217550,"event":{"mods":["BaseMod","Colored Map","Colored Powertips","Minty Spire (QoL Compilation)","StSLib"],"gold_per_floor":[19,19,30,46,56,88,88,98,122,133,153,170,170,188,188,285,285,285,13,13,13,13,13,13,13,13,13,13,13,13,13,13,13,13,13,13,13,0,0,0,0,0,0,0,0,0,0,0,0,0,0],"floor_reached":50,"language":"ENG","playtime":1749,"items_purged":[],"score":502,"play_id":"9c0d105f-918f-490f-b1d4-c2e65eedf90d","local_time":"20210201171230","is_ascension_mode":false,"campfire_choices":[{"floor":7,"key":"REST"},{"floor":15,"key":"REST"},{"floor":32,"key":"REST"},{"floor":40,"key":"REST"},{"floor":47,"key":"REST"},{"floor":49,"key":"REST"}],"circlet_count":0,"master_deck":["Strike_B","Strike_B","Strike_B","Defend_B+1","Defend_B","Defend_B","Defend_B+1","Zap","Dualcast","Electrodynamics","Ball Lightning","Stack+1","Static Discharge","Conserve Battery","Rebound","Beam Cell","Go for the Eyes","Doom and Gloom","Melter","Capacitor","Echo Form","Genetic Algorithm+1","Streamline","Conserve Battery","Hello World+1","Redo","Finesse","Lockon","Machine Learning+1","Ball Lightning+1","Leap+1","Lockon","Hello World+1","Glacier+1","Go for the Eyes+1"],"relics":["Cracked Core","Meat on the Bone","Oddly Smooth Stone","Ectoplasm","Bottled Tornado","War Paint","Frozen Egg 2","Lantern","PreservedInsect","Empty Cage","Red Mask","Old Coin"],"acts_visited":["Exordium","TheCity","TheBeyond"],"potions_floor_usage":[6,28,28,31,33,50,50,50],"damage_taken":[{"damage":1,"enemies":"Jaw Worm","floor":1,"turns":3},{"damage":1,"enemies":"Cultist","floor":3,"turns":3},{"damage":0,"enemies":"Small Slimes","floor":4,"turns":2},{"damage":5,"enemies":"2 Fungi Beasts","floor":5,"turns":2},{"damage":20,"enemies":"Gremlin Nob","floor":6,"turns":3},{"damage":10,"enemies":"Exordium Thugs","floor":8,"turns":4},{"damage":5,"enemies":"Exordium Wildlife","floor":10,"turns":4},{"damage":6,"enemies":"2 Fungi Beasts","floor":11,"turns":2},{"damage":13,"enemies":"Blue Slaver","floor":12,"turns":3},{"damage":2,"enemies":"Large Slime","floor":14,"turns":4},{"damage":38,"enemies":"Hexaghost","floor":16,"turns":9},{"damage":4,"enemies":"Spheric Guardian","floor":18,"turns":3},{"damage":0,"enemies":"3 Byrds","floor":22,"turns":2},{"damage":38,"enemies":"Shelled Parasite and Fungi","floor":23,"turns":5},{"damage":18,"enemies":"Centurion and Healer","floor":24,"turns":4},{"damage":0,"enemies":"Snake Plant","floor":28,"turns":4},{"damage":0,"enemies":"3 Cultists","floor":31,"turns":2},{"damage":41,"enemies":"Automaton","floor":33,"turns":8},{"damage":16,"enemies":"3 Shapes","floor":35,"turns":2},{"damage":2,"enemies":"Orb Walker","floor":37,"turns":3},{"damage":16,"enemies":"Jaw Worm Horde","floor":41,"turns":4},{"damage":21,"enemies":"3 Darklings","floor":42,"turns":3},{"damage":0,"enemies":"Sphere and 2 Shapes","floor":45,"turns":3},{"damage":20,"enemies":"Maw","floor":48,"turns":8},{"damage":86,"enemies":"Time Eater","floor":50,"turns":10}],"seed_played":"-5706855469409872663","potions_obtained":[{"floor":1,"key":"SpeedPotion"},{"floor":3,"key":"PowerPotion"},{"floor":11,"key":"SkillPotion"},{"floor":12,"key":"PotionOfCapacity"},{"floor":14,"key":"Block Potion"},{"floor":22,"key":"Weak Potion"},{"floor":28,"key":"Explosive Potion"},{"floor":31,"key":"Ancient Potion"},{"floor":37,"key":"BlessingOfTheForge"},{"floor":42,"key":"AttackPotion"}],"is_trial":false,"path_per_floor":["M","?","M","M","M","E","R","M","T","M","M","M","?","M","R","B",null,"M","$","?","T","M","M","M","?","T","?","M","T","$","M","R","B",null,"M","?","M","?","?","R","M","M","T","?","M","$","R","M","R","B"],"character_chosen":"DEFECT","items_purchased":["Bottled Tornado","Streamline"],"campfire_rested":6,"item_purchase_floors":[19,19],"current_hp_per_floor":[74,67,66,66,61,41,63,53,53,48,42,41,41,39,61,35,75,71,71,71,71,71,45,39,25,25,13,25,25,25,37,61,32,80,64,64,62,62,54,78,62,41,41,41,41,41,65,45,69,0,0],"gold":0,"neow_bonus":"THREE_RARE_CARDS","is_daily":false,"chose_seed":false,"campfire_upgraded":0,"win_rate":0.0,"timestamp":1612217550,"path_taken":["M","?","M","?","M","E","R","M","T","M","M","M","?","M","R","BOSS","M","$","?","?","?","M","M","?","T","?","?","?","$","M","R","BOSS","M","?","M","?","?","R","M","?","T","?","M","?","R","M","R","BOSS"],"items_purchased_type":["Relic","Card"],"build_version":"2020-12-13","purchased_purges":0,"victory":false,"max_hp_per_floor":[75,75,75,75,75,75,75,75,75,75,75,75,75,75,75,75,75,75,75,75,75,75,75,75,80,80,80,80,80,80,80,80,80,80,80,80,80,80,80,80,80,80,80,80,80,80,80,80,80,80,80],"card_choices":[{"not_picked":["Multi-Cast","Fission"],"picked":"Electrodynamics","floor":0},{"not_picked":["Heatsinks","Reprogram"],"picked":"Ball Lightning","floor":1},{"not_picked":["Coolheaded","Hologram"],"picked":"Stack","floor":3},{"not_picked":["Redo","Chill"],"picked":"Static Discharge","floor":4},{"not_picked":["Barrage","Streamline"],"picked":"Conserve Battery","floor":5},{"not_picked":["Coolheaded","Turbo"],"picked":"Rebound","floor":6},{"not_picked":["Gash","Skim"],"picked":"Beam Cell","floor":8},{"not_picked":["Coolheaded","Cold Snap"],"picked":"Go for the Eyes","floor":10},{"not_picked":["Rebound","Stack"],"picked":"Doom and Gloom","floor":11},{"not_picked":["Static Discharge","White Noise"],"picked":"Melter","floor":12},{"not_picked":["Go for the Eyes","Turbo"],"picked":"Capacitor","floor":14},{"not_picked":["Amplify","Hyperbeam"],"picked":"Echo Form","floor":16},{"not_picked":["Steam","Hologram"],"picked":"Genetic Algorithm+1","floor":18},{"not_picked":["Chaos+1","Go for the Eyes+1"],"picked":"Conserve Battery","floor":22},{"not_picked":["Ball Lightning","Redo"],"picked":"Hello World+1","floor":23},{"not_picked":["Stack","Darkness"],"picked":"Redo","floor":24},{"not_picked":["Sweeping Beam+1","Beam Cell+1"],"picked":"Ball Lightning+1","floor":28},{"not_picked":["Hologram+1","Sweeping Beam"],"picked":"Lockon","floor":31},{"not_picked":["Core Surge","Electrodynamics+1"],"picked":"Machine Learning+1","floor":33},{"not_picked":["Conserve Battery","Stack+1"],"picked":"Ball Lightning+1","floor":35},{"not_picked":["Steam Power","Genetic Algorithm"],"picked":"Leap+1","floor":37},{"not_picked":["Reprogram","Force Field+1"],"picked":"Lockon","floor":41},{"not_picked":["Compile Driver","Melter"],"picked":"Hello World+1","floor":42},{"not_picked":["Gash","Turbo+1"],"picked":"Glacier+1","floor":45},{"not_picked":["Sweeping Beam","Self Repair+1"],"picked":"Go for the Eyes+1","floor":48}],"player_experience":72007,"relics_obtained":[{"floor":6,"key":"Meat on the Bone"},{"floor":9,"key":"Oddly Smooth Stone"},{"floor":21,"key":"Frozen Egg 2"},{"floor":26,"key":"Lantern"},{"floor":29,"key":"PreservedInsect"},{"floor":43,"key":"Old Coin"}],"event_choices":[{"damage_healed":0,"gold_gain":0,"player_choice":"Damaged","damage_taken":7,"max_hp_gain":0,"max_hp_loss":0,"event_name":"Wheel of Change","floor":2,"gold_loss":0},{"damage_healed":0,"gold_gain":0,"player_choice":"Grow","damage_taken":0,"max_hp_gain":0,"max_hp_loss":0,"event_name":"Living Wall","floor":13,"gold_loss":0,"cards_upgraded":["Stack"]},{"damage_healed":0,"gold_gain":0,"player_choice":"Stole Relic","damage_taken":0,"relics_obtained":["War Paint"],"max_hp_gain":0,"max_hp_loss":0,"event_name":"Addict","floor":20,"gold_loss":0,"cards_obtained":["Shame"]},{"damage_healed":0,"gold_gain":0,"player_choice":"Shed Blood","damage_taken":19,"max_hp_gain":5,"max_hp_loss":0,"event_name":"Forgotten Altar","floor":25,"gold_loss":0},{"damage_healed":0,"gold_gain":0,"player_choice":"CARD ","damage_taken":12,"max_hp_gain":0,"max_hp_loss":0,"event_name":"Knowing Skull","floor":27,"potions_obtained":[],"gold_loss":0,"cards_obtained":["Finesse"]},{"cards_removed":["Ball Lightning"],"damage_healed":0,"gold_gain":0,"player_choice":"Removed Attack","damage_taken":0,"max_hp_gain":0,"max_hp_loss":0,"event_name":"Falling","floor":36,"gold_loss":0},{"damage_healed":0,"gold_gain":0,"player_choice":"Paid","damage_taken":0,"relics_obtained":["Red Mask"],"max_hp_gain":0,"max_hp_loss":0,"event_name":"Tomb of Lord Red Mask","floor":38,"gold_loss":13},{"damage_healed":0,"gold_gain":0,"player_choice":"Damaged","damage_taken":8,"max_hp_gain":0,"max_hp_loss":0,"event_name":"Wheel of Change","floor":39,"gold_loss":0},{"damage_healed":0,"gold_gain":0,"player_choice":"Ignored","damage_taken":0,"max_hp_gain":0,"max_hp_loss":0,"event_name":"Mysterious Sphere","floor":44,"gold_loss":0}],"is_beta":false,"boss_relics":[{"not_picked":["Philosopher\u0027s Stone","FrozenCore"],"picked":"Ectoplasm"},{"not_picked":["Inserter","Fusion Hammer"],"picked":"Empty Cage"}],"items_purged_floors":[],"is_endless":false,"potions_floor_spawned":[1,3,11,12,14,22,28,31,37,42,45],"killed_by":"Time Eater","ascension_level":0}}