{"host":"gbsupkmj5cka9iw4","time":1612169909,"event":{"mods":["BaseMod","Better Note","BetterRewards","Minty Spire (QoL Compilation)","Say the Spire","Shop Mod","StSLib"],"gold_per_floor":[17,17,34,34,34,62,62,96,123,155,155,30,30,45,45,141,141,156,206,225,250,100,144,144,144],"floor_reached":24,"language":"ENG","playtime":1321,"items_purged":["Strike_R","Strike_R","Injury","Strike_R"],"score":764,"play_id":"8e913997-4a0f-447e-84c9-b6b258f77198","local_time":"20210201175829","is_ascension_mode":true,"campfire_choices":[{"data":"True Grit","floor":13.0,"key":"SMITH"},{"data":"Uppercut","floor":15.0,"key":"SMITH"}],"circlet_count":0,"master_deck":["AscendersBane","Strike_R","Defend_R","Defend_R","Defend_R","Bash","Battle Trance","Uppercut+1","Burning Pact","Reckless Charge","Disarm","Wild Strike","Shrug It Off","True Grit+1","Carnage","Carnage","Offering","Thunderclap","True Grit","Evolve","Shockwave+1","Cleave"],"relics":["Burning Blood","FossilizedHelix","White Beast Statue","Pen Nib","Anchor","Prayer Wheel","Ancient Tea Set","Gambling Chip","Golden Idol","Philosopher\u0027s Stone","Darkstone Periapt"],"acts_visited":["Exordium","TheCity"],"potions_floor_usage":[21,23],"damage_taken":[{"damage":0.0,"enemies":"Jaw Worm","floor":1.0,"turns":4.0},{"damage":0.0,"enemies":"Cultist","floor":3.0,"turns":3.0},{"damage":0.0,"enemies":"Gremlin Nob","floor":6.0,"turns":3.0},{"damage":6.0,"enemies":"3 Sentries","floor":8.0,"turns":7.0},{"damage":0.0,"enemies":"Gremlin Nob","floor":10.0,"turns":3.0},{"damage":0.0,"enemies":"2 Louse","floor":14.0,"turns":2.0},{"damage":5.0,"enemies":"Slime Boss","floor":16.0,"turns":8.0},{"damage":0.0,"enemies":"Chosen","floor":18.0,"turns":2.0},{"damage":26,"enemies":"3 Byrds","floor":20,"turns":5},{"damage":4,"enemies":"Sentry and Sphere","floor":21,"turns":3},{"damage":63,"enemies":"Gremlin Leader","floor":23,"turns":6},{"damage":17,"enemies":"Cultist and Chosen","floor":24,"turns":5}],"seed_played":"-7367486529738658215","potions_obtained":[{"floor":1.0,"key":"Explosive Potion"},{"floor":3.0,"key":"BlessingOfTheForge"},{"floor":6.0,"key":"Weak Potion"},{"floor":8.0,"key":"Regen Potion"},{"floor":10.0,"key":"LiquidMemories"},{"floor":14.0,"key":"Fire Potion"},{"floor":16.0,"key":"Swift Potion"},{"floor":20,"key":"BloodPotion"},{"floor":21,"key":"SkillPotion"},{"floor":23,"key":"Block Potion"}],"is_trial":false,"path_per_floor":["M","?","M","?","?","E","?","E","T","E","?","$","R","M","R","B",null,"M","?","M","M","$","E","M"],"character_chosen":"IRONCLAD","items_purchased":["FossilizedHelix","Battle Trance","Uppercut","Burning Pact","White Beast Statue","Reckless Charge","Disarm"],"campfire_rested":0,"item_purchase_floors":[0,0,0,0,0,0,0],"current_hp_per_floor":[42,42,48,43,36,42,42,42,42,57,57,57,57,63,63,64,72,75,75,55,72,72,15,0,0],"gold":144,"neow_bonus":"","is_daily":false,"chose_seed":false,"campfire_upgraded":2,"win_rate":0.0,"timestamp":1612169909,"path_taken":["M","?","?","?","?","E","?","E","T","E","?","$","R","M","R","BOSS","M","?","?","M","$","E","M"],"items_purchased_type":["Relic","Card","Card","Card","Relic","Card","Card"],"build_version":"2020-12-22","purchased_purges":4,"victory":false,"max_hp_per_floor":[75,75,75,75,75,75,75,75,75,75,75,75,75,75,75,75,75,75,75,75,75,75,75,75,75],"card_choices":[{"not_picked":["Rage","Headbutt"],"picked":"Wild Strike","floor":1.0},{"not_picked":["Uppercut","Havoc"],"picked":"Shrug It Off","floor":3.0},{"not_picked":["Body Slam","Clothesline"],"picked":"True Grit","floor":6.0},{"not_picked":["Flex","Heavy Blade"],"picked":"Carnage","floor":8.0},{"not_picked":["Rupture","Twin Strike","Perfected Strike"],"picked":"SKIP","floor":10.0},{"not_picked":["Rampage","Cleave"],"picked":"Carnage","floor":14.0},{"not_picked":["Armaments","Uppercut","Body Slam"],"picked":"SKIP","floor":14.0},{"not_picked":["Demon Form","Barricade"],"picked":"Offering","floor":16.0},{"not_picked":["Battle Trance","Wild Strike"],"picked":"Thunderclap","floor":18.0},{"not_picked":["Armaments","Rampage","Sword Boomerang"],"picked":"SKIP","floor":18.0},{"not_picked":["Dark Embrace","Sword Boomerang"],"picked":"True Grit","floor":20},{"not_picked":["Havoc","Heavy Blade","Headbutt"],"picked":"SKIP","floor":20},{"not_picked":["Armaments","Spot Weakness"],"picked":"Evolve","floor":21},{"not_picked":["Clothesline","Dual Wield"],"picked":"Shockwave+1","floor":21},{"not_picked":["Ghostly Armor","Pummel"],"picked":"Cleave","floor":23}],"player_experience":820491,"relics_obtained":[{"floor":6.0,"key":"Anchor"},{"floor":8.0,"key":"Prayer Wheel"},{"floor":9.0,"key":"Ancient Tea Set"},{"floor":10.0,"key":"Gambling Chip"},{"floor":23,"key":"Darkstone Periapt"}],"event_choices":[{"cards_removed":["Strike_R"],"damage_healed":0.0,"max_hp_gain":0.0,"max_hp_loss":0.0,"gold_gain":0.0,"event_name":"Purifier","player_choice":"Purged","floor":2.0,"gold_loss":0.0,"damage_taken":0.0},{"damage_healed":0.0,"max_hp_gain":0.0,"max_hp_loss":0.0,"gold_gain":0.0,"event_name":"Scrap Ooze","player_choice":"Success","floor":4.0,"gold_loss":0.0,"damage_taken":5.0,"relics_obtained":["Pen Nib"]},{"cards_removed":["Defend_R"],"damage_healed":0.0,"max_hp_gain":0.0,"max_hp_loss":0.0,"gold_gain":0.0,"event_name":"Golden Wing","player_choice":"Card Removal","floor":5.0,"gold_loss":0.0,"damage_taken":7.0},{"damage_healed":0.0,"max_hp_gain":0.0,"max_hp_loss":0.0,"gold_gain":0.0,"event_name":"Shining Light","player_choice":"Ignored","floor":7.0,"gold_loss":0.0,"damage_taken":0.0},{"damage_healed":0.0,"max_hp_gain":0.0,"max_hp_loss":0.0,"gold_gain":0.0,"event_name":"Golden Idol","player_choice":"Take Wound","floor":11.0,"gold_loss":0.0,"damage_taken":0.0,"relics_obtained":["Golden Idol"],"cards_obtained":["Injury"]},{"damage_healed":0.0,"max_hp_gain":0.0,"max_hp_loss":0.0,"gold_gain":100.0,"event_name":"The Joust","player_choice":"Bet on Murderer","floor":19.0,"gold_loss":50.0,"damage_taken":0.0}],"is_beta":false,"boss_relics":[{"not_picked":["Tiny House","SacredBark"],"picked":"Philosopher\u0027s Stone"}],"items_purged_floors":[0,0,12,22],"is_endless":false,"potions_floor_spawned":[1,3,6,8,10,14,16,18,20,21,23],"killed_by":"Cultist and Chosen","ascension_level":20}}