{"host":"wuernuywc9gl215o","time":1612191933,"event":{"mods":["AchievementEnabler","BaseMod","Block Reminder","Key Reminder","Minty Spire (QoL Compilation)","Permanent Neow","Potion Indicator Mod","Quick Restart","Relic Stats"],"gold_per_floor":[117,129,139,155,169,194,194,194,217,217,217,228,228,245,245,341,341,360,360,275,275,285,318,318,329,329,340,340,358,358,371,371,371,371],"floor_reached":33,"language":"ENG","playtime":2766,"items_purged":[],"score":407,"play_id":"277d1ec9-897f-4c1d-a08b-e2cb246f7169","local_time":"20210201150533","is_ascension_mode":true,"campfire_choices":[{"data":"Masterful Stab","floor":8.0,"key":"SMITH"},{"data":"Night Terror","floor":10.0,"key":"SMITH"},{"floor":13.0,"key":"REST"},{"data":"Footwork","floor":15.0,"key":"SMITH"},{"floor":24.0,"key":"REST"},{"floor":28.0,"key":"REST"},{"data":"Tools of the Trade","floor":30,"key":"SMITH"},{"floor":32,"key":"REST"}],"circlet_count":0,"master_deck":["AscendersBane","Strike_G","Strike_G","Strike_G","Defend_G","Defend_G","Defend_G","Defend_G","Defend_G","Survivor","Neutralize","Night Terror+1","Masterful Stab+1","Crippling Poison","Footwork+1","Infinite Blades","Flying Knee","Predator","Slice","Dodge and Roll","Footwork","Tools of the Trade+1","Underhanded Strike","Writhe","Escape Plan+1","Tactician","Tactician","Backflip+1","Crippling Poison","PiercingWail+1","Underhanded Strike"],"relics":["Ring of the Snake","CaptainsWheel","Bag of Marbles","Toy Ornithopter","SlaversCollar","Smiling Mask","Dream Catcher","Art of War","Pear"],"acts_visited":["Exordium","TheCity"],"potions_floor_usage":[33],"damage_taken":[{"damage":0.0,"enemies":"Small Slimes","floor":1.0,"turns":3.0},{"damage":0.0,"enemies":"Jaw Worm","floor":2.0,"turns":5.0},{"damage":0.0,"enemies":"Cultist","floor":3.0,"turns":3.0},{"damage":8.0,"enemies":"2 Fungi Beasts","floor":4.0,"turns":4.0},{"damage":0.0,"enemies":"Blue Slaver","floor":5.0,"turns":6.0},{"damage":17.0,"enemies":"Lagavulin","floor":6.0,"turns":7.0},{"damage":4.0,"enemies":"Red Slaver","floor":12.0,"turns":6.0},{"damage":0.0,"enemies":"2 Fungi Beasts","floor":14.0,"turns":3.0},{"damage":11.0,"enemies":"Slime Boss","floor":16.0,"turns":12.0},{"damage":10.0,"enemies":"Spheric Guardian","floor":18.0,"turns":8.0},{"damage":7.0,"enemies":"Shell Parasite","floor":22.0,"turns":7.0},{"damage":54.0,"enemies":"Book of Stabbing","floor":23.0,"turns":8.0},{"damage":11.0,"enemies":"Snake Plant","floor":25.0,"turns":5.0},{"damage":11.0,"enemies":"Centurion and Healer","floor":27.0,"turns":8.0},{"damage":5,"enemies":"Snecko","floor":29,"turns":8},{"damage":37,"enemies":"Snake Plant","floor":31,"turns":7},{"damage":58,"enemies":"Champ","floor":33,"turns":25}],"seed_played":"-7798710834759632799","potions_obtained":[{"floor":1.0,"key":"GamblersBrew"},{"floor":3.0,"key":"Poison Potion"},{"floor":4.0,"key":"Ancient Potion"},{"floor":5.0,"key":"Block Potion"},{"floor":14.0,"key":"LiquidBronze"},{"floor":18.0,"key":"SkillPotion"},{"floor":21.0,"key":"ColorlessPotion"},{"floor":23.0,"key":"Fire Potion"},{"floor":25.0,"key":"DistilledChaos"},{"floor":31,"key":"GhostInAJar"}],"is_trial":false,"path_per_floor":["M","M","M","M","M","E","?","R","T","R","?","M","R","M","R","B",null,"M","?","?","?","M","E","R","M","T","M","R","M","R","M","R","B"],"character_chosen":"THE_SILENT","items_purchased":[],"campfire_rested":4,"item_purchase_floors":[],"current_hp_per_floor":[63,63,63,55,55,38,43,43,43,43,43,39,59,59,59,53,64,54,54,54,54,57,8,28,22,32,26,49,44,44,7,30,0,0],"gold":371,"neow_bonus":"TRANSFORM_TWO_CARDS","is_daily":false,"chose_seed":false,"campfire_upgraded":4,"win_rate":0.0,"timestamp":1612191933,"path_taken":["M","M","M","M","M","E","?","R","T","R","?","M","R","M","R","BOSS","M","?","?","?","M","E","R","M","T","?","R","M","R","M","R","BOSS"],"items_purchased_type":[],"build_version":"2020-12-22","purchased_purges":0,"victory":false,"max_hp_per_floor":[63,63,63,63,63,63,68,68,68,68,68,68,68,68,68,68,68,68,68,68,68,68,68,68,68,78,78,78,78,78,78,78,78,78],"relic_stats":{"Dream Catcher":3,"counters":[17,125],"Art of War":[3],"Smiling Mask":0,"obtain_stats":[{"SlaversCollar":17,"CaptainsWheel":6,"Dream Catcher":20,"Pear":26,"Bag of Marbles":9,"Art of War":23,"Smiling Mask":19,"Toy Ornithopter":11,"Ring of the Snake":0},{"SlaversCollar":9,"CaptainsWheel":6,"Dream Catcher":10,"Pear":13,"Bag of Marbles":6,"Art of War":12,"Smiling Mask":10,"Toy Ornithopter":6,"Ring of the Snake":0},{"SlaversCollar":49,"CaptainsWheel":28,"Dream Catcher":57,"Pear":77,"Bag of Marbles":28,"Art of War":72,"Smiling Mask":57,"Toy Ornithopter":28,"Ring of the Snake":0}],"Toy Ornithopter":35,"Ring of the Snake":[34]},"card_choices":[{"not_picked":["Escape Plan","Heel Hook"],"picked":"Crippling Poison","floor":1.0},{"not_picked":["Outmaneuver","Backstab"],"picked":"Footwork","floor":2.0},{"not_picked":["Tactician","Endless Agony"],"picked":"Infinite Blades","floor":3.0},{"not_picked":["Choke","Eviscerate"],"picked":"Flying Knee","floor":4.0},{"not_picked":["Prepared","Poisoned Stab"],"picked":"Predator","floor":5.0},{"not_picked":["Acrobatics","PiercingWail"],"picked":"Slice","floor":6.0},{"not_picked":["Grand Finale","PiercingWail"],"picked":"Dodge and Roll","floor":12.0},{"not_picked":["Tactician","Deflect"],"picked":"Footwork","floor":14.0},{"not_picked":["Unload","Venomology"],"picked":"Tools of the Trade","floor":16.0},{"not_picked":["Cloak And Dagger","Prepared"],"picked":"Underhanded Strike","floor":18.0},{"not_picked":["Flying Knee+1","Setup"],"picked":"Escape Plan+1","floor":22.0},{"not_picked":["Dodge and Roll","Dagger Throw+1"],"picked":"Tactician","floor":23.0},{"not_picked":["Finisher","Blade Dance"],"picked":"Tactician","floor":25.0},{"not_picked":["Accuracy","Tactician+1"],"picked":"Backflip+1","floor":27.0},{"not_picked":["Dagger Spray","Sucker Punch"],"picked":"Crippling Poison","floor":28.0},{"not_picked":["Outmaneuver","Backflip"],"picked":"PiercingWail+1","floor":29},{"not_picked":["Dagger Throw","Outmaneuver","Glass Knife"],"picked":"SKIP","floor":31},{"not_picked":["Dagger Spray","Escape Plan+1"],"picked":"Underhanded Strike","floor":32}],"player_experience":747287,"relics_obtained":[{"floor":6.0,"key":"CaptainsWheel"},{"floor":9.0,"key":"Bag of Marbles"},{"floor":11.0,"key":"Toy Ornithopter"},{"floor":23.0,"key":"Art of War"},{"floor":26.0,"key":"Pear"}],"event_choices":[{"damage_healed":0.0,"max_hp_gain":5.0,"max_hp_loss":0.0,"gold_gain":0.0,"event_name":"Big Fish","player_choice":"Donut","floor":7.0,"gold_loss":0.0,"damage_taken":0.0},{"damage_healed":0.0,"max_hp_gain":0.0,"max_hp_loss":0.0,"gold_gain":0.0,"event_name":"Wheel of Change","player_choice":"Relic","floor":11.0,"gold_loss":0.0,"damage_taken":0.0},{"damage_healed":0.0,"max_hp_gain":0.0,"max_hp_loss":0.0,"gold_gain":0.0,"event_name":"The Mausoleum","player_choice":"Opened","floor":19.0,"gold_loss":0.0,"damage_taken":0.0,"relics_obtained":["Smiling Mask"],"cards_obtained":["Writhe"]},{"damage_healed":0.0,"max_hp_gain":0.0,"max_hp_loss":0.0,"gold_gain":0.0,"event_name":"Addict","player_choice":"Obtained Relic","floor":20.0,"gold_loss":85.0,"damage_taken":0.0,"relics_obtained":["Dream Catcher"]},{"damage_healed":0.0,"max_hp_gain":0.0,"max_hp_loss":0.0,"gold_gain":0.0,"event_name":"Lab","player_choice":"Got Potions","floor":21.0,"gold_loss":0.0,"damage_taken":0.0}],"is_beta":false,"boss_relics":[{"not_picked":["Coffee Dripper","Pandora\u0027s Box"],"picked":"SlaversCollar"}],"items_purged_floors":[],"is_endless":false,"potions_floor_spawned":[1,3,4,5,14,18,23,25,31],"killed_by":"Champ","ascension_level":10}}