{"host":"cl1s3zys3en63gtn","time":1612182610,"event":{"mods":["AchievementEnabler","BaseMod","Block Reminder","Colored Map","Colored Powertips","DeckTracker","Highlight Path","HololiveMod","Minty Spire (QoL Compilation)","Quick Restart","Rare Cards Sparkle","Relic Stats","StSLib","Synergy Search"],"gold_per_floor":[95,45,45,62,62,62,62,65,65],"floor_reached":8,"language":"ENG","playtime":196,"items_purged":[],"score":46,"play_id":"0ab5678e-8948-4f0e-9e42-46d28a8cbf66","local_time":"20210201043010","is_ascension_mode":true,"campfire_choices":[{"data":"Hololive_CallNakiriAyame","floor":6,"key":"SMITH"}],"circlet_count":0,"master_deck":["Hololive_Strike","Hololive_Defend","Hololive_Rebound","Hololive_CallNakiriAyame+1","Hololive_CallArtia","Hololive_CallSakuraMiko","Hololive_CallAZKi","Hololive_CallMinatoAqua","Hololive_CallShishiroBotan"],"relics":["Hololive_TheStar","Golden Idol"],"acts_visited":["Exordium"],"potions_floor_usage":[],"damage_taken":[{"damage":0,"enemies":"Jaw Worm","floor":1,"turns":4},{"damage":0,"enemies":"Small Slimes","floor":4,"turns":5},{"damage":9,"enemies":"3 Sentries","floor":8,"turns":3}],"seed_played":"-2808000556625497092","potions_obtained":[],"is_trial":false,"path_per_floor":["M","?","?","M","?","R","?","E"],"character_chosen":"Hololive_HololiveCharacter","items_purchased":[],"campfire_rested":0,"item_purchase_floors":[],"current_hp_per_floor":[38,38,43,43,33,33,26,17,17],"gold":65,"neow_bonus":"TEN_PERCENT_HP_BONUS","is_daily":false,"chose_seed":false,"campfire_upgraded":1,"win_rate":0.0,"timestamp":1612182610,"path_taken":["M","?","?","M","?","R","?","E"],"items_purchased_type":[],"build_version":"2020-12-22","purchased_purges":0,"victory":false,"max_hp_per_floor":[38,38,43,43,43,43,43,43,43],"relic_stats":{"counters":[3,12],"Golden Idol":0,"obtain_stats":[{"Golden Idol":5,"Hololive_TheStar":0},{"Golden Idol":2,"Hololive_TheStar":0},{"Golden Idol":9,"Hololive_TheStar":0}]},"card_choices":[{"not_picked":["Hololive_FlyingPonyTail","Hololive_StrengthChampion","Hololive_Breathe","Hololive_Psychosis"],"picked":"SKIP","floor":1},{"not_picked":["Hololive_BringToTrial","Hololive_CallAmaneKanata","Hololive_Yoholoon"],"picked":"Hololive_CallShishiroBotan","floor":4}],"player_experience":211434,"relics_obtained":[],"event_choices":[{"cards_removed":["Hololive_Defend"],"damage_healed":0,"gold_gain":0,"player_choice":"Card Removal","damage_taken":0,"max_hp_gain":0,"max_hp_loss":0,"event_name":"The Cleric","floor":2,"gold_loss":50},{"damage_healed":0,"gold_gain":0,"player_choice":"Donut","damage_taken":0,"max_hp_gain":5,"max_hp_loss":0,"event_name":"Big Fish","floor":3,"gold_loss":0},{"damage_healed":0,"gold_gain":0,"player_choice":"Take Damage","damage_taken":10,"relics_obtained":["Golden Idol"],"max_hp_gain":0,"max_hp_loss":0,"event_name":"Golden Idol","floor":5,"gold_loss":0},{"cards_removed":["Hololive_Strike"],"damage_healed":0,"gold_gain":0,"player_choice":"Card Removal","damage_taken":7,"max_hp_gain":0,"max_hp_loss":0,"event_name":"Golden Wing","floor":7,"gold_loss":0}],"is_beta":false,"boss_relics":[],"items_purged_floors":[],"is_endless":false,"potions_floor_spawned":[],"killed_by":"3 Sentries","ascension_level":1}}