{"host":"8962ghaoa8fyttvy","time":1612171921,"event":{"mods":["2.2 Compatiblity","AchievementEnabler","BaseMod","Bestiary","Colored Map","Colored Powertips","Curses Come First","Highlight Path","Keyboard Shortcuts","Minty Spire (QoL Compilation)","Relic Stats","Slay the Relics Exporter","StSLib","SuperFastMode"],"gold_per_floor":[117,67,77,77,77,105,105,130,130,147,157,157,232,251,251,354,354,370,370,370],"floor_reached":19,"language":"ENG","playtime":717,"items_purged":[],"score":177,"play_id":"5ef7c781-4702-4ed4-9e4c-792dfd11f02d","local_time":"20210201043201","is_ascension_mode":false,"campfire_choices":[{"data":"Iron Wave","floor":7,"key":"SMITH"},{"data":"Armaments","floor":15,"key":"SMITH"}],"circlet_count":0,"master_deck":["Strike_R","Strike_R","Strike_R","Strike_R","Defend_R","Defend_R","Defend_R","Bash","Iron Wave+1","Inflame","Clash","Thunderclap","Armaments+1","Dropkick","Thunderclap","CurseOfTheBell","Shockwave"],"relics":["Burning Blood","Sundial","Letter Opener","White Beast Statue","Calling Bell","Blood Vial","Eternal Feather","StoneCalendar"],"acts_visited":["Exordium","TheCity"],"potions_floor_usage":[6,14,14,16,16,19],"damage_taken":[{"damage":10,"enemies":"Cultist","floor":1,"turns":4},{"damage":0,"enemies":"Small Slimes","floor":3,"turns":4},{"damage":39,"enemies":"3 Sentries","floor":6,"turns":8},{"damage":21,"enemies":"Gremlin Nob","floor":8,"turns":4},{"damage":0,"enemies":"2 Louse","floor":10,"turns":3},{"damage":9,"enemies":"Exordium Thugs","floor":11,"turns":3},{"damage":11,"enemies":"3 Louse","floor":14,"turns":2},{"damage":33,"enemies":"The Guardian","floor":16,"turns":9},{"damage":29,"enemies":"2 Thieves","floor":18,"turns":5},{"damage":62,"enemies":"Masked Bandits","floor":19,"turns":5}],"seed_played":"5235546295622709198","potions_obtained":[{"floor":3,"key":"SneckoOil"},{"floor":5,"key":"Explosive Potion"},{"floor":5,"key":"GamblersBrew"},{"floor":6,"key":"Strength Potion"},{"floor":10,"key":"HeartOfIron"},{"floor":14,"key":"BloodPotion"},{"floor":16,"key":"AttackPotion"},{"floor":18,"key":"ElixirPotion"}],"is_trial":false,"path_per_floor":["M","?","M","?","?","E","R","E","T","M","M","?","?","M","R","B",null,"M","?"],"character_chosen":"IRONCLAD","items_purchased":[],"campfire_rested":0,"item_purchase_floors":[],"current_hp_per_floor":[76,76,80,80,80,47,47,32,32,38,35,35,24,35,35,8,80,57,0,0],"gold":370,"neow_bonus":"TRANSFORM_CARD","is_daily":false,"chose_seed":false,"campfire_upgraded":2,"win_rate":0.0,"timestamp":1612171921,"path_taken":["M","?","M","?","?","E","R","E","T","?","M","?","?","M","R","BOSS","M","?"],"items_purchased_type":[],"build_version":"2020-12-22","purchased_purges":0,"victory":false,"max_hp_per_floor":[80,80,80,80,80,80,80,80,80,80,80,80,80,80,80,80,80,80,80,80],"relic_stats":{"Blood Vial":2,"counters":[10,47],"Sundial":[6],"Eternal Feather":0,"StoneCalendar":[0],"Letter Opener":[20],"obtain_stats":[{"Calling Bell":17,"Blood Vial":17,"Sundial":6,"Eternal Feather":17,"StoneCalendar":17,"Letter Opener":8,"Burning Blood":0,"White Beast Statue":9},{"Calling Bell":8,"Blood Vial":8,"Sundial":3,"Eternal Feather":8,"StoneCalendar":8,"Letter Opener":4,"Burning Blood":0,"White Beast Statue":4},{"Calling Bell":37,"Blood Vial":37,"Sundial":16,"Eternal Feather":37,"StoneCalendar":37,"Letter Opener":20,"Burning Blood":0,"White Beast Statue":20}],"Burning Blood":52},"card_choices":[{"not_picked":["True Grit","Sword Boomerang"],"picked":"Iron Wave","floor":1},{"not_picked":["Combust","Body Slam"],"picked":"Inflame","floor":3},{"not_picked":["Body Slam","Berserk"],"picked":"Clash","floor":6},{"not_picked":["True Grit","Pummel"],"picked":"Thunderclap","floor":8},{"not_picked":["Spot Weakness","Twin Strike"],"picked":"Armaments","floor":10},{"not_picked":["Shrug It Off","Clothesline"],"picked":"Dropkick","floor":11},{"not_picked":["Pummel","Clash"],"picked":"Thunderclap","floor":14},{"not_picked":["True Grit","Warcry+1"],"picked":"Shockwave","floor":18}],"player_experience":9796,"relics_obtained":[{"floor":6,"key":"Sundial"},{"floor":8,"key":"Letter Opener"},{"floor":9,"key":"White Beast Statue"},{"floor":17,"key":"Blood Vial"},{"floor":17,"key":"Eternal Feather"},{"floor":17,"key":"StoneCalendar"}],"event_choices":[{"cards_removed":["Bloodletting"],"damage_healed":0,"gold_gain":0,"player_choice":"Card Removal","damage_taken":0,"max_hp_gain":0,"max_hp_loss":0,"event_name":"The Cleric","floor":2,"gold_loss":50},{"damage_healed":0,"gold_gain":0,"player_choice":"Ignored","damage_taken":0,"max_hp_gain":0,"max_hp_loss":0,"event_name":"Golden Wing","floor":4,"gold_loss":0},{"damage_healed":0,"gold_gain":0,"player_choice":"Got Potions","damage_taken":0,"max_hp_gain":0,"max_hp_loss":0,"event_name":"Lab","floor":5,"gold_loss":0},{"cards_removed":["Defend_R"],"damage_healed":0,"gold_gain":0,"player_choice":"Forget","damage_taken":0,"max_hp_gain":0,"max_hp_loss":0,"event_name":"Living Wall","floor":12,"gold_loss":0},{"damage_healed":0,"gold_gain":75,"player_choice":"Gather Gold","damage_taken":11,"max_hp_gain":0,"max_hp_loss":0,"event_name":"World of Goop","floor":13,"gold_loss":0},{"damage_healed":0,"gold_gain":0,"player_choice":"Fought Bandits","damage_taken":0,"max_hp_gain":0,"max_hp_loss":0,"event_name":"Masked Bandits","floor":19,"gold_loss":0}],"is_beta":false,"boss_relics":[{"not_picked":["SacredBark","Snecko Eye"],"picked":"Calling Bell"}],"items_purged_floors":[],"is_endless":false,"potions_floor_spawned":[3,6,10,11,14,16,18],"killed_by":"Masked Bandits","ascension_level":0}}