{"host":"gbsupkmj5cka9iw4","time":1612178164,"event":{"mods":["BaseMod","Better Note","BetterRewards","Minty Spire (QoL Compilation)","Say the Spire","Shop Mod","StSLib"],"gold_per_floor":[116,133,148,223,242,277,277,312,338,348,348,170,202,12,12,85,85,100,100,162,174,189,189,100,128,128,140,165,227,258,349,361,373,373],"floor_reached":33,"language":"ENG","playtime":1962,"items_purged":["Strike_P","Strike_P"],"score":870,"play_id":"bca2896c-3174-45d1-b788-507b246b4646","local_time":"20210201201604","is_ascension_mode":true,"campfire_choices":[{"floor":7.0,"key":"REST"},{"floor":11.0,"key":"REST"},{"data":"BattleHymn","floor":15.0,"key":"SMITH"},{"floor":23,"key":"REST"},{"data":"ForeignInfluence","floor":32,"key":"SMITH"}],"circlet_count":0,"master_deck":["AscendersBane","Strike_P","Strike_P","Defend_P","Defend_P","Defend_P","Defend_P","Eruption","Vigilance","CutThroughFate","ForeignInfluence+1","Prostrate","FearNoEvil","Tantrum","Wallop","EmptyFist","FlurryOfBlows","Worship","EmptyBody","FlurryOfBlows","ThirdEye","SandsOfTime","BattleHymn+1","TalkToTheHand","Prostrate","Ragnarok","MentalFortress","Wallop","Meditate","MentalFortress","Protect+1","Decay","Scrawl","BowlingBash","CrushJoints+1"],"relics":["PureWater","Sling","Question Card","Strange Spoon","MealTicket","Bronze Scales","Oddly Smooth Stone","Bag of Preparation","Cursed Key","SsserpentHead","Bag of Marbles","Bottled Lightning","MawBank","Red Mask"],"acts_visited":["Exordium","TheCity"],"potions_floor_usage":[22,28,33,33],"damage_taken":[{"damage":6.0,"enemies":"Small Slimes","floor":1.0,"turns":5.0},{"damage":0.0,"enemies":"2 Louse","floor":2.0,"turns":4.0},{"damage":1.0,"enemies":"Cultist","floor":3.0,"turns":3.0},{"damage":6.0,"enemies":"Looter","floor":5.0,"turns":3.0},{"damage":14.0,"enemies":"Lagavulin","floor":6.0,"turns":3.0},{"damage":7.0,"enemies":"3 Sentries","floor":8.0,"turns":8.0},{"damage":0.0,"enemies":"Blue Slaver","floor":10.0,"turns":2.0},{"damage":0.0,"enemies":"Gremlin Nob","floor":13.0,"turns":2.0},{"damage":18.0,"enemies":"Hexaghost","floor":16.0,"turns":8.0},{"damage":0.0,"enemies":"Chosen","floor":18.0,"turns":4.0},{"damage":8.0,"enemies":"3 Byrds","floor":20.0,"turns":4.0},{"damage":30.0,"enemies":"Cultist and Chosen","floor":21.0,"turns":6.0},{"damage":0,"enemies":"Snake Plant","floor":22,"turns":3},{"damage":13,"enemies":"Book of Stabbing","floor":25,"turns":4},{"damage":0,"enemies":"3 Cultists","floor":27,"turns":2},{"damage":0,"enemies":"Gremlin Leader","floor":28,"turns":4},{"damage":0,"enemies":"Chosen and Byrds","floor":30,"turns":3},{"damage":11,"enemies":"Masked Bandits","floor":31,"turns":4},{"damage":36,"enemies":"Collector","floor":33,"turns":5}],"seed_played":"-8051772864301646923","potions_obtained":[{"floor":3.0,"key":"Dexterity Potion"},{"floor":8.0,"key":"SteroidPotion"},{"floor":13.0,"key":"StancePotion"},{"floor":16.0,"key":"BlessingOfTheForge"},{"floor":27,"key":"SneckoOil"},{"floor":30,"key":"AttackPotion"},{"floor":31,"key":"Weak Potion"}],"is_trial":false,"path_per_floor":["M","M","M","?","M","E","R","E","T","M","R","$","E","$","R","B",null,"M","?","M","M","M","R","$","E","T","M","E","?","M","?","R","B"],"character_chosen":"WATCHER","items_purchased":["Sling","CutThroughFate","ForeignInfluence","Prostrate","Question Card","Strange Spoon","FlurryOfBlows","ThirdEye","BattleHymn","TalkToTheHand","Prostrate","MentalFortress"],"campfire_rested":3,"item_purchase_floors":[0,0,0,0,0,0,12,12,14,14,14,24],"current_hp_per_floor":[34,34,33,22,16,2,22,15,15,15,35,50,50,65,65,47,63,63,63,55,25,25,45,60,47,47,47,47,47,47,36,36,0,0],"gold":373,"neow_bonus":"","is_daily":false,"chose_seed":false,"campfire_upgraded":2,"win_rate":0.0,"timestamp":1612178164,"path_taken":["M","M","M","?","M","E","R","E","T","M","R","$","E","$","R","BOSS","M","?","?","M","M","R","$","E","T","M","E","?","M","?","R","BOSS"],"items_purchased_type":["Relic","Card","Card","Card","Relic","Relic","Card","Card","Card","Card","Card","Card"],"build_version":"2020-12-22","purchased_purges":2,"victory":false,"max_hp_per_floor":[68,68,68,68,68,68,68,68,68,68,68,68,68,68,68,68,68,68,68,68,68,68,68,68,68,68,68,68,68,68,68,68,68,68],"card_choices":[{"not_picked":["Sanctity","ClearTheMind","Collect"],"picked":"FearNoEvil","floor":1.0},{"not_picked":["Conclude","Halt","Study"],"picked":"Tantrum","floor":2.0},{"not_picked":["FlurryOfBlows","JustLucky","Consecrate"],"picked":"Wallop","floor":3.0},{"not_picked":["CarveReality","Crescendo","BowlingBash"],"picked":"EmptyFist","floor":5.0},{"not_picked":["Omniscience","ClearTheMind","Perseverance"],"picked":"FlurryOfBlows","floor":6.0},{"not_picked":["Consecrate","PathToVictory","Prostrate"],"picked":"Worship","floor":8.0},{"not_picked":["SignatureMove","WreathOfFlame","FlyingSleeves"],"picked":"EmptyBody","floor":10.0},{"not_picked":["EmptyBody","Adaptation","Perseverance"],"picked":"SandsOfTime","floor":13.0},{"not_picked":["Blasphemy","Scrawl","Omniscience"],"picked":"Ragnarok","floor":16.0},{"not_picked":["Prostrate+1","EmptyMind","Consecrate"],"picked":"MentalFortress","floor":18.0},{"not_picked":["ThirdEye","SignatureMove","FearNoEvil+1"],"picked":"Wallop","floor":20.0},{"not_picked":["Worship","EmptyBody","Evaluate","FlurryOfBlows"],"picked":"SKIP","floor":21.0},{"not_picked":["CarveReality+1","SashWhip","CrushJoints"],"picked":"Meditate","floor":22},{"not_picked":["Collect","ClearTheMind","SashWhip"],"picked":"Protect+1","floor":25},{"not_picked":["EmptyMind","Consecrate","Collect+1"],"picked":"Scrawl","floor":27},{"not_picked":["Perseverance","ForeignInfluence","BattleHymn+1","EmptyBody"],"picked":"SKIP","floor":28},{"not_picked":["BattleHymn","SashWhip","Swivel"],"picked":"CrushJoints+1","floor":30}],"player_experience":827778,"relics_obtained":[{"floor":6.0,"key":"MealTicket"},{"floor":8.0,"key":"Bronze Scales"},{"floor":9.0,"key":"Oddly Smooth Stone"},{"floor":13.0,"key":"Bag of Preparation"},{"floor":25,"key":"Bag of Marbles"},{"floor":26,"key":"Bottled Lightning"},{"floor":28,"key":"MawBank"},{"floor":31,"key":"Red Mask"}],"event_choices":[{"damage_healed":0.0,"max_hp_gain":0.0,"max_hp_loss":0.0,"gold_gain":75.0,"event_name":"World of Goop","player_choice":"Gather Gold","floor":4.0,"gold_loss":0.0,"damage_taken":11.0},{"damage_healed":0.0,"max_hp_gain":0.0,"max_hp_loss":0.0,"gold_gain":0.0,"event_name":"FaceTrader","player_choice":"Trade","floor":19.0,"gold_loss":0.0,"damage_taken":0.0,"relics_obtained":["SsserpentHead"]},{"damage_healed":0,"gold_gain":0,"player_choice":"Read","damage_taken":0,"max_hp_gain":0,"max_hp_loss":0,"event_name":"The Library","floor":29,"gold_loss":0,"cards_obtained":["BowlingBash"]},{"damage_healed":0,"gold_gain":0,"player_choice":"Fought Bandits","damage_taken":0,"max_hp_gain":0,"max_hp_loss":0,"event_name":"Masked Bandits","floor":31,"gold_loss":0}],"is_beta":false,"boss_relics":[{"not_picked":["Black Star","Coffee Dripper"],"picked":"Cursed Key"}],"items_purged_floors":[0,12],"is_endless":false,"potions_floor_spawned":[3,8,10,13,16,18,27,30,31],"killed_by":"Collector","ascension_level":17}}