{"host":"ucgrft0m53zzt06v","time":1612146820,"event":{"mods":["BaseMod","Colored Map","Colored Powertips","Conspire","HololiveMod","KinomotoSakuraMod(木之本樱)","Lobotomy","Minty Spire (QoL Compilation)","Quick Restart","Replay The Spire","Shop Mod","Spicy Shops","StSLib","Td1madao Mod","The Senshi","Waifu the Spire","WarShipGirlsR/战舰少女R mod","【遗物卡牌】REMEMod"],"gold_per_floor":[112,387,397,407,2,34,34,34,34,93,93,111,111,121,121,225,225,244,244,244],"floor_reached":19,"language":"ZHS","playtime":1364,"items_purged":["Regret"],"score":261,"play_id":"9b5b9c5b-f8f8-4e24-bd7a-5738e076f019","local_time":"20210201103340","is_ascension_mode":true,"campfire_choices":[{"data":"rmod:highspeedmaneuver","floor":8.0,"key":"SMITH"},{"data":"rmod:chargemoney","floor":11.0,"key":"SMITH"},{"data":"rmod:fuelsupply","floor":13.0,"key":"SMITH"},{"floor":15.0,"key":"DIG"}],"circlet_count":0,"master_deck":["rmod:strick","rmod:strick","rmod:strick","rmod:strick","rmod:defend+1","rmod:defend+1","rmod:defend+1","rmod:defend+1","rmod:basicallowance","rmod:maingunfire","Apotheosis+1","rmod:intelligenceanalysis","rmod:fuelsupply+1","rmod:unsinkable+1","rmod:highspeedmaneuver+1","ReplayTheSpireMod:Splinters","rmod:chargemoney+1","rmod:smokecover","rmod:acesubmarine","rmod:selfconfidence"],"relics":["rmod:firstchargereward","REME_ComplimentaryCards","conspire:Dentures","Replay:Bottled Eggs","Ring of Fangs","Ring of Panic","Sundial","Pet Ghost","conspire:BottledYoYo","Sozu"],"acts_visited":["Exordium","TheCity"],"potions_floor_usage":[],"damage_taken":[{"damage":0.0,"enemies":"Jaw Worm","floor":1.0,"turns":3.0},{"damage":2.0,"enemies":"Cultist","floor":3.0,"turns":2.0},{"damage":2.0,"enemies":"2 Louse","floor":4.0,"turns":2.0},{"damage":0.0,"enemies":"3 Sentries","floor":6.0,"turns":7.0},{"damage":0.0,"enemies":"Gremlin Nob","floor":10.0,"turns":4.0},{"damage":5.0,"enemies":"Looter","floor":12.0,"turns":4.0},{"damage":0.0,"enemies":"Exordium Wildlife","floor":14.0,"turns":3.0},{"damage":9.0,"enemies":"The Guardian","floor":16.0,"turns":18.0},{"damage":14.0,"enemies":"3 Byrds","floor":18.0,"turns":6.0},{"damage":0,"enemies":"conspire:FuzzyDice","floor":19,"turns":5}],"seed_played":"-7706996081653569709","potions_obtained":[{"floor":1.0,"key":"REME_GoldPotion"},{"floor":3.0,"key":"Elixir"},{"floor":6.0,"key":"Reflective Coating"},{"floor":12.0,"key":"Milkshake"}],"is_trial":false,"path_per_floor":["M","?","M","M","$","E","?","R","T","E","R","M","R","M","R_BF","B",null,"M","M"],"character_chosen":"PRAEFECT","items_purchased":["conspire:Dentures","rmod:unsinkable+1"],"campfire_rested":0,"item_purchase_floors":[5,5],"current_hp_per_floor":[75,75,73,71,71,71,71,71,71,71,71,66,66,66,66,57,75,61,61,61],"gold":244,"neow_bonus":"UPGRADE_CARD","is_daily":false,"chose_seed":false,"campfire_upgraded":3,"win_rate":0.0,"timestamp":1612146820,"path_taken":["M","?","M","?","$","E","?","R","T","E","R","M","R","M","R_BF","BOSS","M","M"],"items_purchased_type":["Relic","Card"],"build_version":"2020-12-22","purchased_purges":1,"victory":false,"max_hp_per_floor":[75,75,75,75,75,75,75,75,75,75,75,75,75,75,75,75,75,75,75,75],"card_choices":[{"not_picked":["rmod:aviationdawn","rmod:firesupport"],"picked":"rmod:intelligenceanalysis","floor":1.0},{"not_picked":["rmod:diamondstrike","rmod:luckystar","rmod:spoils"],"picked":"SKIP","floor":3.0},{"not_picked":["rmod:gendarmerie","rmod:wolves"],"picked":"rmod:fuelsupply","floor":4.0},{"not_picked":["rmod:fletcherpendant","rmod:victimresponsibility"],"picked":"rmod:highspeedmaneuver","floor":6.0},{"not_picked":["rmod:aviationdawn","rmod:victimresponsibility"],"picked":"rmod:chargemoney","floor":10.0},{"not_picked":["rmod:guardianhero","rmod:fuelsupply"],"picked":"rmod:smokecover","floor":12.0},{"not_picked":["rmod:generalist","rmod:punchline","rmod:intelligenceanalysis"],"picked":"SKIP","floor":14.0},{"not_picked":["rmod:stealaluminum","rmod:abidefaith"],"picked":"rmod:acesubmarine","floor":16.0},{"not_picked":["rmod:firesupport","rmod:highspeedshooting"],"picked":"rmod:selfconfidence","floor":18.0}],"player_experience":148584,"relics_obtained":[{"floor":6.0,"key":"Replay:Bottled Eggs"},{"floor":7.0,"key":"Ring of Fangs"},{"floor":7.0,"key":"Ring of Panic"},{"floor":9.0,"key":"Sundial"},{"floor":10.0,"key":"Pet Ghost"},{"floor":15.0,"key":"conspire:BottledYoYo"}],"event_choices":[{"damage_healed":0.0,"max_hp_gain":0.0,"max_hp_loss":0.0,"gold_gain":275.0,"event_name":"Golden Shrine","player_choice":"Desecrate","floor":2.0,"gold_loss":0.0,"damage_taken":0.0,"cards_obtained":["Regret"]}],"is_beta":false,"boss_relics":[{"not_picked":["Painkiller Herb","SlaversCollar"],"picked":"Sozu"}],"items_purged_floors":[5],"is_endless":false,"potions_floor_spawned":[1,3,6,12],"killed_by":"conspire:FuzzyDice","ascension_level":3}}