{"host":"fuszjwm6fqgjjp4d","time":1612157649,"event":{"mods":["BaseMod","Bestiary","Colored Map","DeckTracker","Minty Spire (QoL Compilation)","Permanent Neow","Relic Sorter","Relic Stats","StSLib"],"gold_per_floor":[114,114,128,128,146,146,176,176,176,176,193,193,193,193],"floor_reached":13,"language":"ENG","playtime":265,"items_purged":[],"score":166,"play_id":"e2dc4149-064c-4758-b051-87ba2e76a460","local_time":"20210131233409","is_ascension_mode":true,"campfire_choices":[{"data":"Caltrops","floor":6,"key":"SMITH"},{"data":"Footwork","floor":8,"key":"SMITH"},{"data":"Leg Sweep","floor":10,"key":"SMITH"},{"data":"Neutralize","floor":12,"key":"SMITH"}],"circlet_count":0,"master_deck":["AscendersBane","Strike_G","Strike_G","Strike_G","Strike_G","Strike_G","Defend_G","Defend_G","Defend_G","Defend_G","Survivor","Neutralize+1","Leg Sweep+1","Deadly Poison+1","Caltrops+1","Footwork+1"],"relics":["Ring of the Snake","Happy Flower","Meat on the Bone","Anchor"],"acts_visited":["Exordium"],"potions_floor_usage":[7,7],"damage_taken":[{"damage":4,"enemies":"Small Slimes","floor":1,"turns":5},{"damage":0,"enemies":"Cultist","floor":3,"turns":4},{"damage":0,"enemies":"2 Louse","floor":5,"turns":2},{"damage":27,"enemies":"3 Sentries","floor":7,"turns":11},{"damage":0,"enemies":"Lots of Slimes","floor":11,"turns":5},{"damage":38,"enemies":"Gremlin Nob","floor":13,"turns":4}],"seed_played":"-6211722034189379548","potions_obtained":[{"floor":1,"key":"SteroidPotion"},{"floor":3,"key":"SteroidPotion"}],"is_trial":false,"path_per_floor":["M","?","M","?","M","R","E","R","T","R","M","R","E"],"character_chosen":"THE_SILENT","items_purchased":[],"campfire_rested":0,"item_purchase_floors":[],"current_hp_per_floor":[55,48,48,48,48,48,21,21,21,21,33,33,0,0],"gold":193,"neow_bonus":"RANDOM_COMMON_RELIC","is_daily":false,"chose_seed":false,"campfire_upgraded":4,"win_rate":0.0,"timestamp":1612157649,"path_taken":["M","?","M","?","M","R","E","R","T","R","M","R","E"],"items_purchased_type":[],"build_version":"2020-12-22","purchased_purges":0,"victory":false,"max_hp_per_floor":[66,66,66,66,66,66,66,66,66,66,66,66,66,66],"relic_stats":{"Happy Flower":[10],"counters":[6,31],"obtain_stats":[{"Anchor":9,"Happy Flower":0,"Ring of the Snake":0,"Meat on the Bone":7},{"Anchor":4,"Happy Flower":0,"Ring of the Snake":0,"Meat on the Bone":4},{"Anchor":22,"Happy Flower":0,"Ring of the Snake":0,"Meat on the Bone":22}],"Ring of the Snake":[12],"Meat on the Bone":12},"card_choices":[{"not_picked":["Expertise","Backflip"],"picked":"Leg Sweep","floor":1},{"not_picked":["Dodge and Roll","Backflip"],"picked":"Deadly Poison","floor":3},{"not_picked":["Poisoned Stab","Calculated Gamble"],"picked":"Caltrops","floor":5},{"not_picked":["Cloak And Dagger","Quick Slash"],"picked":"Footwork","floor":7},{"not_picked":["Tactician","Quick Slash","Dagger Throw"],"picked":"SKIP","floor":11}],"player_experience":1413038,"relics_obtained":[{"floor":7,"key":"Meat on the Bone"},{"floor":9,"key":"Anchor"}],"event_choices":[{"cards_removed":["Defend_G"],"damage_healed":0,"gold_gain":0,"player_choice":"Card Removal","damage_taken":7,"max_hp_gain":0,"max_hp_loss":0,"event_name":"Golden Wing","floor":2,"gold_loss":0},{"damage_healed":0,"gold_gain":0,"player_choice":"Grow","damage_taken":0,"max_hp_gain":0,"max_hp_loss":0,"event_name":"Living Wall","floor":4,"gold_loss":0,"cards_upgraded":["Deadly Poison"]}],"is_beta":false,"boss_relics":[],"items_purged_floors":[],"is_endless":false,"potions_floor_spawned":[1,3],"killed_by":"Gremlin Nob","ascension_level":20}}