{"host":"aqym1xxr3lb31d9m","time":1612184572,"event":{"mods":["BaseMod","Block Reminder","Colored Map","Colored Powertips","DeckTracker","Highlight Path","Minty Spire (QoL Compilation)","Quick Restart","Random Character Button","StSLib","SuperFastMode","UnlockEverythingMod"],"gold_per_floor":[156,188,188,188,28,28,71,71,71,27,27,68,68,132,132,231,231,250,15,15,15,63,129,129,224,276,276,276,350,350,399,399,520,520,564,564,564,71,0,39,57,57,80,80,115,115,159,159,159,159,159,159,159,2,37,37,37],"floor_reached":56,"language":"JPN","playtime":4411,"items_purged":["Writhe"],"score":2028,"play_id":"8862bb93-bbb7-46d2-8f02-bf8d7d205602","local_time":"20210201220252","is_ascension_mode":true,"campfire_choices":[{"data":"HandOfGreed","floor":6,"key":"SMITH"},{"data":"White Noise","floor":8,"key":"SMITH"},{"floor":11,"key":"REST"},{"data":"Zap","floor":15,"key":"SMITH"},{"data":"Rainbow","floor":24,"key":"SMITH"},{"floor":27,"key":"REST"},{"floor":30,"key":"REST"},{"data":"Sunder","floor":32,"key":"SMITH"},{"floor":42,"key":"RECALL"},{"data":"Seek","floor":46,"key":"SMITH"},{"data":"Coolheaded","floor":49,"key":"SMITH"},{"data":"White Noise","floor":53,"key":"SMITH"}],"circlet_count":0,"master_deck":["AscendersBane","Strike_B","Defend_B","Defend_B","Defend_B+1","Defend_B","Zap+1","Dualcast+1","Gash","White Noise+1","Skim","Biased Cognition+1","Rainbow+1","Fission+1","Chaos+1","Hologram+1","Beam Cell+1","Cold Snap","Leap+1","Conserve Battery+1","Coolheaded+1","Sunder+1","Seek+1","Self Repair+1","Finesse","Secret Technique","Bandage Up","Steam Power","Buffer","White Noise+1","Doubt","Buffer","Chill+1","Biased Cognition+1","PanicButton","Capacitor+1"],"relics":["Cracked Core","Golden Idol","ClockworkSouvenir","FossilizedHelix","Astrolabe","Centennial Puzzle","Nloth\u0027s Gift","War Paint","Bronze Scales","Cursed Key","InkBottle","OrangePellets","Red Mask","Cables","Gremlin Horn","Gambling Chip","Art of War"],"acts_visited":["Exordium","TheCity","TheBeyond","TheEnding"],"potions_floor_usage":[23,33,33,40,47,56,56],"damage_taken":[{"damage":5,"enemies":"Small Slimes","floor":1,"turns":4},{"damage":7,"enemies":"2 Louse","floor":2,"turns":3},{"damage":2,"enemies":"Cultist","floor":7,"turns":4},{"damage":14,"enemies":"Exordium Wildlife","floor":12,"turns":4},{"damage":10,"enemies":"Large Slime","floor":14,"turns":7},{"damage":16,"enemies":"The Guardian","floor":16,"turns":8},{"damage":14,"enemies":"Shell Parasite","floor":18,"turns":5},{"damage":0,"enemies":"2 Thieves","floor":22,"turns":3},{"damage":25,"enemies":"Slavers","floor":23,"turns":4},{"damage":12,"enemies":"3 Cultists","floor":25,"turns":5},{"damage":6,"enemies":"Centurion and Healer","floor":29,"turns":10},{"damage":0,"enemies":"Sentry and Sphere","floor":31,"turns":7},{"damage":20,"enemies":"Collector","floor":33,"turns":9},{"damage":0,"enemies":"3 Darklings","floor":35,"turns":6},{"damage":24,"enemies":"Reptomancer","floor":40,"turns":8},{"damage":0,"enemies":"3 Shapes","floor":41,"turns":9},{"damage":15,"enemies":"Nemesis","floor":45,"turns":9},{"damage":9,"enemies":"Reptomancer","floor":47,"turns":9},{"damage":0,"enemies":"Donu and Deca","floor":50,"turns":12},{"damage":26,"enemies":"Time Eater","floor":51,"turns":12},{"damage":36,"enemies":"Shield and Spear","floor":55,"turns":12},{"damage":44,"enemies":"The Heart","floor":56,"turns":6}],"seed_played":"313744105766937846","potions_obtained":[{"floor":1,"key":"BlessingOfTheForge"},{"floor":7,"key":"LiquidBronze"},{"floor":23,"key":"EssenceOfSteel"},{"floor":25,"key":"Block Potion"},{"floor":33,"key":"LiquidMemories"},{"floor":35,"key":"Weak Potion"},{"floor":47,"key":"CultistPotion"}],"is_trial":false,"path_per_floor":["M","M","?","?","$","R","M","R","T","?","R","M","T","M","R","B",null,"M","$","?","$","M","E","R","M","T","R","$","M","R","M","R","B",null,"M","?","?","$","?","E","M","R","T","?","E","R","E","?","R","B","B",null,"R","$","E","B"],"character_chosen":"DEFECT","items_purchased":["ClockworkSouvenir","Centennial Puzzle","InkBottle","OrangePellets","Steam Power","PanicButton","Block Potion"],"campfire_rested":3,"item_purchase_floors":[5,19,38,38,38,54,54],"current_hp_per_floor":[59,52,28,28,28,28,26,26,26,26,47,33,33,23,23,7,55,41,41,41,41,41,16,16,4,4,25,25,19,40,40,40,20,58,58,58,48,48,48,28,42,42,42,42,41,41,46,46,46,60,48,62,62,62,40,0,0],"gold":37,"neow_bonus":"RANDOM_COLORLESS_2","is_daily":false,"chose_seed":false,"campfire_upgraded":8,"win_rate":0.0,"timestamp":1612184572,"path_taken":["M","M","?","?","$","R","M","R","T","?","R","M","?","M","R","BOSS","M","$","?","?","M","E","R","M","T","R","?","M","R","M","R","BOSS","M","?","?","$","?","E","M","R","T","?","E","R","E","?","R","BOSS","BOSS","R","$","E","BOSS"],"items_purchased_type":["Relic","Relic","Relic","Relic","Card","Card","Potion"],"build_version":"2020-12-22","purchased_purges":1,"victory":false,"max_hp_per_floor":[71,71,71,71,71,71,71,71,71,71,71,71,71,71,71,71,71,71,71,71,71,71,71,71,71,71,71,71,71,71,71,71,71,71,71,71,71,71,71,71,71,71,71,67,67,67,67,67,67,67,67,67,67,67,67,67,67],"card_choices":[{"not_picked":["Metamorphosis","The Bomb"],"picked":"HandOfGreed","floor":0},{"not_picked":["Barrage","Turbo"],"picked":"Gash","floor":1},{"not_picked":["Redo","Fusion","Stack"],"picked":"SKIP","floor":2},{"not_picked":["Blizzard","Ball Lightning"],"picked":"White Noise","floor":7},{"not_picked":["Go for the Eyes","Steam Power"],"picked":"Skim","floor":12},{"not_picked":["Compile Driver","Double Energy"],"picked":"Biased Cognition+1","floor":14},{"not_picked":["Thunder Strike","Meteor Strike"],"picked":"Rainbow","floor":16},{"not_picked":["Leap","Coolheaded"],"picked":"Beam Cell+1","floor":18},{"not_picked":["Leap","Sweeping Beam"],"picked":"Cold Snap","floor":22},{"not_picked":["Amplify","Lockon"],"picked":"Leap+1","floor":23},{"not_picked":["Consume","Sweeping Beam"],"picked":"Conserve Battery+1","floor":25},{"not_picked":["Genetic Algorithm","Hello World"],"picked":"Coolheaded","floor":29},{"not_picked":["Auto Shields","Ball Lightning"],"picked":"Sunder","floor":31},{"not_picked":["Rainbow","Buffer"],"picked":"Seek","floor":33},{"not_picked":["Sunder","Fusion"],"picked":"Self Repair+1","floor":35},{"not_picked":["Chrysalis","Magnetism"],"picked":"Finesse","floor":37},{"not_picked":["Trip","Swift Strike"],"picked":"Secret Technique","floor":37},{"not_picked":["Swift Strike","Chrysalis"],"picked":"Bandage Up","floor":37},{"not_picked":["Rebound","Melter+1"],"picked":"Buffer","floor":40},{"not_picked":["Hello World","Gash"],"picked":"White Noise","floor":41},{"not_picked":["Streamline","Barrage"],"picked":"Buffer","floor":45},{"not_picked":["Rip and Tear","Thunder Strike"],"picked":"Chill+1","floor":47},{"not_picked":["Stack","FTL"],"picked":"Capacitor+1","floor":55}],"player_experience":4171429,"relics_obtained":[{"floor":9,"key":"FossilizedHelix"},{"floor":13,"key":"Frozen Egg 2"},{"floor":23,"key":"War Paint"},{"floor":26,"key":"Bronze Scales"},{"floor":40,"key":"Cables"},{"floor":45,"key":"Gremlin Horn"},{"floor":47,"key":"Gambling Chip"},{"floor":55,"key":"Art of War"}],"event_choices":[{"damage_healed":0,"gold_gain":0,"player_choice":"Take Damage","damage_taken":24,"relics_obtained":["Golden Idol"],"max_hp_gain":0,"max_hp_loss":0,"event_name":"Golden Idol","floor":3,"gold_loss":0},{"damage_healed":0,"gold_gain":0,"player_choice":"Fled","damage_taken":0,"max_hp_gain":0,"max_hp_loss":0,"event_name":"Scrap Ooze","floor":4,"gold_loss":0},{"damage_healed":0,"gold_gain":0,"player_choice":"Left Gold","damage_taken":0,"max_hp_gain":0,"max_hp_loss":0,"event_name":"World of Goop","floor":10,"gold_loss":44},{"damage_healed":0,"gold_gain":0,"player_choice":"Traded Relic","damage_taken":0,"relics_obtained":["Nloth\u0027s Gift"],"max_hp_gain":0,"max_hp_loss":0,"event_name":"N\u0027loth","floor":20,"relics_lost":["Frozen Egg 2"],"gold_loss":0},{"cards_removed":["HandOfGreed"],"damage_healed":0,"gold_gain":0,"player_choice":"Removed Attack","damage_taken":0,"max_hp_gain":0,"max_hp_loss":0,"event_name":"Falling","floor":36,"gold_loss":0},{"damage_healed":0,"gold_gain":0,"player_choice":"Memory 3","damage_taken":10,"max_hp_gain":0,"max_hp_loss":0,"event_name":"SensoryStone","floor":37,"gold_loss":0},{"damage_healed":0,"gold_gain":0,"player_choice":"Paid","damage_taken":0,"relics_obtained":["Red Mask"],"max_hp_gain":0,"max_hp_loss":0,"event_name":"Tomb of Lord Red Mask","floor":39,"gold_loss":71},{"damage_healed":0,"gold_gain":0,"player_choice":"Max HP","damage_taken":0,"max_hp_gain":0,"max_hp_loss":4,"event_name":"Winding Halls","floor":44,"gold_loss":0},{"damage_healed":0,"gold_gain":0,"player_choice":"Copied","damage_taken":0,"max_hp_gain":0,"max_hp_loss":0,"event_name":"Duplicator","floor":48,"gold_loss":0,"cards_obtained":["Biased Cognition"]}],"is_beta":false,"boss_relics":[{"not_picked":["Black Star","Runic Dome"],"picked":"Astrolabe"},{"not_picked":["Fusion Hammer","Philosopher\u0027s Stone"],"picked":"Cursed Key"}],"items_purged_floors":[19],"is_endless":false,"potions_floor_spawned":[1,7,23,25,31,33,35,47],"killed_by":"The Heart","ascension_level":20}}