{"host":"nwd160me4iqdtr8u","time":1612173648,"event":{"mods":["AchievementEnabler","Act Like it!","BaseMod","Colored Map","DeckTracker","Keyboard Shortcuts","Minty Spire (QoL Compilation)","Quick Restart","Rare Cards Sparkle","StSLib","SuperFastMode","everything is the same but u backflip on backflip"],"gold_per_floor":[121,143,143,172,192,192,232,257,257,257,55,55,55,55,55,55,55],"floor_reached":16,"language":"KOR","playtime":419,"items_purged":[],"score":195,"play_id":"cceb6118-7c0c-4053-af45-7c5462cab424","local_time":"20210201190048","is_ascension_mode":true,"campfire_choices":[{"data":"Blade Dance","floor":6,"key":"SMITH"},{"data":"Footwork","floor":13,"key":"SMITH"},{"floor":15,"key":"REST"}],"circlet_count":0,"master_deck":["AscendersBane","Strike_G","Strike_G","Strike_G","Strike_G","Defend_G","Defend_G","Defend_G","Defend_G","Defend_G","Survivor","Neutralize","Blade Dance+1","Deadly Poison","Poisoned Stab","Tactician","Acrobatics","Predator","Footwork+1"],"relics":["Ring of the Snake","CeramicFish","Orichalcum","Molten Egg 2","Blood Vial","Toy Ornithopter"],"acts_visited":[],"potions_floor_usage":[7,7,16],"damage_taken":[{"damage":3.0,"enemies":"2 Louse","floor":1.0,"turns":4.0},{"damage":6.0,"enemies":"Small Slimes","floor":2.0,"turns":4.0},{"damage":5,"enemies":"Jaw Worm","floor":4,"turns":4},{"damage":4,"enemies":"Looter","floor":5,"turns":4},{"damage":27,"enemies":"3 Sentries","floor":7,"turns":9},{"damage":1,"enemies":"2 Fungi Beasts","floor":8,"turns":3},{"damage":57,"enemies":"Slime Boss","floor":16,"turns":7}],"seed_played":"-312719323686917566","potions_obtained":[{"floor":4,"key":"Explosive Potion"},{"floor":5,"key":"Block Potion"},{"floor":7,"key":"DistilledChaos"}],"is_trial":false,"path_per_floor":["M","M","?","M","M","R","E","M","T","?","$","?","R","T","R","B"],"character_chosen":"THE_SILENT","items_purchased":["Blood Vial","Footwork"],"campfire_rested":1,"item_purchase_floors":[11,11],"current_hp_per_floor":[56,50,50,45,41,41,14,13,13,35,35,28,28,28,47,0,0],"gold":55,"neow_bonus":"RANDOM_COMMON_RELIC","is_daily":false,"chose_seed":false,"campfire_upgraded":2,"win_rate":0.0,"timestamp":1612173648,"path_taken":["M","M","?","M","M","R","E","M","T","?","$","?","R","?","R","BOSS"],"items_purchased_type":["Relic","Card"],"build_version":"2020-12-22","purchased_purges":0,"victory":false,"max_hp_per_floor":[66,66,66,66,66,66,66,66,66,66,66,66,66,66,66,66,66],"card_choices":[{"not_picked":["Bane","Accuracy"],"picked":"Blade Dance","floor":1.0},{"not_picked":["Cloak And Dagger","Sucker Punch"],"picked":"Deadly Poison","floor":2.0},{"not_picked":["Dodge and Roll","Bane"],"picked":"Poisoned Stab","floor":4},{"not_picked":["Reflex","Masterful Stab"],"picked":"Tactician","floor":5},{"not_picked":["Quick Slash","Prepared"],"picked":"Acrobatics","floor":7},{"not_picked":["Outmaneuver","Eviscerate"],"picked":"Predator","floor":8}],"player_experience":360687,"relics_obtained":[{"floor":7,"key":"Orichalcum"},{"floor":9,"key":"Molten Egg 2"},{"floor":14,"key":"Toy Ornithopter"}],"event_choices":[{"damage_healed":0,"gold_gain":0,"player_choice":"Fled","damage_taken":0,"max_hp_gain":0,"max_hp_loss":0,"event_name":"Scrap Ooze","floor":3,"gold_loss":0},{"damage_healed":22,"gold_gain":0,"player_choice":"Banana","damage_taken":0,"max_hp_gain":0,"max_hp_loss":0,"event_name":"Big Fish","floor":10,"gold_loss":0},{"cards_removed":["Strike_G"],"damage_healed":0,"gold_gain":0,"player_choice":"Card Removal","damage_taken":7,"max_hp_gain":0,"max_hp_loss":0,"event_name":"Golden Wing","floor":12,"gold_loss":0}],"is_beta":false,"boss_relics":[],"items_purged_floors":[],"is_endless":false,"potions_floor_spawned":[4,5,7],"killed_by":"Slime Boss","ascension_level":19}}