{"host":"ucgrft0m53zzt06v","time":1612145282,"event":{"mods":["BaseMod","Colored Map","Colored Powertips","Conspire","HololiveMod","KinomotoSakuraMod(木之本樱)","Lobotomy","Minty Spire (QoL Compilation)","Quick Restart","Replay The Spire","Shop Mod","Spicy Shops","StSLib","Td1madao Mod","The Senshi","Waifu the Spire","WarShipGirlsR/战舰少女R mod","【遗物卡牌】REMEMod"],"gold_per_floor":[119,74,74,74,24,24,50,50,90,117,117,117,144,144,177,217,217,330,330,344,344,364,314,31,78,90,90,90,125,164,164,360,397,397,515,515,518,82,100,172,172,232,232,266,266,266,319,392,392,411,411,411],"floor_reached":53,"language":"ZHS","playtime":3355,"items_purged":["Looming Evil"],"score":1371,"play_id":"91fdb08d-0b2d-4ec2-b13d-b8c717bb19ee","local_time":"20210201100802","is_ascension_mode":true,"campfire_choices":[{"data":"rmod:basicallowance","floor":8.0,"key":"SMITH"},{"data":"Feed","floor":12.0,"key":"SMITH"},{"data":"rmod:maintain","floor":14.0,"key":"SMITH"},{"data":"rmod:stealaluminum","floor":17.0,"key":"SMITH"},{"data":"rmod:chargemoney","floor":27.0,"key":"SMITH"},{"data":"rmod:fuelsupply","floor":31.0,"key":"SMITH"},{"floor":34.0,"key":"REST"},{"data":"rmod:robin","floor":43.0,"key":"SMITH"},{"data":"rmod:aviationdawn","floor":43.0,"key":"SMITH"},{"data":"rmod:aviationdawn","floor":46.0,"key":"SMITH"},{"data":"rmod:maingunfire","floor":46.0,"key":"SMITH"},{"data":"rmod:openingtorpedo","floor":49.0,"key":"SMITH"},{"data":"rmod:selfconfidence","floor":49.0,"key":"SMITH"},{"data":"rmod:desperatesituation","floor":51.0,"key":"SMITH"},{"data":"rmod:intelligenceanalysis","floor":51.0,"key":"SMITH"}],"circlet_count":0,"master_deck":["rmod:strick","rmod:strick","rmod:strick","rmod:defend","rmod:defend","rmod:defend","rmod:basicallowance+1","rmod:maingunfire+1","Feed+1","rmod:seals","rmod:intelligenceanalysis+1","rmod:aviationdawn+1","rmod:aviationdawn+1","rmod:maintain+1","rmod:stealaluminum+1","rmod:generalist+1","rmod:chargemoney+1","rmod:fuelsupply+1","rmod:openingtorpedo+1","rmod:robin+1","rmod:selfconfidence+1","rmod:desperatesituation+1","Injury","conspire:NecroticWound","rmod:diaomin+1","REME_TheoryOfElimination"],"relics":["rmod:firstchargereward","REME_ComplimentaryCards","Replay:Accelerometer","PreservedInsect","REME_PuzzleBoxRelic","rmod:extraamm","REME_ChargedStone","MutagenicStrength","Hololive_LightStick","Pet Ghost","conspire:Boomerang","Replay:Mystery Machine","Replay:PocketPolymizer","Lantern","Golden Egg","Replay:Arrowhead","MerchantsRug","Lee\u0027s Waffle","Durian","Ring of Panic","Gambling Chip","Ginger","Replay:Rubber Ducky","Boot","Calipers","Prayer Wheel"],"acts_visited":["Exordium","TheCity","TheBeyond"],"potions_floor_usage":[52,52,52,52],"damage_taken":[{"damage":2.0,"enemies":"Small Slimes","floor":1.0,"turns":5.0},{"damage":0.0,"enemies":"Cultist","floor":7.0,"turns":3.0},{"damage":7.0,"enemies":"Jaw Worm","floor":9.0,"turns":4.0},{"damage":24.0,"enemies":"Lagavulin","floor":10.0,"turns":5.0},{"damage":18.0,"enemies":"3 Sentries","floor":13.0,"turns":6.0},{"damage":18.0,"enemies":"Red Slaver","floor":15.0,"turns":4.0},{"damage":0.0,"enemies":"Lagavulin","floor":16.0,"turns":4.0},{"damage":11.0,"enemies":"The Guardian","floor":18.0,"turns":12.0},{"damage":20.0,"enemies":"Chosen","floor":20.0,"turns":5.0},{"damage":30.0,"enemies":"Shell Parasite","floor":22.0,"turns":6.0},{"damage":21.0,"enemies":"Replay:Snechameleon","floor":25.0,"turns":5.0},{"damage":0.0,"enemies":"Snecko","floor":26.0,"turns":3.0},{"damage":0.0,"enemies":"Gremlin Leader","floor":29.0,"turns":4.0},{"damage":4.0,"enemies":"Chosen and Byrds","floor":30.0,"turns":5.0},{"damage":0.0,"enemies":"Book of Stabbing","floor":33.0,"turns":4.0},{"damage":29.0,"enemies":"Pondfish","floor":35.0,"turns":6.0},{"damage":6.0,"enemies":"3 Darklings","floor":37.0,"turns":3.0},{"damage":0.0,"enemies":"3 Shapes","floor":39.0,"turns":2.0},{"damage":12.0,"enemies":"2 Orb Walkers","floor":40.0,"turns":6.0},{"damage":0.0,"enemies":"Reptomancer","floor":42.0,"turns":2.0},{"damage":0.0,"enemies":"R_Hoarder","floor":44.0,"turns":5.0},{"damage":0.0,"enemies":"Mind Bloom Boss Battle","floor":48.0,"turns":2.0},{"damage":0.0,"enemies":"Jaw Worm Horde","floor":50.0,"turns":2.0},{"damage":97,"enemies":"conspire:OrnateMirror","floor":52,"turns":8}],"seed_played":"-4540130749823326402","potions_obtained":[{"floor":10.0,"key":"conspire:TimeTravelPotion"},{"floor":15.0,"key":"SkillPotion"},{"floor":16.0,"key":"SkillPotion"},{"floor":20.0,"key":"EssenceOfSteel"},{"floor":35.0,"key":"SteroidPotion"},{"floor":39.0,"key":"DistilledChaos"},{"floor":42.0,"key":"Explosive Potion"},{"floor":50.0,"key":"Adrenaline Potion"}],"is_trial":false,"path_per_floor":["M","$","PTL","PTL","?","?","M","R","M","E","T","R","E","R","M","E","R","B",null,"M","?","M","?","$","E","M","R","T","E","M","R","?","E","R_BF","B",null,"M","$","M","?","?","E","R","E","T","R","T","?","R","M","R_BF","B",null],"character_chosen":"PRAEFECT","items_purchased":["rmod:aviationdawn","rmod:generalist+1","rmod:chargemoney","Hololive_LightStick","MerchantsRug","Lee\u0027s Waffle","Adrenaline Potion","Venom Potion"],"campfire_rested":1,"item_purchase_floors":[2,24,24,24,38,38,38,38],"current_hp_per_floor":[76,76,76,76,76,76,79,79,75,54,54,54,40,40,26,26,26,19,99,83,83,57,57,57,36,40,40,40,40,40,40,12,12,46,31,119,113,126,130,127,127,131,131,135,135,135,135,135,135,139,139,42],"gold":411,"neow_bonus":"ONE_RANDOM_RARE_CARD","is_daily":false,"chose_seed":false,"campfire_upgraded":14,"win_rate":0.0,"timestamp":1612145282,"path_taken":["M","$","PTL","PTL","?","?","?","R","M","E","T","R","E","R","M","E","R","BOSS","M","?","M","?","$","E","M","R","T","E","?","R","?","E","R_BF","BOSS","M","$","M","?","?","E","R","E","T","R","?","?","R","M","R_BF","BOSS"],"items_purchased_type":["Card","Card","Card","Relic","Relic","Relic","Potion","Potion"],"build_version":"2020-12-22","purchased_purges":1,"victory":true,"max_hp_per_floor":[78,78,78,78,78,78,81,81,84,87,87,87,91,91,95,95,95,99,99,103,103,107,107,107,107,111,111,111,111,115,115,115,115,115,119,119,119,126,130,139,139,143,143,143,143,143,143,143,143,147,147,147],"card_choices":[{"not_picked":["rmod:steelsupply","rmod:circuitoustactics"],"picked":"rmod:intelligenceanalysis","floor":1.0},{"not_picked":["rmod:supportescort","rmod:intelligenceanalysis"],"picked":"rmod:maintain","floor":7.0},{"not_picked":["rmod:highspeedshooting","rmod:luckystar","rmod:steelsupply"],"picked":"SKIP","floor":9.0},{"not_picked":["rmod:goodfighter","rmod:intelligenceanalysis","rmod:capitalist"],"picked":"SKIP","floor":10.0},{"not_picked":["rmod:sl","rmod:steelsupply"],"picked":"rmod:stealaluminum","floor":13.0},{"not_picked":["rmod:supportescort","rmod:unsinkable","rmod:ring"],"picked":"SKIP","floor":15.0},{"not_picked":["rmod:concentratefire","rmod:unsinkable","rmod:sl"],"picked":"SKIP","floor":16.0},{"not_picked":["rmod:intelligenceanalysis","rmod:diamondstrike","rmod:ammunitionsupply"],"picked":"SKIP","floor":20.0},{"not_picked":["rmod:aviationdawn","rmod:steelsupply","rmod:supportescort"],"picked":"SKIP","floor":22.0},{"not_picked":["rmod:wolves","rmod:u235"],"picked":"rmod:fuelsupply","floor":25.0},{"not_picked":["rmod:aviationdawn","rmod:circuitoustactics","rmod:sl"],"picked":"SKIP","floor":26.0},{"not_picked":["rmod:victimresponsibility","rmod:unsinkable","rmod:tearstotiara"],"picked":"SKIP","floor":29.0},{"not_picked":["rmod:luckystar","rmod:maintain"],"picked":"rmod:openingtorpedo","floor":30.0},{"not_picked":["rmod:gendarmerie","rmod:fletcherpendant"],"picked":"rmod:robin","floor":32.0},{"not_picked":["rmod:fletcherpendant","rmod:unsinkable+1","rmod:salvage"],"picked":"SKIP","floor":33.0},{"not_picked":["rmod:saltedfish","rmod:stealaluminum"],"picked":"rmod:desperatesituation","floor":35.0},{"not_picked":["Writhe","Spreading Infection"],"picked":"Injury","floor":36.0},{"not_picked":["Normality","Overencumbered"],"picked":"conspire:NecroticWound","floor":36.0},{"not_picked":["ReplayTheSpireMod:Faulty Equipment","Hololive_RevenueRecovery"],"picked":"Looming Evil","floor":36.0},{"not_picked":["rmod:steelsupply+1","rmod:robin+1","rmod:bulid+1"],"picked":"SKIP","floor":37.0},{"not_picked":["rmod:fletcherpendant","rmod:wolves+1","rmod:bulid"],"picked":"SKIP","floor":39.0},{"not_picked":["rmod:capitalist","rmod:aluminumsupply"],"picked":"rmod:diaomin+1","floor":40.0},{"not_picked":["rmod:salvage+1","rmod:aviationdawn+1","rmod:guardianhero+1"],"picked":"SKIP","floor":42.0},{"not_picked":["rmod:gendarmerie","rmod:robin","rmod:sl"],"picked":"SKIP","floor":44.0},{"not_picked":["rmod:steelsupply+1","rmod:goodfighter","rmod:aluminumsupply"],"picked":"SKIP","floor":50.0}],"player_experience":145195,"relics_obtained":[{"floor":10.0,"key":"Replay:Accelerometer"},{"floor":11.0,"key":"PreservedInsect"},{"floor":13.0,"key":"REME_PuzzleBoxRelic"},{"floor":16.0,"key":"rmod:extraamm"},{"floor":25.0,"key":"Pet Ghost"},{"floor":28.0,"key":"conspire:Boomerang"},{"floor":29.0,"key":"Replay:Mystery Machine"},{"floor":33.0,"key":"Replay:PocketPolymizer"},{"floor":40.0,"key":"Durian"},{"floor":41.0,"key":"Ring of Panic"},{"floor":42.0,"key":"Gambling Chip"},{"floor":44.0,"key":"Ginger"},{"floor":45.0,"key":"Replay:Rubber Ducky"},{"floor":47.0,"key":"Boot"},{"floor":48.0,"key":"Calipers"}],"event_choices":[{"damage_healed":0.0,"max_hp_gain":0.0,"max_hp_loss":0.0,"gold_gain":0.0,"event_name":"conspire:Investor","player_choice":"Invest 1","floor":5.0,"gold_loss":0.0,"damage_taken":0.0},{"damage_healed":0.0,"max_hp_gain":0.0,"max_hp_loss":0.0,"gold_gain":0.0,"cards_transformed":["rmod:strick"],"event_name":"Transmorgrifier","player_choice":"Transformed","floor":6.0,"gold_loss":0.0,"damage_taken":0.0,"cards_obtained":["rmod:aviationdawn"]},{"damage_healed":0.0,"max_hp_gain":0.0,"max_hp_loss":0.0,"gold_gain":0.0,"event_name":"Drug Dealer","player_choice":"Inject Mutagens","floor":21.0,"gold_loss":0.0,"damage_taken":0.0,"relics_obtained":["MutagenicStrength"]},{"damage_healed":0.0,"max_hp_gain":0.0,"max_hp_loss":0.0,"gold_gain":0.0,"event_name":"The Joust","player_choice":"Bet on Murderer","floor":23.0,"gold_loss":50.0,"damage_taken":0.0},{"damage_healed":0.0,"max_hp_gain":0.0,"max_hp_loss":0.0,"gold_gain":0.0,"event_name":"Mysterious Sphere","player_choice":"Fight","floor":40.0,"gold_loss":0.0,"damage_taken":0.0},{"damage_healed":0.0,"max_hp_gain":0.0,"max_hp_loss":0.0,"gold_gain":0.0,"event_name":"MindBloom","player_choice":"Fight","floor":48.0,"gold_loss":0.0,"damage_taken":0.0}],"is_beta":false,"boss_relics":[{"not_picked":["Runic Dome","REME_DuelDisc"],"picked":"REME_ChargedStone"},{"not_picked":["Velvet Choker","Honey Jar"],"picked":"Replay:Ancient Bell"},{"not_picked":["Orichalcum","Centennial Puzzle"],"picked":"Lantern"},{"not_picked":["Replay:Bottled Eggs","conspire:Flyswatter"],"picked":"Golden Egg"},{"not_picked":["theSenshi:SpiralHeartMoonRodRelic","conspire:GiftBox"],"picked":"Replay:Arrowhead"}],"items_purged_floors":[38],"is_endless":false,"potions_floor_spawned":[10,15,16,20,25,35,39,42,44,50],"ascension_level":3}}