{"host":"g6a9gfzrk472u7l9","time":1612185815,"event":{"mods":["BaseMod","Downfall","Minty Spire (QoL Compilation)","StSLib"],"gold_per_floor":[99,112,123,108,108,121,121,121,121,151,164,175,204,224,242,242,242,242],"floor_reached":16,"language":"ENG","playtime":894,"items_purged":[],"score":120,"play_id":"ac912423-e2fc-4a04-86d2-13ce9dc4cf91","local_time":"20210201142335","is_ascension_mode":true,"campfire_choices":[{"data":"Guardian:CurlUp","floor":1,"key":"SMITH"},{"data":"Guardian:Orbwalk","floor":8,"key":"SMITH"}],"circlet_count":0,"master_deck":["Guardian:Strike_Guardian","Guardian:Strike_Guardian","Guardian:Strike_Guardian","Guardian:Defend_Guardian+1","Guardian:Defend_Guardian","Guardian:Defend_Guardian","Guardian:Defend_Guardian","Guardian:CurlUp+1","Guardian:TwinSlam+1","Guardian:PrimingBeam","Guardian:Orbwalk+1","Guardian:Suspension+1","Guardian:BronzeOrb","Guardian:ChargeCore","Guardian:EvasiveProtocol","Guardian:SpikerProtocol","Guardian:BodySlam"],"relics":["Guardian:ModeShifter","War Paint","Pear","Eternal Feather"],"acts_visited":["Exordium"],"potions_floor_usage":[10,16,16],"damage_taken":[{"damage":8,"enemies":"Jaw Worm","floor":2,"turns":3},{"damage":0,"enemies":"Cultist","floor":3,"turns":3},{"damage":0,"enemies":"downfall:FleeingMerchant","floor":4,"turns":4},{"damage":1,"enemies":"2 Louse","floor":6,"turns":3},{"damage":17,"enemies":"3 Sentries","floor":10,"turns":12},{"damage":8,"enemies":"Red Slaver","floor":11,"turns":2},{"damage":16,"enemies":"Large Slime","floor":12,"turns":6},{"damage":10,"enemies":"Lagavulin","floor":13,"turns":8},{"damage":2,"enemies":"Exordium Thugs","floor":14,"turns":4},{"damage":3,"enemies":"Exordium Wildlife","floor":15,"turns":3},{"damage":68,"enemies":"WA_ARCHETYPE_RETAIN","floor":16,"turns":13}],"seed_played":"816282217094053317","potions_obtained":[{"floor":6,"key":"FairyPotion"},{"floor":9,"key":"DistilledChaos"},{"floor":9,"key":"SpeedPotion"},{"floor":11,"key":"Swift Potion"}],"is_trial":false,"path_per_floor":["R","M","M","$","?","M","T","R","?","E","M","M","E","M","M","B"],"character_chosen":"GUARDIAN","items_purchased":[],"campfire_rested":0,"item_purchase_floors":[],"current_hp_per_floor":[80,72,72,72,72,71,71,71,71,64,56,40,30,28,25,0,0,0],"gold":242,"neow_bonus":"UPGRADE_CARD","is_daily":false,"chose_seed":false,"campfire_upgraded":2,"win_rate":0.0,"timestamp":1612185815,"path_taken":["R","M","M","$","?","?","T","R","?","E","M","?","E","M","M","BOSS"],"items_purchased_type":[],"build_version":"2020-12-22","purchased_purges":0,"victory":false,"max_hp_per_floor":[80,80,80,80,80,80,80,80,80,90,90,90,90,90,90,90,90,90],"card_choices":[{"not_picked":["Guardian:WalkerClaw","Guardian:TemporalShield"],"picked":"Guardian:PrimingBeam","floor":2},{"not_picked":["Guardian:DonusPower","Guardian:FuturePlans"],"picked":"Guardian:Orbwalk","floor":3},{"not_picked":["Guardian:Gem_Lightblue","Guardian:WalkerClaw"],"picked":"Guardian:Suspension","floor":4},{"not_picked":["Guardian:Suspension","Guardian:Gem_Red"],"picked":"Guardian:BronzeOrb","floor":6},{"not_picked":["Guardian:CrystalBeam","Guardian:DonusPower"],"picked":"Guardian:ChargeCore","floor":10},{"not_picked":["Guardian:HyperBeam_Guardian","Guardian:PiercingHide"],"picked":"Guardian:EvasiveProtocol","floor":11},{"not_picked":["Guardian:TimeCapacitor","Guardian:PrimingBeam"],"picked":"Guardian:SpikerProtocol","floor":12},{"not_picked":["Guardian:Orbwalk","Guardian:Suspension","Guardian:Gem_Red"],"picked":"SKIP","floor":13},{"not_picked":["Guardian:Gem_Purple","Guardian:Incinerate"],"picked":"Guardian:BodySlam","floor":14},{"not_picked":["Guardian:MultiBeam","Guardian:BronzeOrb","Guardian:TemporalShield"],"picked":"SKIP","floor":15}],"player_experience":114118,"relics_obtained":[{"floor":7,"key":"War Paint"},{"floor":10,"key":"Pear"},{"floor":13,"key":"Eternal Feather"}],"event_choices":[{"cards_removed":["Guardian:Strike_Guardian"],"damage_healed":0,"gold_gain":0,"player_choice":"Offered Basic","damage_taken":0,"max_hp_gain":0,"max_hp_loss":0,"event_name":"Bonfire Elementals","floor":5,"gold_loss":0},{"damage_healed":0,"gold_gain":0,"player_choice":"Got Potions","damage_taken":0,"max_hp_gain":0,"max_hp_loss":0,"event_name":"Lab","floor":9,"gold_loss":0}],"is_beta":false,"boss_relics":[],"items_purged_floors":[],"is_endless":false,"potions_floor_spawned":[6,11,13,14],"killed_by":"WA_ARCHETYPE_RETAIN","ascension_level":1}}