{"host":"41vgbr386mrj4p17","time":1612181100,"event":{"mods":["AchievementEnabler","AlwaysNeverKeys","BaseMod","Bestiary","Better Altar","Better Match","Better Note","Better Sensory Stone","Better Skull","Better Third Choice","Colored Map","Curses Come First","Downfall","Googly Eyes","Hermit","Highlight Path","Minty Spire (QoL Compilation)","Shade Mod","StSLib","The Cursed"],"gold_per_floor":[117,133,37,37,47,47,80,40,110,110,136,148,213,213,213,213,213],"floor_reached":16,"language":"ENG","playtime":1137,"items_purged":[],"score":151,"play_id":"5cb54bd1-c085-43c7-8769-b4e21311ee32","local_time":"20210201070500","is_ascension_mode":true,"campfire_choices":[{"data":"TheCursedMod:CleanUpWorkshop","floor":6,"key":"SMITH"},{"data":"TheCursedMod:DemonicPact","floor":10,"key":"SMITH"},{"floor":15,"key":"REST"}],"circlet_count":0,"master_deck":["TheCursedMod:Strike_TheCursed","TheCursedMod:Strike_TheCursed","TheCursedMod:Strike_TheCursed","TheCursedMod:Strike_TheCursed","TheCursedMod:Defend_TheCursed","TheCursedMod:Defend_TheCursed","TheCursedMod:Defend_TheCursed","TheCursedMod:Defend_TheCursed","TheCursedMod:CursedWand","TheCursedMod:CleanUpWorkshop+1","TheCursedMod:Dregs","Pain","TheCursedMod:SurpriseAttack","TheCursedMod:DemonicPact+1","TheCursedMod:SpitefulPlan","TheCursedMod:CursedRelics+1","TheCursedMod:FleshFromBone"],"relics":["TheCursedMod:BlackMagic101","WarpedTongs","Anchor","The Courier","Lantern","InkBottle"],"acts_visited":["Exordium"],"potions_floor_usage":[3,7,11,16],"damage_taken":[{"damage":5,"enemies":"Cultist","floor":1,"turns":4},{"damage":0,"enemies":"Small Slimes","floor":2,"turns":4},{"damage":6,"enemies":"Jaw Worm","floor":5,"turns":4},{"damage":19,"enemies":"Lagavulin","floor":7,"turns":7},{"damage":16,"enemies":"3 Sentries","floor":11,"turns":9},{"damage":2,"enemies":"2 Fungi Beasts","floor":12,"turns":4},{"damage":31,"enemies":"Gremlin Nob","floor":13,"turns":5},{"damage":27,"enemies":"Slime Boss","floor":16,"turns":7}],"seed_played":"518589660322585653","potions_obtained":[{"floor":5,"key":"DistilledChaos"},{"floor":7,"key":"Strength Potion"},{"floor":13,"key":"SteroidPotion"}],"is_trial":false,"path_per_floor":["M","M","$","?","M","R","E","$","T","R","E","M","?","?","R","B"],"character_chosen":"THE_CURSED","items_purchased":["Fruit Juice","TheCursedMod:SpitefulPlan"],"campfire_rested":1,"item_purchase_floors":[3,8],"current_hp_per_floor":[70,70,75,75,69,69,50,50,50,50,34,32,1,1,27,0,0],"gold":213,"neow_bonus":"TEN_PERCENT_HP_BONUS","is_daily":false,"chose_seed":false,"campfire_upgraded":2,"win_rate":0.0,"timestamp":1612181100,"path_taken":["M","M","$","?","M","R","E","?","T","R","E","?","?","?","R","BOSS"],"items_purchased_type":["Potion","Card"],"build_version":"2020-12-22","purchased_purges":0,"victory":false,"max_hp_per_floor":[82,82,87,87,87,87,87,87,87,87,87,87,87,87,87,87,87],"card_choices":[{"not_picked":["TheCursedMod:CircleOfCorruption","TheCursedMod:WearCloak","TheCursedMod:Stretching"],"picked":"SKIP","floor":1},{"not_picked":["TheCursedMod:CursedArmor","TheCursedMod:CursedMace","TheCursedMod:HellsGateOpen"],"picked":"SKIP","floor":2},{"not_picked":["TheCursedMod:UltimatePain","TheCursedMod:WearCloak"],"picked":"TheCursedMod:SurpriseAttack","floor":5},{"not_picked":["TheCursedMod:Evocation","TheCursedMod:Torture"],"picked":"TheCursedMod:DemonicPact","floor":7},{"not_picked":["TheCursedMod:AbyssShockwave","TheCursedMod:Wield"],"picked":"TheCursedMod:CursedRelics","floor":11},{"not_picked":["TheCursedMod:CursedAmulet","TheCursedMod:CursedMace","TheCursedMod:CircleOfAmplification"],"picked":"SKIP","floor":12},{"not_picked":["TheCursedMod:FuryStrike","TheCursedMod:CursedMace"],"picked":"TheCursedMod:FleshFromBone","floor":13}],"player_experience":1046139,"relics_obtained":[{"floor":7,"key":"Anchor"},{"floor":9,"key":"The Courier"},{"floor":11,"key":"Lantern"},{"floor":13,"key":"InkBottle"}],"event_choices":[{"damage_healed":0,"gold_gain":0,"player_choice":"Rummage","damage_taken":0,"relics_obtained":["WarpedTongs"],"max_hp_gain":0,"max_hp_loss":0,"event_name":"Accursed Blacksmith","floor":4,"gold_loss":0,"cards_obtained":["Pain"]},{"damage_healed":0,"gold_gain":30,"player_choice":"Searched \u00272\u0027 times","damage_taken":0,"max_hp_gain":0,"max_hp_loss":0,"event_name":"Dead Adventurer","floor":13,"gold_loss":0},{"damage_healed":0,"gold_gain":0,"player_choice":"Upgraded","damage_taken":0,"max_hp_gain":0,"max_hp_loss":0,"event_name":"Upgrade Shrine","floor":14,"gold_loss":0,"cards_upgraded":["TheCursedMod:CursedRelics"]}],"is_beta":false,"boss_relics":[],"items_purged_floors":[],"is_endless":false,"potions_floor_spawned":[5,7,13],"killed_by":"Slime Boss","ascension_level":8}}