{"host":"kgj3hkp928synzkd","time":1612193460,"event":{"mods":["2.2 Compatiblity","A Magickal Journey","AchievementEnabler","Act Like it!","AlwaysNeverKeys","BaseMod","Better Altar","Better Match","Better Note","Better Sensory Stone","Better Synergies","Better Third Choice","Better Vampires","Block Reminder","Colored Map","Colored Powertips","Conspire","Curses Come First","Disable Question Mark Monsters","Downfall","GifTheSpireLib","Googly Eyes","Gremlin Skip","GungeonMod","Hallownest","Infinite Spire","Luminous","Marisa????????","Marked Mod","Minty Spire (QoL Compilation)","Permanent Neow","Quick Restart","Random Character Button","Rare Cards Sparkle","Replay The Spire","Spicy Shops","StSLib","SuperFastMode","The Bug Knight","The Exalted","Uncapped"],"gold_per_floor":[113,168,168,123,149,149,197,197,197,127,127,127,137,162,162,282,282,356,389,419,419,248,248,248],"floor_reached":23,"language":"ENG","playtime":1121,"items_purged":["Parasite"],"score":214,"play_id":"7682c3a5-35d7-4bf7-aa55-da6278653c97","local_time":"20210201103100","is_ascension_mode":false,"campfire_choices":[{"floor":8,"key":"REST"},{"floor":11,"key":"REST"},{"floor":15,"key":"REST"}],"circlet_count":0,"master_deck":["Strike_MRS","Strike_MRS","Strike_MRS","Strike_MRS","Defend_MRS","Defend_MRS","Defend_MRS","Defend_MRS","MasterSpark","UpSweep","GrandCross","WitchOfGreed","NonDirectionalLaser","PowerUp+1","EnergyRecoil","PowerUp","JA","AsteroidBelt","EnergyFlow+1","SuperNova","Clumsy"],"relics":["MiniHakkero","Potion Belt","Happy Flower","Smiling Mask","Bromod:ArcaneNullifier","Bottled Lightning","Hallownest:StagBellRelic1","conspire:RunicOctahedron","Mango"],"acts_visited":["Exordium","Hallownest:Greenpath"],"potions_floor_usage":[16,16,16,18,19,19,23,23,23,23,23],"damage_taken":[{"damage":7,"enemies":"Hallownest:2_Baldur","floor":1,"turns":3},{"damage":2,"enemies":"Hallownest:monsterHuskGuard","floor":5,"turns":4},{"damage":10,"enemies":"Hallownest:eliteVengeflyKing","floor":7,"turns":6},{"damage":0,"enemies":"Hallownest:monsterHuskWarrior","floor":13,"turns":2},{"damage":16,"enemies":"Hallownest:monsterFoolEater","floor":14,"turns":5},{"damage":68,"enemies":"Hallownest:BossHornet","floor":16,"turns":10},{"damage":21,"enemies":"Hallownest:Flukemon_and_Top","floor":18,"turns":5},{"damage":0,"enemies":"Hallownest:3_Youths","floor":19,"turns":8},{"damage":40,"enemies":"Hallownest:3_Mistakes","floor":20,"turns":12},{"damage":66,"enemies":"Nightmare","floor":23,"turns":9}],"seed_played":"6188386876063996250","potions_obtained":[{"floor":5,"key":"DemoMod:LeadSkinPotion"},{"floor":5,"key":"AttackPotion"},{"floor":7,"key":"Block Potion"},{"floor":13,"key":"Languid Potion"},{"floor":14,"key":"Strength Potion"},{"floor":16,"key":"ColorlessPotion"},{"floor":16,"key":"Languid Potion"},{"floor":18,"key":"Ancient Potion"},{"floor":19,"key":"ColorlessPotion"},{"floor":20,"key":"Dexterity Potion"},{"floor":20,"key":"Swift Potion"}],"is_trial":false,"path_per_floor":["M","T","?","$","M","?","E","R","T","?","R","?","M","M","R","B",null,"M","M","M","?","$","NM"],"character_chosen":"MARISA","items_purchased":["WitchOfGreed","Mango"],"campfire_rested":3,"item_purchase_floors":[4,22],"current_hp_per_floor":[82,82,42,42,40,31,21,47,47,47,73,73,73,57,83,15,89,68,68,28,42,56,0,0],"gold":248,"neow_bonus":"TWENTY_PERCENT_HP_BONUS","is_daily":false,"chose_seed":false,"campfire_upgraded":0,"win_rate":0.0,"timestamp":1612193460,"path_taken":["M","?","?","?","?","?","E","R","T","?","R","?","M","M","R","BOSS","M","M","M","?","$","NM"],"items_purchased_type":["Card","Relic"],"build_version":"2020-12-22","purchased_purges":1,"victory":false,"max_hp_per_floor":[89,89,89,89,89,89,89,89,89,89,89,89,89,89,89,89,89,89,89,89,89,100,100,100],"card_choices":[{"not_picked":["SporeBomb","EnergyRecoil"],"picked":"GrandCross","floor":1},{"not_picked":["ShootingEcho","IllusionStar"],"picked":"NonDirectionalLaser","floor":5},{"not_picked":["EarthLightRay","DragonMeteor"],"picked":"PowerUp","floor":7},{"not_picked":["MysteriousBeam","GravityBeat"],"picked":"EnergyRecoil","floor":13},{"not_picked":["SatelliteIllusion","SprinkleStarSeal"],"picked":"PowerUp","floor":14},{"not_picked":["StarDustReverie","UltimateShortwave"],"picked":"JA","floor":16},{"not_picked":["WitchLeyline","ShootingEcho"],"picked":"AsteroidBelt","floor":18},{"not_picked":["EventHorizon","SporeBomb+1"],"picked":"EnergyFlow+1","floor":19},{"not_picked":["WitchLeyline","EnergyFlow"],"picked":"SuperNova","floor":20}],"player_experience":305840,"relics_obtained":[{"floor":2,"key":"Potion Belt"},{"floor":7,"key":"Bromod:ArcaneNullifier"},{"floor":9,"key":"Bottled Lightning"}],"event_choices":[],"is_beta":false,"boss_relics":[{"not_picked":["Runic Dome","Replay:Grab Bag"],"picked":"conspire:RunicOctahedron"}],"items_purged_floors":[22],"is_endless":false,"potions_floor_spawned":[5,13,16,20],"killed_by":"Nightmare","ascension_level":0}}