{"host":"DrTrollPool","time":1612209708,"event":{"mods":["2.2 Compatiblity","BaseMod","BetterRewards","Colored Map","DeckTracker","Downfall","Googly Eyes","Hermit","HexUI Lib","Highlight Path","Hubris","Infinite Spire","Minty Spire (QoL Compilation)","Potionbrewer","Replay The Spire","StSLib","SuperFastMode","The Construct","The Cursed","The Disciple","The Hierophant","The Jungle","The Necromancer","The Runesmith","The Servant 0.9.4"],"gold_per_floor":[114,39,52,89,89,122,132,132,132,132,146,77,91,22,22,122,122,142,157,9,9,9,22,42,55,81,101,101,28,28,40,40,144,144,164,164,57,82,134,134,134,152,178,195,195,195,213,213,213,213],"floor_reached":51,"language":"ENG","playtime":2876,"items_purged":["potionbrewer:PotionbrewerStrike","potionbrewer:PotionbrewerDefend"],"score":649,"play_id":"b93a4355-fefb-4d13-9340-1f57c7e7ac8b","local_time":"20210201210147","is_ascension_mode":false,"campfire_choices":[{"floor":10,"key":"REST"},{"floor":15,"key":"REST"},{"floor":28,"key":"REST"},{"floor":30,"key":"REST"},{"floor":40,"key":"REST"},{"data":"potionbrewer:ChokingPowder","floor":45,"key":"SMITH"},{"floor":49,"key":"REST"}],"circlet_count":0,"master_deck":["potionbrewer:PotionbrewerStrike","potionbrewer:PotionbrewerDefend","potionbrewer:PotionbrewerDefend","potionbrewer:Collect","potionbrewer:ChemicalSpill","potionbrewer:IronHeart+1","potionbrewer:ExothermicReaction","potionbrewer:EmptyBottle+1","potionbrewer:PortableLab+1","potionbrewer:ChemicalRage+1","potionbrewer:ChemicalRage+1","potionbrewer:TestFormula+1","potionbrewer:PrivateReserves+1","potionbrewer:PotentialEnergy+1","potionbrewer:ChokingPowder+1","potionbrewer:IronHeart+1","potionbrewer:Fuel+1","potionbrewer:ChainReaction+1","potionbrewer:Shovel","potionbrewer:Bribery+1","potionbrewer:IronHeart+1","potionbrewer:ChainReaction+1","potionbrewer:Shovel+1","potionbrewer:AnotherRound+1"],"relics":["potionbrewer:PotionKit","Durian","Frozen Egg 2","infinitespire:Golems Mask","infinitespire:Beetle Shell","Empty Cage","HandDrill","Replay:Towering Pillar of Hats","construct:WeddingRing","infinitespire:Satchel","SacredBark","Pocketwatch","Nunchaku"],"acts_visited":["Exordium","TheCity","TheBeyond"],"potions_floor_usage":[6,6,6,6,6,6,7,11,16,16,16,18,19,23,23,24,24,25,27,27,31,31,33,33,33,35,35,37,38,39,39,39,39,44,44,47,47,50,50,50],"damage_taken":[{"damage":8.0,"enemies":"2 Louse","floor":1.0,"turns":3.0},{"damage":2.0,"enemies":"Small Slimes","floor":3.0,"turns":4.0},{"damage":30,"enemies":"Lagavulin","floor":6,"turns":5},{"damage":3,"enemies":"Jaw Worm","floor":7,"turns":4},{"damage":0,"enemies":"Exordium Wildlife","floor":11,"turns":4},{"damage":13,"enemies":"Looter","floor":13,"turns":4},{"damage":7,"enemies":"Fading Forest","floor":16,"turns":11},{"damage":7,"enemies":"Spheric Guardian","floor":18,"turns":5},{"damage":33,"enemies":"3 Byrds","floor":19,"turns":4},{"damage":12,"enemies":"Snake Plant","floor":23,"turns":3},{"damage":20,"enemies":"Cultist and Chosen","floor":24,"turns":6},{"damage":0,"enemies":"3 Cultists","floor":25,"turns":5},{"damage":0,"enemies":"Shelled Parasite and Fungi","floor":27,"turns":5},{"damage":0,"enemies":"Centurion and Healer","floor":31,"turns":4},{"damage":38,"enemies":"hubris:MusketHawk","floor":33,"turns":7},{"damage":17,"enemies":"3 Darklings","floor":35,"turns":6},{"damage":0,"enemies":"3 Shapes","floor":38,"turns":5},{"damage":41,"enemies":"2 Orb Walkers","floor":39,"turns":5},{"damage":0,"enemies":"Maw","floor":42,"turns":8},{"damage":0,"enemies":"Transient","floor":44,"turns":5},{"damage":5,"enemies":"Writhing Mass","floor":47,"turns":4},{"damage":26,"enemies":"Time Eater","floor":50,"turns":10}],"seed_played":"-8176377375884164226","potions_obtained":[{"floor":0.0,"key":"bronze:BurnAndBuffPotion"},{"floor":0.0,"key":"Block Potion"},{"floor":0.0,"key":"construct:ShiftPotion"},{"floor":3.0,"key":"sneckomod:MuddlingPotion"},{"floor":13,"key":"DistilledChaos"},{"floor":16,"key":"SneckoOil"},{"floor":24,"key":"Swift Potion"},{"floor":27,"key":"potionbrewer:DiscountPotion"},{"floor":33,"key":"ColorlessPotion"},{"floor":35,"key":"sneckomod:MuddlingPotion"},{"floor":39,"key":"Strength Potion"},{"floor":47,"key":"ColorlessPotion"}],"is_trial":false,"path_per_floor":["M","$","M","?","?","E","M","?","T","R","M","$","M","$","R","B",null,"M","M","$","?","AVR","M","M","M","T","M","R","$","R","M","R_BF","B",null,"M","?","$","M","?","R","?","M","T","M","R","?","M","?","R","B",null],"character_chosen":"POTIONBREWER","items_purchased":["potionbrewer:ChemicalRage+1","potionbrewer:PrivateReserves+1","HandDrill","potionbrewer:FlareUp","potionbrewer:IronHeart+1","BlessingOfTheForge"],"campfire_rested":6,"item_purchase_floors":[12,14,20,29,37,37],"current_hp_per_floor":[67,67,65,40,40,10,7,7,7,31,31,31,18,18,42,45,80,73,40,40,40,40,28,8,8,8,8,32,32,56,56,80,42,80,63,63,63,63,22,46,46,46,46,46,46,46,41,41,65,39],"gold":213,"neow_bonus":"THREE_SMALL_POTIONS","is_daily":false,"chose_seed":false,"campfire_upgraded":1,"win_rate":0.0,"timestamp":1612209707,"path_taken":["M","$","M","?","?","E","M","?","T","R","M","$","M","?","R","BOSS","M","M","$","?","AVR","?","M","?","T","M","R","?","R","M","R_BF","BOSS","M","?","$","?","?","R","?","M","T","M","R","?","?","?","R","BOSS"],"items_purchased_type":["Card","Card","Relic","Card","Card","Potion"],"build_version":"2020-12-18","purchased_purges":2,"victory":true,"max_hp_per_floor":[75,75,75,80,80,80,80,80,80,80,80,80,80,80,80,80,80,80,80,80,80,80,80,80,80,80,80,80,80,80,80,80,80,80,80,80,80,80,80,80,80,80,80,80,80,80,80,80,80,80],"card_choices":[{"not_picked":["potionbrewer:Fuel","potionbrewer:FlareUp"],"picked":"potionbrewer:IronHeart","floor":1.0},{"not_picked":["potionbrewer:Shovel","potionbrewer:FortifiedSerum"],"picked":"potionbrewer:ExothermicReaction","floor":3.0},{"not_picked":["potionbrewer:LabJournal","potionbrewer:Toxicity"],"picked":"potionbrewer:EmptyBottle","floor":4},{"not_picked":["potionbrewer:Toxicity","potionbrewer:CausticBarrier"],"picked":"potionbrewer:PortableLab+1","floor":6},{"not_picked":["potionbrewer:OneTwoPunch","potionbrewer:FortifiedSerum"],"picked":"potionbrewer:ChemicalRage+1","floor":7},{"not_picked":["potionbrewer:OneTwoPunch","potionbrewer:Biohazard","potionbrewer:IronFlesh"],"picked":"SKIP","floor":11},{"not_picked":["potionbrewer:Contingency","potionbrewer:Brandish"],"picked":"potionbrewer:TestFormula","floor":13},{"not_picked":["potionbrewer:BeatDown","potionbrewer:AlchemistForm+1","potionbrewer:Prototype"],"picked":"potionbrewer:PotentialEnergy+1","floor":16},{"not_picked":["potionbrewer:FortifiedSerum","potionbrewer:Refill+1"],"picked":"potionbrewer:ChokingPowder","floor":18},{"not_picked":["potionbrewer:VolatileSolution","potionbrewer:Backhand","potionbrewer:FlashPowder+1"],"picked":"SKIP","floor":19},{"not_picked":["potionbrewer:Experimentation+1","potionbrewer:ChemicalRage+1","potionbrewer:Prototype"],"picked":"potionbrewer:Fuel","floor":23},{"not_picked":["potionbrewer:Backhand","potionbrewer:DigDeep","potionbrewer:CausticBarrier"],"picked":"SKIP","floor":24},{"not_picked":["potionbrewer:ExothermicReaction","potionbrewer:Brandish","potionbrewer:Biohazard"],"picked":"SKIP","floor":25},{"not_picked":["potionbrewer:WizBang","potionbrewer:Backhand","potionbrewer:Prototype"],"picked":"potionbrewer:ChainReaction+1","floor":27},{"not_picked":["potionbrewer:Refill","potionbrewer:TestSubject","potionbrewer:Prototype"],"picked":"potionbrewer:Shovel","floor":31},{"not_picked":["potionbrewer:PotentialEnergy+1","potionbrewer:Accelerant","potionbrewer:Prototype"],"picked":"potionbrewer:Bribery+1","floor":33},{"not_picked":["potionbrewer:WizBang","potionbrewer:Refill+1","potionbrewer:BlindingSpray","potionbrewer:Prototype"],"picked":"SKIP","floor":35},{"not_picked":["potionbrewer:Smokescreen","potionbrewer:FlashPowder","potionbrewer:CausticBarrier","potionbrewer:Prototype"],"picked":"SKIP","floor":38},{"not_picked":["potionbrewer:ChemicalRage+1","potionbrewer:LeftoverSpecimen","potionbrewer:Prototype"],"picked":"potionbrewer:ChainReaction+1","floor":39},{"not_picked":["potionbrewer:ChemicalShroud","potionbrewer:Refill","potionbrewer:Prototype"],"picked":"potionbrewer:Shovel+1","floor":42},{"not_picked":["potionbrewer:BalancedFormula","potionbrewer:BlindingMist+1","potionbrewer:Prototype"],"picked":"potionbrewer:AnotherRound+1","floor":44},{"not_picked":["potionbrewer:TimeBomb+1","potionbrewer:Experimentation","potionbrewer:ChainReaction+1","potionbrewer:Prototype"],"picked":"SKIP","floor":47}],"player_experience":118055,"relics_obtained":[{"floor":4,"key":"Durian"},{"floor":5,"key":"Frozen Egg 2"},{"floor":6,"key":"infinitespire:Golems Mask"},{"floor":9,"key":"infinitespire:Beetle Shell"},{"floor":26,"key":"infinitespire:Satchel"},{"floor":39,"key":"Pocketwatch"},{"floor":43,"key":"Nunchaku"}],"event_choices":[{"damage_healed":0,"gold_gain":0,"player_choice":"Grow","damage_taken":0,"max_hp_gain":0,"max_hp_loss":0,"event_name":"Living Wall","floor":8,"gold_loss":0,"cards_upgraded":["potionbrewer:IronHeart"]},{"damage_healed":0,"gold_gain":0,"player_choice":"Copied","damage_taken":0,"max_hp_gain":0,"max_hp_loss":0,"event_name":"Duplicator","floor":21,"gold_loss":0,"cards_obtained":["potionbrewer:IronHeart"]},{"damage_healed":0,"gold_gain":0,"player_choice":"Ignored","damage_taken":0,"max_hp_gain":0,"max_hp_loss":0,"event_name":"Transmorgrifier","floor":36,"gold_loss":0},{"damage_healed":0,"gold_gain":0,"player_choice":"Fight","damage_taken":0,"max_hp_gain":0,"max_hp_loss":0,"event_name":"Mysterious Sphere","floor":39,"gold_loss":0},{"cards_removed":["potionbrewer:FlareUp"],"damage_healed":0,"gold_gain":0,"player_choice":"Removed Attack","damage_taken":0,"max_hp_gain":0,"max_hp_loss":0,"event_name":"Falling","floor":41,"gold_loss":0},{"cards_removed":["potionbrewer:PotionbrewerStrike"],"damage_healed":0,"gold_gain":0,"player_choice":"Offered Basic","damage_taken":0,"max_hp_gain":0,"max_hp_loss":0,"event_name":"Bonfire Elementals","floor":46,"gold_loss":0}],"is_beta":true,"boss_relics":[{"not_picked":["Replay:Wanted Poster","Cursed Key"],"picked":"Empty Cage"},{"not_picked":["Astrolabe","hubris:BlackHole"],"picked":"SacredBark"}],"items_purged_floors":[2,22],"is_endless":false,"potions_floor_spawned":[3,13,16,24,27,33,35,39,47],"ascension_level":0}}