{"host":"x8sop9v6zw8yitbt","time":1612152088,"event":{"mods":["BaseMod","Best Route Mod","Block Reminder","Colored Powertips","Dark Map","DeckTracker","Minty Spire (QoL Compilation)","Permanent Neow","Quick Restart","Reliquary","Spicy Shops","StSLib"],"gold_per_floor":[113,113,129,129,140,140,165,165,165,190,200,216,216,230,230,334,334,334,334],"floor_reached":18,"language":"ENG","playtime":440,"items_purged":[],"score":206,"play_id":"65e067ac-d02d-488f-bb17-4f57879a87dd","local_time":"20210131230128","is_ascension_mode":true,"campfire_choices":[{"data":"Neutralize","floor":6,"key":"SMITH"},{"data":"Corpse Explosion","floor":8,"key":"SMITH"},{"data":"Backflip","floor":13,"key":"SMITH"},{"data":"Corpse Explosion","floor":15,"key":"SMITH"}],"circlet_count":0,"master_deck":["Strike_G","Strike_G","Strike_G","Strike_G","Strike_G+1","Defend_G","Defend_G","Survivor","Neutralize+1","Corpse Explosion+1","Deadly Poison+1","PiercingWail","Backflip+1","Corpse Explosion+1","Adrenaline","Outmaneuver+1","Distraction+1","Bouncing Flask+1"],"relics":["Ring of the Snake","reliquary:QuartzCube","StrikeDummy","Mango","Astrolabe"],"acts_visited":["Exordium","TheCity"],"potions_floor_usage":[],"damage_taken":[{"damage":0,"enemies":"2 Louse","floor":1,"turns":2},{"damage":5,"enemies":"Small Slimes","floor":3,"turns":3},{"damage":0,"enemies":"Jaw Worm","floor":5,"turns":4},{"damage":12,"enemies":"3 Sentries","floor":7,"turns":5},{"damage":6,"enemies":"Gremlin Nob","floor":10,"turns":3},{"damage":0,"enemies":"2 Fungi Beasts","floor":11,"turns":2},{"damage":5,"enemies":"Large Slime","floor":12,"turns":4},{"damage":0,"enemies":"3 Louse","floor":14,"turns":3},{"damage":8,"enemies":"The Guardian","floor":16,"turns":8},{"damage":0,"enemies":"3 Byrds","floor":18,"turns":3}],"seed_played":"3299275564041902823","potions_obtained":[{"floor":5,"key":"Poison Potion"},{"floor":7,"key":"Energy Potion"},{"floor":10,"key":"DistilledChaos"}],"is_trial":false,"path_per_floor":["M","?","M","?","M","R","E","R","T","E","M","M","R","M","R","B",null,"M"],"character_chosen":"THE_SILENT","items_purchased":[],"campfire_rested":0,"item_purchase_floors":[],"current_hp_per_floor":[70,75,70,55,55,55,43,43,43,51,51,46,46,46,46,38,89,89,89],"gold":334,"neow_bonus":"ONE_RANDOM_RARE_CARD","is_daily":false,"chose_seed":false,"campfire_upgraded":4,"win_rate":0.0,"timestamp":1612152088,"path_taken":["M","?","M","?","M","R","E","R","T","E","?","M","R","M","R","BOSS","M"],"items_purchased_type":[],"build_version":"2020-12-22","purchased_purges":0,"victory":false,"max_hp_per_floor":[70,75,75,75,75,75,75,75,75,89,89,89,89,89,89,89,89,89,89],"card_choices":[{"not_picked":["Calculated Gamble","Dodge and Roll"],"picked":"Deadly Poison","floor":1},{"not_picked":["Heel Hook","Riddle With Holes"],"picked":"PiercingWail","floor":3},{"not_picked":["Caltrops","Outmaneuver"],"picked":"Backflip","floor":5},{"not_picked":["Expertise","Dash","Sucker Punch"],"picked":"SKIP","floor":7},{"not_picked":["Blade Dance","Tactician","Dagger Throw"],"picked":"SKIP","floor":10},{"not_picked":["Endless Agony","Deflect","Flying Knee"],"picked":"SKIP","floor":11},{"not_picked":["Dodge and Roll","Prepared","Terror"],"picked":"SKIP","floor":12},{"not_picked":["Dagger Spray","Flying Knee"],"picked":"Corpse Explosion","floor":14},{"not_picked":["Storm of Steel","Envenom"],"picked":"Adrenaline","floor":16}],"player_experience":869169,"relics_obtained":[{"floor":7,"key":"reliquary:QuartzCube"},{"floor":9,"key":"StrikeDummy"},{"floor":10,"key":"Mango"}],"event_choices":[{"damage_healed":0,"gold_gain":0,"player_choice":"Donut","damage_taken":0,"max_hp_gain":5,"max_hp_loss":0,"event_name":"Big Fish","floor":2,"gold_loss":0},{"damage_healed":0,"gold_gain":0,"player_choice":"Entered Light","damage_taken":15,"max_hp_gain":0,"max_hp_loss":0,"event_name":"Shining Light","floor":4,"gold_loss":0,"cards_upgraded":["Strike_G","Deadly Poison"]}],"is_beta":false,"boss_relics":[{"not_picked":["HoveringKite","SacredBark"],"picked":"Astrolabe"}],"items_purged_floors":[],"is_endless":false,"potions_floor_spawned":[5,7,10,11],"killed_by":"3 Byrds","ascension_level":1}}