{"host":"Lucas","time":1612196054,"event":{"mods":["BaseMod","Downfall","Minty Spire (QoL Compilation)","READ ME - Guardian Mod","StSLib","The Cursed","The Disciple","The Necromancer","The Servant 0.9.4"],"gold_per_floor":[99,84,84,97,97,116,143,143,173,188,188,222,222,222,240,344,344,344,362,55,73,58,58,126,126,126,126,126,158,176,176,186,281,281,281,295,306,316,332,411,411,308,308,43,91,91,109,11,28,28],"floor_reached":51,"language":"ENG","playtime":3559,"items_purged":["Regret"],"score":754,"play_id":"5ca523e8-7e42-4dbb-811f-0518fe324e3a","local_time":"20210201161414","is_ascension_mode":true,"campfire_choices":[{"data":"champ:Taunt","floor":1,"key":"SMITH"},{"data":"champ:StanceDance","floor":8,"key":"SMITH"},{"data":"champ:AdrenalArmor","floor":11,"key":"SMITH"},{"data":"champ:TornadoPunch","floor":18,"key":"SMITH"},{"floor":23,"key":"REST"},{"floor":26,"key":"REST"},{"data":"champ:PerfectedStrike","floor":28,"key":"SMITH"},{"data":"champ:PerfectedStrike","floor":35,"key":"SMITH"},{"floor":46,"key":"REST"}],"circlet_count":0,"master_deck":["champ:Strike","champ:Strike","champ:Strike","champ:Strike","champ:Defend","champ:Defend","champ:Defend","champ:Defend","champ:Execute","champ:Taunt+1","champ:ShieldSigil+1","champ:AdrenalArmor+1","champ:StanceDance+1","champ:EndlessRage+1","champ:BerserkersShout","champ:LastStand+1","champ:TornadoPunch+1","champ:MurderStrike","champ:SetATrap","champ:PerfectedStrike+1","champ:BerserkerStyle+1","champ:PerfectedStrike+1","champ:PerfectedStrike+1","champ:TornadoPunch+1","champ:PerfectedStrike","champ:SkillfulDodge+1","champ:Devastate","CurseOfTheBell","champ:ShieldWall+1","champ:RecklessLeap","champ:TornadoPunch+1","Parasite","champ:Shatter","champ:StanceDance+1","champ:UltimateStance","expansioncontent:Hexaburn+1","champ:Shatter+1","champ:Duel","champ:PerfectedStrike+1"],"relics":["champ:ChampionCrown","Guardian:PocketSentry","Potion Belt","Frozen Egg 2","Tiny Chest","Juzu Bracelet","bronze:MakeshiftBattery","HandDrill","Pantograph","Nilry\u0027s Codex","Kunai","Du-Vu Doll","champ:DefensiveTrainingManual","Calling Bell","Toy Ornithopter","Sundial","Peace Pipe","Singing Bowl","Incense Burner","FossilizedHelix","Vajra","Membership Card","Regal Pillow","Bronze Scales"],"acts_visited":["Exordium","TheCity","TheBeyond"],"potions_floor_usage":[16,29,33,33,38,50,50],"damage_taken":[{"damage":20,"enemies":"downfall:FleeingMerchant","floor":2,"turns":4},{"damage":29,"enemies":"Jaw Worm","floor":4,"turns":4},{"damage":11,"enemies":"Small Slimes","floor":6,"turns":3},{"damage":42,"enemies":"3 Sentries","floor":9,"turns":7},{"damage":0,"enemies":"2 Louse","floor":10,"turns":1},{"damage":73,"enemies":"Lagavulin","floor":12,"turns":6},{"damage":38,"enemies":"Large Slime","floor":15,"turns":4},{"damage":87,"enemies":"DF_ARCHETYPE_STREAMLINE","floor":16,"turns":9},{"damage":61,"enemies":"Chosen","floor":19,"turns":5},{"damage":46,"enemies":"downfall:FleeingMerchant","floor":20,"turns":4},{"damage":42,"enemies":"Spheric Guardian","floor":21,"turns":3},{"damage":69,"enemies":"downfall:FleeingMerchant","floor":22,"turns":4},{"damage":66,"enemies":"Slavers","floor":29,"turns":4},{"damage":14,"enemies":"Shelled Parasite and Fungi","floor":30,"turns":3},{"damage":19,"enemies":"Sentry and Sphere","floor":32,"turns":4},{"damage":19,"enemies":"IC_MUSHROOM_ARCHETYPE","floor":33,"turns":4},{"damage":7,"enemies":"3 Shapes","floor":36,"turns":3},{"damage":17,"enemies":"Orb Walker","floor":37,"turns":2},{"damage":74,"enemies":"Transient","floor":38,"turns":5},{"damage":53,"enemies":"Writhing Mass","floor":39,"turns":4},{"damage":20,"enemies":"downfall:FleeingMerchant","floor":42,"turns":2},{"damage":21,"enemies":"Spire Growth","floor":47,"turns":4},{"damage":52,"enemies":"Jaw Worm Horde","floor":49,"turns":3},{"damage":65,"enemies":"SI_POISON_ARCHETYPE","floor":50,"turns":8}],"seed_played":"4516602537661479345","potions_obtained":[{"floor":6,"key":"Swift Potion"},{"floor":10,"key":"CultistPotion"},{"floor":12,"key":"FairyPotion"},{"floor":19,"key":"AttackPotion"},{"floor":21,"key":"FearPotion"},{"floor":30,"key":"FearPotion"},{"floor":33,"key":"DistilledChaos"},{"floor":49,"key":"FairyPotion"}],"is_trial":false,"path_per_floor":["R","$","?","M","?","M","T","R","E","M","R","E","?","?","M","B",null,"R","M","$","M","$","R","T","?","R","T","R","E","M","?","M","B",null,"R","M","M","M","M","?","T","$","?","$","T","R","M","$","M","B",null],"character_chosen":"THE_CHAMP","items_purchased":["champ:BerserkerStyle+1","HandDrill","FossilizedHelix","Vajra","Membership Card","DistilledChaos","champ:UltimateStance","expansioncontent:Hexaburn","Bronze Scales","champ:Duel"],"campfire_rested":3,"item_purchase_floors":[20,20,42,42,44,44,44,44,48,48],"current_hp_per_floor":[90,90,90,81,81,80,80,80,73,73,73,60,60,60,52,31,90,90,74,73,73,58,85,85,69,90,90,90,57,57,57,57,63,90,90,83,76,36,21,21,21,21,21,21,21,63,75,75,51,33],"gold":28,"neow_bonus":"RANDOM_COMMON_RELIC","is_daily":false,"chose_seed":false,"campfire_upgraded":6,"win_rate":0.0,"timestamp":1612196054,"path_taken":["R","$","?","M","?","M","T","R","E","M","R","E","?","?","M","BOSS","R","M","$","M","$","R","T","?","R","?","R","E","M","?","M","BOSS","R","M","M","M","M","?","T","$","?","$","?","R","M","$","M","BOSS"],"items_purchased_type":["Card","Relic","Relic","Relic","Relic","Potion","Card","Card","Relic","Card"],"build_version":"2020-12-18","purchased_purges":1,"victory":true,"max_hp_per_floor":[90,90,90,90,90,90,90,90,90,90,90,90,90,90,90,90,90,90,90,90,90,90,90,90,90,90,90,90,90,90,90,90,90,90,90,90,90,90,90,90,90,90,90,90,90,90,90,90,90,90],"card_choices":[{"not_picked":["champ:HeartStrike","champ:Lariat"],"picked":"champ:ShieldSigil","floor":2},{"not_picked":["champ:Circumvent","champ:BerserkersShout"],"picked":"champ:AdrenalArmor","floor":4},{"not_picked":["champ:CrownThrow","champ:BringItOn"],"picked":"champ:StanceDance","floor":6},{"not_picked":["champ:EnGarde","champ:Haymaker"],"picked":"champ:EndlessRage+1","floor":9},{"not_picked":["champ:PreemptiveStrike","champ:GutPunch"],"picked":"champ:BerserkersShout","floor":10},{"not_picked":["champ:BringItOn","champ:Circumvent"],"picked":"champ:LastStand+1","floor":12},{"not_picked":["champ:GutPunch","champ:AdrenalArmor"],"picked":"champ:TornadoPunch","floor":15},{"not_picked":["champ:VampiricStrike","champ:TripleStrike"],"picked":"champ:MurderStrike","floor":16},{"not_picked":["champ:Shatter+1","champ:EnGarde+1"],"picked":"champ:SetATrap","floor":19},{"not_picked":["champ:EnragedBash","champ:BladeFlurry"],"picked":"champ:PerfectedStrike+1","floor":20},{"not_picked":["champ:FlashCut","champ:ShieldSlam"],"picked":"champ:PerfectedStrike","floor":21},{"not_picked":["champ:StanceDance+1","champ:DefensiveShout"],"picked":"champ:PerfectedStrike","floor":22},{"not_picked":["champ:Endure+1","champ:GladiatorStyle+1"],"picked":"champ:TornadoPunch+1","floor":29},{"not_picked":["champ:FaceSlap+1","champ:AdrenalArmor"],"picked":"champ:PerfectedStrike","floor":30},{"not_picked":["champ:ShieldThrow","champ:PreciseThrust"],"picked":"champ:SkillfulDodge+1","floor":32},{"not_picked":["champ:GladiatorForm+1","champ:HeavySlash"],"picked":"champ:Devastate","floor":33},{"not_picked":["champ:Haymaker","champ:FalseCounter+1"],"picked":"champ:ShieldWall+1","floor":36},{"not_picked":["champ:FocusedDefense+1","champ:Encircle+1"],"picked":"champ:RecklessLeap","floor":37},{"not_picked":["champ:BladeFlurry+1","champ:Duel"],"picked":"champ:TornadoPunch+1","floor":38},{"not_picked":["champ:StanceDance","champ:GladiatorStyle+1"],"picked":"champ:Shatter","floor":39},{"not_picked":["champ:TornadoPunch","champ:GladiatorForm+1"],"picked":"champ:StanceDance+1","floor":42},{"not_picked":["champ:RisingSlash","champ:PreemptiveStrike+1"],"picked":"champ:Shatter+1","floor":47},{"not_picked":["champ:RecklessLeap+1","champ:FanOfKnives"],"picked":"champ:PerfectedStrike+1","floor":49}],"player_experience":1256972,"relics_obtained":[{"floor":7,"key":"Potion Belt"},{"floor":9,"key":"Frozen Egg 2"},{"floor":12,"key":"Tiny Chest"},{"floor":24,"key":"Pantograph"},{"floor":25,"key":"Nilry\u0027s Codex"},{"floor":27,"key":"Kunai"},{"floor":29,"key":"Du-Vu Doll"},{"floor":34,"key":"Toy Ornithopter"},{"floor":34,"key":"Sundial"},{"floor":34,"key":"Peace Pipe"},{"floor":40,"key":"Singing Bowl"},{"floor":41,"key":"Incense Burner"},{"floor":45,"key":"Regal Pillow"}],"event_choices":[{"damage_healed":0,"gold_gain":0,"player_choice":"Grow","damage_taken":0,"max_hp_gain":0,"max_hp_loss":0,"event_name":"Living Wall","floor":5,"gold_loss":0,"cards_upgraded":["champ:ShieldSigil"]},{"damage_healed":0,"gold_gain":0,"player_choice":"Box","damage_taken":0,"relics_obtained":["Juzu Bracelet"],"max_hp_gain":0,"max_hp_loss":0,"event_name":"Big Fish","floor":14,"gold_loss":0,"cards_obtained":["Regret"]}],"is_beta":true,"boss_relics":[{"not_picked":["Astrolabe","Runic Dome"],"picked":"bronze:MakeshiftBattery"},{"not_picked":["Snecko Eye","Runic Pyramid"],"picked":"Calling Bell"}],"items_purged_floors":[20],"is_endless":false,"potions_floor_spawned":[6,10,12,19,21,30,33,49],"ascension_level":1}}