{"host":"fkig9nrckec4xsh0","time":1612173477,"event":{"mods":["Act Like it!","BaseMod","Colored Map","Gensokyo","Hermit","Marisa????????","Minty Spire (QoL Compilation)","Quick Restart","Replay The Spire","StSLib"],"gold_per_floor":[112,112,112,37,53,87,87,122,148,148,148,148],"floor_reached":11,"language":"ENG","playtime":344,"items_purged":["Regret"],"score":208,"play_id":"8b37ab75-0e53-406b-8aae-d596dea086f1","local_time":"20210201045757","is_ascension_mode":true,"campfire_choices":[{"data":"Barricade","floor":7,"key":"SMITH"},{"data":"Feed","floor":10,"key":"SMITH"}],"circlet_count":0,"master_deck":["AscendersBane","Strike_R","Strike_R","Strike_R","Strike_R+1","Strike_R","Defend_R","Defend_R","Defend_R","Defend_R+1","Bash","Cleave+1","Barricade+1","Feed+1"],"relics":["Burning Blood","NeowsBlessing","Simple Rune","Pen Nib","FossilizedHelix","Boot"],"acts_visited":["Exordium"],"potions_floor_usage":[8,11],"damage_taken":[{"damage":0,"enemies":"2 Louse","floor":1,"turns":1},{"damage":0,"enemies":"Jaw Worm","floor":5,"turns":1},{"damage":0,"enemies":"Lagavulin","floor":6,"turns":1},{"damage":41,"enemies":"3 Sentries","floor":8,"turns":12},{"damage":55,"enemies":"Gremlin Nob","floor":11,"turns":4}],"seed_played":"-913549317054027213","potions_obtained":[{"floor":5,"key":"SpeedPotion"},{"floor":6,"key":"BloodPotion"}],"is_trial":false,"path_per_floor":["M","?","?","$","M","E","R","E","T","R","E"],"character_chosen":"IRONCLAD","items_purchased":[],"campfire_rested":0,"item_purchase_floors":[],"current_hp_per_floor":[74,74,74,74,75,75,75,40,40,40,0,0],"gold":148,"neow_bonus":"THREE_ENEMY_KILL","is_daily":false,"chose_seed":false,"campfire_upgraded":2,"win_rate":0.0,"timestamp":1612173477,"path_taken":["M","?","?","$","?","E","R","E","T","R","E"],"items_purchased_type":[],"build_version":"2020-12-22","purchased_purges":1,"victory":false,"max_hp_per_floor":[75,75,75,75,75,75,75,75,75,75,75,75],"card_choices":[{"not_picked":["Replay:Undeath\u0027s Touch","Shrug It Off"],"picked":"Cleave","floor":1},{"not_picked":["Dual Wield","Thunderclap"],"picked":"Barricade","floor":5},{"not_picked":["Wild Strike","Iron Wave","Clothesline"],"picked":"SKIP","floor":6},{"not_picked":["Body Slam","Iron Wave"],"picked":"Feed","floor":8}],"player_experience":417306,"relics_obtained":[{"floor":6,"key":"Pen Nib"},{"floor":8,"key":"FossilizedHelix"},{"floor":9,"key":"Boot"}],"event_choices":[{"damage_healed":0,"gold_gain":0,"player_choice":"Box","damage_taken":0,"relics_obtained":["Simple Rune"],"max_hp_gain":0,"max_hp_loss":0,"event_name":"Big Fish","floor":2,"gold_loss":0,"cards_obtained":["Regret"]},{"damage_healed":0,"gold_gain":0,"player_choice":"Upgraded","damage_taken":0,"max_hp_gain":0,"max_hp_loss":0,"event_name":"Upgrade Shrine","floor":3,"gold_loss":0,"cards_upgraded":["Cleave"]}],"is_beta":false,"boss_relics":[],"items_purged_floors":[4],"is_endless":false,"potions_floor_spawned":[5,6],"killed_by":"Gremlin Nob","ascension_level":20}}