{"host":"pmmuxs046gii331m","time":1612203624,"event":{"mods":["AchievementEnabler","BaseMod","Colored Powertips","Downfall","Gold Saver","Minty Spire (QoL Compilation)","Permanent Neow","Quick Restart","StSLib"],"gold_per_floor":[99,112,123,123,123,123,123,123,138,138,138,48,78,91,103,103,103,103],"floor_reached":16,"language":"ENG","playtime":1330,"items_purged":["Parasite"],"score":100,"play_id":"e8530294-2fb1-41d0-8cfa-b755bb6682cd","local_time":"20210201132024","is_ascension_mode":false,"campfire_choices":[{"data":"sneckomod:SnekBite","floor":1,"key":"SMITH"},{"data":"sneckomod:Unknown1Cost","floor":6,"key":"SMITH"}],"circlet_count":0,"master_deck":["sneckomod:Strike","sneckomod:Strike+1","sneckomod:Defend","sneckomod:Defend","sneckomod:TailWhip+1","sneckomod:SnekBite+1","sneckomod:Unknown+1","sneckomod:Unknown","sneckomod:IronFang","sneckomod:CheapStock","sneckomod:Unknown1Cost+1","sneckomod:UnknownRareAttack"],"relics":["sneckomod:SneckoSoul","FossilizedHelix","Tiny Chest"],"acts_visited":["Exordium"],"potions_floor_usage":[16],"damage_taken":[{"damage":4,"enemies":"2 Louse","floor":2,"turns":2},{"damage":3,"enemies":"Small Slimes","floor":3,"turns":3},{"damage":0,"enemies":"Cultist","floor":8,"turns":1},{"damage":0,"enemies":"2 Fungi Beasts","floor":9,"turns":3},{"damage":0,"enemies":"downfall:FleeingMerchant","floor":12,"turns":4},{"damage":31,"enemies":"Lagavulin","floor":13,"turns":6},{"damage":0,"enemies":"Blue Slaver","floor":14,"turns":2},{"damage":0,"enemies":"2 Fungi Beasts","floor":15,"turns":3},{"damage":35,"enemies":"IC_STATUS_ARCHETYPE","floor":16,"turns":10}],"seed_played":"-1020748210754888478","potions_obtained":[{"floor":3,"key":"sneckomod:DiceRollPotion"},{"floor":13,"key":"BlessingOfTheForge"},{"floor":14,"key":"sneckomod:MuddlingPotion"}],"is_trial":false,"path_per_floor":["R","M","M","?","?","R","T","M","M","?","?","$","E","M","M","B"],"character_chosen":"THE_SNECKO","items_purchased":[],"campfire_rested":0,"item_purchase_floors":[],"current_hp_per_floor":[90,86,83,65,65,65,65,65,65,65,65,65,34,34,34,0,0,0],"gold":103,"neow_bonus":"THREE_CARDS","is_daily":false,"chose_seed":false,"campfire_upgraded":2,"win_rate":0.0,"timestamp":1612203624,"path_taken":["R","M","M","?","?","R","T","M","M","?","?","$","E","M","M","BOSS"],"items_purchased_type":[],"build_version":"2020-12-22","purchased_purges":1,"victory":false,"max_hp_per_floor":[90,90,90,90,90,90,90,90,90,90,90,87,87,87,87,87,87,87],"card_choices":[{"not_picked":["sneckomod:UnknownDraw","sneckomod:SoulRoll"],"picked":"sneckomod:IronFang","floor":0},{"not_picked":["sneckomod:UnknownCommonSkill","sneckomod:SoulRoll"],"picked":"sneckomod:CheapStock","floor":2},{"not_picked":["sneckomod:UnknownDraw","sneckomod:UnendingSupply"],"picked":"sneckomod:Unknown1Cost","floor":3},{"not_picked":["sneckomod:IronFang","sneckomod:Unknown1Cost","sneckomod:TrashToTreasure"],"picked":"SKIP","floor":8},{"not_picked":["sneckomod:WideSting","sneckomod:SoulCleanse"],"picked":"sneckomod:UnknownRareAttack","floor":9},{"not_picked":["sneckomod:QuickBite","sneckomod:IronFang","sneckomod:UnknownVulnerable"],"picked":"SKIP","floor":12},{"not_picked":["sneckomod:SnekBeam","sneckomod:WideSting","sneckomod:SoulDraw"],"picked":"SKIP","floor":13},{"not_picked":["sneckomod:UnknownDraw","sneckomod:SoulRoll","sneckomod:Unknown1Cost"],"picked":"SKIP","floor":14},{"not_picked":["sneckomod:UnknownCommonAttack","sneckomod:ImprovisedAttack","sneckomod:DiceCrush"],"picked":"SKIP","floor":15}],"player_experience":433712,"relics_obtained":[{"floor":13,"key":"Tiny Chest"}],"event_choices":[{"damage_healed":0,"gold_gain":0,"player_choice":"Success","damage_taken":18,"relics_obtained":["FossilizedHelix"],"max_hp_gain":0,"max_hp_loss":0,"event_name":"Scrap Ooze","floor":4,"gold_loss":0}],"is_beta":false,"boss_relics":[],"items_purged_floors":[12],"is_endless":false,"potions_floor_spawned":[3,13,14],"killed_by":"IC_STATUS_ARCHETYPE","ascension_level":0}}