{"host":"h2977v3ax51ohsow","time":1612161130,"event":{"mods":["Act Like it!","BaseMod","Colored Powertips","Gensokyo","Koishi","Lobotomy","Marisa£®ÏF”Í°°ƒß¿Ì…≥£©","Minty Spire (QoL Compilation)","Remilia£®¿Ÿ√◊¿Ú—«£©","Shop Mod","StSLib","The Bug Knight","The Servant 0.9.4"],"gold_per_floor":[109,119,119,139,177,177,177],"floor_reached":6,"language":"ZHS","playtime":470,"items_purged":[],"score":40,"play_id":"89179a08-f4a1-4fde-8f31-e40ca5f7477b","local_time":"20210201143210","is_ascension_mode":true,"campfire_choices":[],"circlet_count":0,"master_deck":["Strike_RM","Strike_RM","Strike_RM","Strike_RM","Defend_RM","Defend_RM","Defend_RM","Defend_RM","RedMoon","ScarletShoot","BloodHunter","FavorOfDestiny","CeilingFear","VampireClaw"],"relics":["ScarletHat","Golden Idol"],"acts_visited":["Exordium"],"potions_floor_usage":[5,6],"damage_taken":[{"damage":0,"enemies":"Jaw Worm","floor":1,"turns":4},{"damage":0,"enemies":"Cultist","floor":2,"turns":6},{"damage":0,"enemies":"Small Slimes","floor":4,"turns":5},{"damage":15,"enemies":"Exordium Thugs","floor":5,"turns":9},{"damage":82,"enemies":"Gremlin Nob","floor":6,"turns":7}],"seed_played":"5724223052818762360","potions_obtained":[{"floor":2,"key":"SkillPotion"},{"floor":4,"key":"Block Potion"}],"is_trial":false,"path_per_floor":["M","M","?","M","M","E"],"character_chosen":"REMILIA","items_purchased":[],"campfire_rested":0,"item_purchase_floors":[],"current_hp_per_floor":[75,75,57,59,44,0,0],"gold":177,"neow_bonus":"","is_daily":false,"chose_seed":false,"campfire_upgraded":0,"win_rate":0.0,"timestamp":1612161130,"path_taken":["M","M","?","M","M","E"],"items_purchased_type":[],"build_version":"2020-12-22","purchased_purges":0,"victory":false,"max_hp_per_floor":[75,75,75,75,75,75,75],"card_choices":[{"not_picked":["Maim","EndlessAdversity"],"picked":"BloodHunter","floor":1},{"not_picked":["BloodHunter","UnderTheZenith"],"picked":"FavorOfDestiny","floor":2},{"not_picked":["FavorOfDestiny","DiffusionOfMisfortune"],"picked":"CeilingFear","floor":4},{"not_picked":["TwelveNightmare","BloodAndWine"],"picked":"VampireClaw","floor":5}],"player_experience":117198,"relics_obtained":[],"event_choices":[{"damage_healed":0,"gold_gain":0,"player_choice":"Take Damage","damage_taken":18,"relics_obtained":["Golden Idol"],"max_hp_gain":0,"max_hp_loss":0,"event_name":"Golden Idol","floor":3,"gold_loss":0}],"is_beta":false,"boss_relics":[],"items_purged_floors":[],"is_endless":false,"potions_floor_spawned":[2],"killed_by":"Gremlin Nob","ascension_level":1}}