{"host":"jm9833yuloeli2yd","time":1612204999,"event":{"mods":["BaseMod","Better Altar","Better Match","Better Note","Better Sensory Stone","Better Skull","Better Third Choice","Better Vampires","BetterRewards","Colored Map","Colored Powertips","DeckTracker","Minty Spire (QoL Compilation)","Permanent Neow","Quick Restart","StSLib","SuperFastMode"],"gold_per_floor":[116,116,41,54,15,50,50,89,141,165,199,199,238,247,247,333,333,355,355,364,377,401,444,468,510,582,582,582,622,695,143,143,225,288,298,318,343,343,369,369,409,72,72,101,121,140,180,203,212,212,212,212,221,37,73,73,73],"floor_reached":56,"language":"ENG","playtime":2636,"items_purged":["Pain","Strike_B","Hello World"],"score":2967,"play_id":"84f4e727-8e01-4537-9572-e827e7c304a4","local_time":"20210201134319","is_ascension_mode":true,"campfire_choices":[{"data":"1","floor":7.0,"key":"LIFT"},{"data":"2","floor":15.0,"key":"LIFT"},{"data":"3","floor":27.0,"key":"LIFT"},{"floor":32.0,"key":"RECALL"},{"floor":40.0,"key":"REST"},{"floor":49.0,"key":"REST"},{"floor":53.0,"key":"REST"}],"circlet_count":0,"master_deck":["AscendersBane","Zap","Dualcast","Cold Snap","Ball Lightning","Compile Driver","Sunder","Go for the Eyes","Defragment+1","Chill","Hologram","Conserve Battery","DevaForm","Electrodynamics","FTL","Self Repair","Hologram","Coolheaded+1","Undo","Double Energy+1","Buffer","Defragment","Reboot","Deep Breath","Echo Form","Sunder","Loop","Darkness","Ball Lightning","BootSequence","Hologram","Seek","Tempest+1","Creative AI","Defragment","Hologram","Hologram+1","Turbo","Chaos+1","Recycle","Compile Driver","Chill"],"relics":["Cracked Core","PreservedInsect","Girya","WarpedTongs","CeramicFish","Lizard Tail","MealTicket","Akabeko","Emotion Chip","Fusion Hammer","Blood Vial","Cables","Dream Catcher","InkBottle","Nilry\u0027s Codex","Eternal Feather","The Courier","Pandora\u0027s Box","Ice Cream","Bronze Scales","Bottled Lightning","Orichalcum","Ginger","Medical Kit","Torii"],"acts_visited":["Exordium","TheCity","TheBeyond","TheEnding"],"potions_floor_usage":[56],"damage_taken":[{"damage":1.0,"enemies":"2 Louse","floor":1.0,"turns":3.0},{"damage":0.0,"enemies":"Cultist","floor":4.0,"turns":2.0},{"damage":0.0,"enemies":"Gremlin Nob","floor":6.0,"turns":2.0},{"damage":0.0,"enemies":"Lagavulin","floor":8.0,"turns":2.0},{"damage":4.0,"enemies":"Small Slimes","floor":10.0,"turns":2.0},{"damage":0.0,"enemies":"3 Sentries","floor":11.0,"turns":4.0},{"damage":4.0,"enemies":"Gremlin Nob","floor":13.0,"turns":3.0},{"damage":4.0,"enemies":"Hexaghost","floor":16.0,"turns":10.0},{"damage":0.0,"enemies":"3 Byrds","floor":18.0,"turns":2.0},{"damage":4.0,"enemies":"Chosen","floor":21.0,"turns":3.0},{"damage":9.0,"enemies":"Centurion and Healer","floor":22.0,"turns":5.0},{"damage":7.0,"enemies":"Book of Stabbing","floor":23.0,"turns":3.0},{"damage":13.0,"enemies":"Snecko","floor":24.0,"turns":3.0},{"damage":40.0,"enemies":"Gremlin Leader","floor":25.0,"turns":4.0},{"damage":0.0,"enemies":"Book of Stabbing","floor":29.0,"turns":4.0},{"damage":1.0,"enemies":"Champ","floor":33.0,"turns":9.0},{"damage":0.0,"enemies":"Orb Walker","floor":35.0,"turns":5.0},{"damage":4.0,"enemies":"3 Darklings","floor":36.0,"turns":3.0},{"damage":0.0,"enemies":"Mind Bloom Boss Battle","floor":37.0,"turns":4.0},{"damage":2.0,"enemies":"Transient","floor":39.0,"turns":6.0},{"damage":12.0,"enemies":"Giant Head","floor":41.0,"turns":7.0},{"damage":12.0,"enemies":"Reptomancer","floor":44.0,"turns":4.0},{"damage":14.0,"enemies":"Maw","floor":45.0,"turns":5.0},{"damage":0.0,"enemies":"Jaw Worm Horde","floor":46.0,"turns":3.0},{"damage":0.0,"enemies":"Nemesis","floor":47.0,"turns":4.0},{"damage":0.0,"enemies":"Transient","floor":48.0,"turns":6.0},{"damage":40.0,"enemies":"Awakened One","floor":50.0,"turns":10.0},{"damage":19.0,"enemies":"Time Eater","floor":51.0,"turns":10.0},{"damage":31.0,"enemies":"Shield and Spear","floor":55.0,"turns":3.0},{"damage":61,"enemies":"The Heart","floor":56,"turns":5}],"seed_played":"2083807928292278622","potions_obtained":[{"floor":8.0,"key":"SteroidPotion"},{"floor":11.0,"key":"EssenceOfDarkness"},{"floor":22.0,"key":"FocusPotion"},{"floor":23.0,"key":"SkillPotion"},{"floor":35.0,"key":"Ancient Potion"},{"floor":39.0,"key":"Regen Potion"},{"floor":44.0,"key":"Dexterity Potion"}],"is_trial":false,"path_per_floor":["M","?","$","M","$","E","R","E","T","M","E","?","E","?","R","B",null,"M","?","?","M","M","E","M","E","T","R","?","E","T","$","R","B",null,"M","M","?","?","M","R","E","$","T","E","M","M","E","M","R","B","B",null,"R","$","E","B"],"character_chosen":"DEFECT","items_purchased":["PreservedInsect","Cold Snap","AttackPotion","FearPotion","Sunder","Defragment","Reboot","Panache","PotionOfCapacity","Deep Breath","Defragment","Bottled Lightning","Medical Kit","FocusPotion","Compile Driver"],"campfire_rested":3,"item_purchase_floors":[0,0,0,0,5,31,31,31,31,31,42,42,54,54,54],"current_hp_per_floor":[41,41,41,41,41,41,41,41,41,37,37,37,33,15,15,11,56,56,34,34,42,45,40,36,42,42,42,21,30,30,45,63,71,71,71,71,71,81,79,81,76,81,81,69,77,79,81,81,81,48,31,69,81,81,50,0,0],"gold":73,"neow_bonus":"","is_daily":false,"chose_seed":false,"campfire_upgraded":0,"win_rate":0.0,"timestamp":1612204999,"path_taken":["M","?","$","M","?","E","R","E","T","M","E","?","E","?","R","BOSS","M","?","?","M","M","E","M","E","T","R","?","E","?","$","R","BOSS","M","M","?","?","?","R","E","$","T","E","?","M","E","M","R","BOSS","BOSS","R","$","E","BOSS"],"items_purchased_type":["Relic","Card","Potion","Potion","Card","Card","Card","Card","Potion","Card","Card","Relic","Relic","Potion","Card"],"build_version":"2020-12-22","purchased_purges":3,"victory":false,"max_hp_per_floor":[71,71,71,71,71,71,71,71,71,71,71,71,71,71,71,71,71,71,71,71,71,71,71,71,71,71,71,71,71,71,71,71,71,71,71,71,71,81,81,81,81,81,81,81,81,81,81,81,81,81,81,81,81,81,81,81,81],"card_choices":[{"not_picked":["Sweeping Beam","Static Discharge"],"picked":"Ball Lightning","floor":1.0},{"not_picked":["Ball Lightning","Lockon"],"picked":"Compile Driver","floor":4.0},{"not_picked":["Meteor Strike","Rip and Tear"],"picked":"Go for the Eyes","floor":6.0},{"not_picked":["Doom and Gloom","BootSequence"],"picked":"Defragment","floor":8.0},{"not_picked":["Redo","Turbo"],"picked":"Chill","floor":10.0},{"not_picked":["Steam Power","Stack"],"picked":"Hologram","floor":11.0},{"not_picked":["Steam","Rip and Tear"],"picked":"Conserve Battery","floor":13.0},{"not_picked":["Multi-Cast","Core Surge"],"picked":"Electrodynamics","floor":16.0},{"not_picked":["Compile Driver","Gash"],"picked":"FTL","floor":18.0},{"not_picked":["Redo","Rip and Tear","Heatsinks"],"picked":"SKIP","floor":21.0},{"not_picked":["Steam","Beam Cell"],"picked":"Hologram","floor":22.0},{"not_picked":["Auto Shields","Blizzard"],"picked":"Coolheaded+1","floor":23.0},{"not_picked":["Coolheaded","Beam Cell"],"picked":"Undo","floor":24.0},{"not_picked":["Stack","Steam"],"picked":"Double Energy+1","floor":25.0},{"not_picked":["Fusion","Redo"],"picked":"Buffer","floor":29.0},{"not_picked":["Multi-Cast","All For One"],"picked":"Echo Form","floor":33.0},{"not_picked":["Turbo","Rebound","Leap"],"picked":"SKIP","floor":35.0},{"not_picked":["Steam Power","Heatsinks+1"],"picked":"Seek","floor":36.0},{"not_picked":["Turbo","Ball Lightning+1"],"picked":"Tempest+1","floor":39.0},{"not_picked":["Hologram+1","Streamline"],"picked":"Creative AI","floor":41.0},{"not_picked":["Sweeping Beam","Cold Snap","Undo"],"picked":"SKIP","floor":44.0},{"not_picked":["Darkness","Aggregate","Rebound"],"picked":"SKIP","floor":45.0},{"not_picked":["Ball Lightning","Steam Power"],"picked":"Hologram","floor":46.0},{"not_picked":["Auto Shields","Barrage"],"picked":"Hologram+1","floor":47.0},{"not_picked":["Rebound","BootSequence"],"picked":"Turbo","floor":48.0},{"not_picked":["Gash","Compile Driver"],"picked":"Chaos+1","floor":49.0},{"not_picked":["Turbo","Redo"],"picked":"Recycle","floor":53.0},{"not_picked":["Stack","Compile Driver"],"picked":"Chill","floor":55.0}],"player_experience":1354752,"relics_obtained":[{"floor":6.0,"key":"CeramicFish"},{"floor":8.0,"key":"Lizard Tail"},{"floor":9.0,"key":"MealTicket"},{"floor":11.0,"key":"Akabeko"},{"floor":13.0,"key":"Emotion Chip"},{"floor":23.0,"key":"Cables"},{"floor":25.0,"key":"Dream Catcher"},{"floor":26.0,"key":"InkBottle"},{"floor":28.0,"key":"Nilry\u0027s Codex"},{"floor":29.0,"key":"Eternal Feather"},{"floor":30.0,"key":"The Courier"},{"floor":37.0,"key":"Ice Cream"},{"floor":41.0,"key":"Bronze Scales"},{"floor":44.0,"key":"Orichalcum"},{"floor":47.0,"key":"Ginger"},{"floor":55.0,"key":"Torii"}],"event_choices":[{"damage_healed":0.0,"max_hp_gain":0.0,"max_hp_loss":0.0,"gold_gain":0.0,"event_name":"Accursed Blacksmith","player_choice":"Rummage","floor":2.0,"gold_loss":0.0,"damage_taken":0.0,"relics_obtained":["WarpedTongs"],"cards_obtained":["Pain"]},{"damage_healed":0.0,"max_hp_gain":0.0,"max_hp_loss":0.0,"gold_gain":0.0,"event_name":"Living Wall","player_choice":"Grow","floor":12.0,"gold_loss":0.0,"damage_taken":0.0,"cards_upgraded":["Defragment"]},{"damage_healed":0.0,"max_hp_gain":0.0,"max_hp_loss":0.0,"gold_gain":0.0,"event_name":"betterThird:BetterScrap","player_choice":"Card ","floor":14.0,"gold_loss":0.0,"damage_taken":18.0,"cards_obtained":["DevaForm"]},{"damage_healed":0.0,"max_hp_gain":56.0,"max_hp_loss":34.0,"gold_gain":0.0,"event_name":"betterAltar:BetterAltar","player_choice":" Vial ","floor":19.0,"potions_obtained":[],"relics_lost":[],"gold_loss":0.0,"damage_taken":22.0,"relics_obtained":["Blood Vial"]},{"damage_healed":0.0,"max_hp_gain":0.0,"max_hp_loss":0.0,"gold_gain":0.0,"event_name":"The Library","player_choice":"Read","floor":20.0,"gold_loss":0.0,"damage_taken":0.0,"cards_obtained":["Self Repair"]},{"damage_healed":0.0,"max_hp_gain":0.0,"max_hp_loss":0.0,"gold_gain":0.0,"event_name":"Cursed Tome","player_choice":"Obtained Book","floor":28.0,"gold_loss":0.0,"damage_taken":21.0},{"damage_healed":0.0,"max_hp_gain":0.0,"max_hp_loss":0.0,"gold_gain":0.0,"event_name":"MindBloom","player_choice":"Fight","floor":37.0,"gold_loss":0.0,"damage_taken":0.0},{"cards_removed":["Panache"],"damage_healed":0.0,"max_hp_gain":10.0,"max_hp_loss":0.0,"gold_gain":0.0,"event_name":"Bonfire Elementals","player_choice":"Offered Rare","floor":38.0,"gold_loss":0.0,"damage_taken":0.0}],"is_beta":false,"boss_relics":[{"not_picked":["Tiny House","Astrolabe"],"picked":"Fusion Hammer"},{"not_picked":["Coffee Dripper","Runic Dome"],"picked":"Pandora\u0027s Box"}],"items_purged_floors":[3,31,42],"is_endless":false,"potions_floor_spawned":[4,8,11,16,18,22,23,24,35,39,44,45],"killed_by":"The Heart","ascension_level":20}}