{"host":"z7h0k8blg7jrnodm","time":1612180801,"event":{"mods":["BaseMod","Challenge The Spire","Colored Map","Colored Powertips","Custom Start","Downfall","Key Reminder","Minty Spire (QoL Compilation)","Quick Restart","Random Character Button","Relic Stats","StSLib","SuperFastMode","Unceasing Turn Reminder"],"gold_per_floor":[214,214,226,240,240,240,271,271,571,571,601,615,632,390,390,390,390],"floor_reached":16,"language":"ENG","playtime":408,"items_purged":["Strike_R"],"score":200,"play_id":"977c3228-3f6d-4f39-9aef-3b26ef14aa6b","local_time":"20210201140001","is_ascension_mode":true,"campfire_choices":[{"data":"Twin Strike","floor":6,"key":"SMITH"},{"data":"Clothesline","floor":8,"key":"SMITH"},{"data":"Headbutt","floor":10,"key":"SMITH"},{"data":"Thunderclap","floor":15,"key":"SMITH"}],"circlet_count":0,"master_deck":["AscendersBane","Strike_R","Strike_R","Strike_R+1","Strike_R","Defend_R","Defend_R","Defend_R+1","Defend_R","Bash+1","Headbutt+1","Twin Strike+1","Shrug It Off","Clothesline+1","Thunderclap+1","Impervious"],"relics":["Burning Blood","Peace Pipe","Old Coin","Odd Mushroom"],"acts_visited":["Exordium"],"potions_floor_usage":[7,11,16],"damage_taken":[{"damage":4,"enemies":"Jaw Worm","floor":1,"turns":4},{"damage":5,"enemies":"2 Louse","floor":3,"turns":4},{"damage":0,"enemies":"Small Slimes","floor":4,"turns":4},{"damage":19,"enemies":"Gremlin Nob","floor":7,"turns":4},{"damage":13,"enemies":"The Mushroom Lair","floor":11,"turns":4},{"damage":8,"enemies":"Looter","floor":12,"turns":3},{"damage":6,"enemies":"Blue Slaver","floor":13,"turns":4},{"damage":40,"enemies":"Slime Boss","floor":16,"turns":7}],"seed_played":"-4573139342081438132","potions_obtained":[{"floor":1,"key":"Guardian:BlockOnCardUsePotion"},{"floor":7,"key":"CultistPotion"},{"floor":11,"key":"Explosive Potion"}],"is_trial":false,"path_per_floor":["M","?","M","M","?","R","E","R","T","R","?","M","M","$","R","B"],"character_chosen":"IRONCLAD","items_purchased":["Impervious"],"campfire_rested":0,"item_purchase_floors":[14],"current_hp_per_floor":[70,47,48,54,54,54,41,41,41,41,34,32,32,32,32,0,0],"gold":390,"neow_bonus":"HUNDRED_GOLD","is_daily":false,"chose_seed":false,"campfire_upgraded":4,"win_rate":0.0,"timestamp":1612180801,"path_taken":["M","?","M","M","?","R","E","R","T","R","?","M","M","$","R","BOSS"],"items_purchased_type":["Card"],"build_version":"2020-12-22","purchased_purges":1,"victory":false,"max_hp_per_floor":[75,75,75,75,75,75,75,75,75,75,75,75,75,75,75,75,75],"relic_stats":{"Peace Pipe":0,"counters":[8,34],"obtain_stats":[{"Peace Pipe":7,"Odd Mushroom":11,"Burning Blood":0,"Old Coin":9},{"Peace Pipe":4,"Odd Mushroom":5,"Burning Blood":0,"Old Coin":4},{"Peace Pipe":16,"Odd Mushroom":20,"Burning Blood":0,"Old Coin":16}],"Burning Blood":42},"card_choices":[{"not_picked":["Seeing Red","Perfected Strike"],"picked":"Headbutt","floor":1},{"not_picked":["Flex","Entrench"],"picked":"Twin Strike","floor":3},{"not_picked":["Heavy Blade","Bloodletting"],"picked":"Shrug It Off","floor":4},{"not_picked":["Flex","Power Through"],"picked":"Clothesline","floor":7},{"not_picked":["Warcry","Dropkick"],"picked":"Thunderclap","floor":12},{"not_picked":["Sever Soul","Headbutt","Brutality"],"picked":"SKIP","floor":13}],"player_experience":304393,"relics_obtained":[{"floor":7,"key":"Peace Pipe"},{"floor":9,"key":"Old Coin"},{"floor":11,"key":"Odd Mushroom"}],"event_choices":[{"damage_healed":0,"gold_gain":0,"player_choice":"Entered Light","damage_taken":23,"max_hp_gain":0,"max_hp_loss":0,"event_name":"Shining Light","floor":2,"gold_loss":0,"cards_upgraded":["Defend_R","Strike_R"]},{"damage_healed":0,"gold_gain":0,"player_choice":"Grow","damage_taken":0,"max_hp_gain":0,"max_hp_loss":0,"event_name":"Living Wall","floor":5,"gold_loss":0,"cards_upgraded":["Bash"]},{"damage_healed":0,"gold_gain":0,"player_choice":"Fought Mushrooms","damage_taken":0,"max_hp_gain":0,"max_hp_loss":0,"event_name":"Mushrooms","floor":11,"gold_loss":0}],"is_beta":false,"boss_relics":[],"items_purged_floors":[14],"is_endless":false,"potions_floor_spawned":[1,7,11],"killed_by":"Slime Boss","ascension_level":20}}