{"host":"ln38befi3ugo1bsw","time":1612158992,"event":{"mods":["BaseMod","BetterRewards","Colored Map","Colored Powertips","Downfall","Hermit","Jorbs\u0027s Wanderer Trilogy","Lobotomy","Minty Spire (QoL Compilation)","StSLib","SuperFastMode"],"gold_per_floor":[115,115,115,40,50,84,84,84,84,96,121,103,115,152,164,176,176],"floor_reached":16,"language":"ENG","playtime":1800,"items_purged":["Regret"],"score":111,"play_id":"55e8b850-3868-4ddb-9a73-e470161988e4","local_time":"20210201005632","is_ascension_mode":true,"campfire_choices":[{"floor":7,"key":"REST"},{"data":"Distraction","floor":13,"key":"SMITH"},{"data":"Footwork","floor":15,"key":"SMITH"}],"circlet_count":0,"master_deck":["Strike_G","Strike_G","Strike_G","Strike_G","Strike_G","Defend_G","Defend_G","Defend_G","Defend_G","Defend_G","Survivor","Neutralize","Deadly Poison","Backflip","Prepared","Parasite","Distraction+1","Footwork+1","Bouncing Flask"],"relics":["Ring of the Snake","Tough Bandages","Ornamental Fan","Bird Faced Urn","MawBank","Boot"],"acts_visited":["Exordium"],"potions_floor_usage":[6],"damage_taken":[{"damage":0,"enemies":"Small Slimes","floor":1,"turns":4},{"damage":0,"enemies":"2 Louse","floor":5,"turns":3},{"damage":40,"enemies":"3 Sentries","floor":6,"turns":18},{"damage":1,"enemies":"Cultist","floor":11,"turns":4},{"damage":5,"enemies":"Looter","floor":12,"turns":4},{"damage":15,"enemies":"Lagavulin","floor":14,"turns":10},{"damage":54,"enemies":"Slime Boss","floor":16,"turns":9}],"seed_played":"-2546361005793919364","potions_obtained":[{"floor":5,"key":"ColorlessPotion"}],"is_trial":false,"path_per_floor":["M","?","?","$","M","E","R","?","T","$","M","M","R","E","R","B"],"character_chosen":"THE_SILENT","items_purchased":[],"campfire_rested":1,"item_purchase_floors":[],"current_hp_per_floor":[70,70,70,70,70,30,51,68,68,68,67,62,62,49,49,0,0],"gold":176,"neow_bonus":"ONE_RANDOM_RARE_CARD","is_daily":false,"chose_seed":false,"campfire_upgraded":2,"win_rate":0.0,"timestamp":1612158992,"path_taken":["M","?","?","$","?","E","R","?","T","?","M","M","R","E","R","BOSS"],"items_purchased_type":[],"build_version":"2020-12-22","purchased_purges":1,"victory":false,"max_hp_per_floor":[70,70,70,70,70,70,70,70,70,70,70,70,70,70,70,70,70],"card_choices":[{"not_picked":["Acrobatics","Flechettes"],"picked":"Deadly Poison","floor":1},{"not_picked":["Deflect","Dagger Spray"],"picked":"Backflip","floor":5},{"not_picked":["Expertise","PiercingWail"],"picked":"Prepared","floor":6},{"not_picked":["PiercingWail","Tactician"],"picked":"Distraction","floor":11},{"not_picked":["Terror","Eviscerate"],"picked":"Footwork","floor":12},{"not_picked":["Bane","Leg Sweep"],"picked":"Bouncing Flask","floor":14}],"player_experience":65578,"relics_obtained":[{"floor":6,"key":"Bird Faced Urn"},{"floor":9,"key":"MawBank"},{"floor":14,"key":"Boot"}],"event_choices":[{"damage_healed":0,"gold_gain":0,"player_choice":"Box","damage_taken":0,"relics_obtained":["Tough Bandages"],"max_hp_gain":0,"max_hp_loss":0,"event_name":"Big Fish","floor":2,"gold_loss":0,"cards_obtained":["Regret"]},{"cards_removed":["Doppelganger"],"damage_healed":0,"gold_gain":0,"player_choice":"Gave Card","damage_taken":0,"relics_obtained":["Ornamental Fan"],"max_hp_gain":0,"max_hp_loss":0,"event_name":"WeMeetAgain","floor":3,"gold_loss":0},{"damage_healed":17,"gold_gain":0,"player_choice":"Healed and dodged fight","damage_taken":0,"max_hp_gain":0,"max_hp_loss":0,"event_name":"Mushrooms","floor":8,"gold_loss":0,"cards_obtained":["Parasite"]}],"is_beta":false,"boss_relics":[],"items_purged_floors":[4],"is_endless":false,"potions_floor_spawned":[5],"killed_by":"Slime Boss","ascension_level":1}}