{"host":"coxx14wiryochsh8","time":1612153246,"event":{"mods":["2.2 Compatiblity","Act Like it!","Bartender","BaseMod","Better Third Choice","BetterRewards","Colored Map","DeckTracker","Downfall","Emptier Cage","Energized Spire","Gensokyo","Hermit","Hubris","Minty Spire (QoL Compilation)","Replay The Spire","StSLib","SuperFastMode","The Blackbeard","The Runesmith","The Servant 0.9.4"],"gold_per_floor":[19,19,38,49,49,76,90,106,106,22,55,87,87,104,104,104,104],"floor_reached":16,"language":"ENG","playtime":970,"items_purged":[],"score":172,"play_id":"b87ce8c5-deb4-4731-8738-a333a5b4ebdd","local_time":"20210131232046","is_ascension_mode":false,"campfire_choices":[{"data":"Bullet Time","floor":13,"key":"SMITH"},{"data":"Well Laid Plans","floor":15,"key":"SMITH"}],"circlet_count":0,"master_deck":["Strike_G","Strike_G","Strike_G","Defend_G","Defend_G","Defend_G","Defend_G","Defend_G","Survivor","Neutralize","Dagger Spray","Poisoned Stab","Acrobatics","Malaise","Underhanded Strike","Caltrops","Dash","Bullet Time+1","Well Laid Plans+1"],"relics":["Ring of the Snake","Gensokyo:CelestialsFlawlessClothing","Letter Opener","Bottled Lightning","Vajra","Smiling Mask","The Courier"],"acts_visited":["Exordium"],"potions_floor_usage":[16,16],"damage_taken":[{"damage":5,"enemies":"Gensokyo:Gryphon","floor":1,"turns":5},{"damage":0,"enemies":"Gensokyo:3_Fairies","floor":3,"turns":3},{"damage":4,"enemies":"Gensokyo:Python","floor":4,"turns":4},{"damage":10,"enemies":"Gensokyo:Cirno","floor":6,"turns":6},{"damage":3,"enemies":"Gensokyo:3_Kodama","floor":7,"turns":6},{"damage":3,"enemies":"Gensokyo:VengefulSpirit","floor":8,"turns":5},{"damage":21,"enemies":"Gensokyo:Mamizou","floor":11,"turns":10},{"damage":13,"enemies":"Gensokyo:Aya","floor":12,"turns":6},{"damage":0,"enemies":"Gensokyo:2_Rabbits","floor":14,"turns":3},{"damage":105,"enemies":"Gensokyo:Reimu","floor":16,"turns":22}],"seed_played":"7103703122453693847","potions_obtained":[{"floor":3,"key":"Milkshake"},{"floor":8,"key":"Reflective Coating"},{"floor":12,"key":"hexamod:SoulburnPotion"}],"is_trial":false,"path_per_floor":["M","?","M","M","T","E","M","M","T","?","E","?","R","M","R","B"],"character_chosen":"THE_SILENT","items_purchased":[],"campfire_rested":0,"item_purchase_floors":[],"current_hp_per_floor":[65,48,48,44,44,34,31,28,28,70,49,36,36,36,36,0,0],"gold":104,"neow_bonus":"REMOVE_TWO","is_daily":false,"chose_seed":false,"campfire_upgraded":2,"win_rate":0.0,"timestamp":1612153246,"path_taken":["M","?","?","M","?","E","M","M","T","?","E","?","R","M","R","BOSS"],"items_purchased_type":[],"build_version":"2020-12-22","purchased_purges":0,"victory":false,"max_hp_per_floor":[70,70,70,70,70,70,70,70,70,70,70,70,70,70,70,70,70],"card_choices":[{"not_picked":["Acrobatics","Underhanded Strike"],"picked":"Dagger Spray","floor":1},{"not_picked":["hubris:SlightOfHand","Catalyst"],"picked":"Poisoned Stab","floor":3},{"not_picked":["Outmaneuver","hubris:SlightOfHand"],"picked":"Acrobatics","floor":4},{"not_picked":["Venomology","Envenom"],"picked":"Malaise","floor":6},{"not_picked":["Poisoned Stab","Accuracy"],"picked":"Underhanded Strike","floor":7},{"not_picked":["Dagger Spray","Flying Knee"],"picked":"Caltrops","floor":8},{"not_picked":["Finisher","Dagger Spray"],"picked":"Dash","floor":11},{"not_picked":["Bane","PiercingWail"],"picked":"Bullet Time","floor":12},{"not_picked":["Blade Dance","Prepared"],"picked":"Well Laid Plans","floor":14}],"player_experience":694470,"relics_obtained":[{"floor":5,"key":"Letter Opener"},{"floor":6,"key":"Bottled Lightning"},{"floor":9,"key":"Vajra"},{"floor":11,"key":"Smiling Mask"},{"floor":12,"key":"The Courier"}],"event_choices":[],"is_beta":false,"boss_relics":[],"items_purged_floors":[],"is_endless":false,"potions_floor_spawned":[3,8,12],"killed_by":"Gensokyo:Reimu","ascension_level":0}}