{"host":"u5p72gjg7qm9i6r4","time":1612140934,"event":{"mods":["AchievementEnabler","BaseMod","Curses Come First","Highlight Path","Minty Spire (QoL Compilation)","Rare Cards Sparkle","StSLib"],"gold_per_floor":[119,137,17,37,53,81,256,318,318,2,2,15,15,34,34,130,130,140,174,174,174,49,49,23,55,55,86,14,27,46,58,58,155,155,168,183,236,251,38,38,260,260,260,260,274,274,287,313,313,313,313],"floor_reached":50,"language":"ENG","playtime":2401,"items_purged":["Regret","Doubt","Writhe"],"score":739,"play_id":"77b6aa6a-47a9-4edc-8669-ae6826f3ade2","local_time":"20210131185534","is_ascension_mode":true,"campfire_choices":[{"floor":11.0,"key":"REST"},{"data":"Noxious Fumes","floor":13.0,"key":"SMITH"},{"data":"Dash","floor":15.0,"key":"SMITH"},{"floor":23.0,"key":"REST"},{"floor":32.0,"key":"REST"},{"floor":40,"key":"RECALL"},{"floor":42,"key":"REST"},{"floor":44,"key":"REST"},{"floor":46,"key":"REST"},{"floor":49,"key":"REST"}],"circlet_count":0,"master_deck":["Strike_G","Strike_G","Strike_G","Strike_G","Strike_G","Defend_G","Defend_G","Defend_G","Defend_G","Defend_G","Survivor","Neutralize","Dagger Throw","Caltrops","Underhanded Strike","Dash+1","Adrenaline","Noxious Fumes+1","Bouncing Flask","Flying Knee","Bullet Time","Acrobatics","Backflip","Envenom","Blade Dance","Footwork","Dagger Spray","Dash","Malaise","Backflip+1","Cloak And Dagger+1","Poisoned Stab+1","Leg Sweep","Backstab","Accuracy","Doubt","Cloak And Dagger+1","Cloak And Dagger+1"],"relics":["Ring of the Snake","Tough Bandages","Eternal Feather","Letter Opener","Question Card","Bronze Scales","Cursed Key","Red Mask","Vajra","Enchiridion","Kunai","Unceasing Top","Fusion Hammer","CaptainsWheel","Orichalcum"],"acts_visited":["Exordium","TheCity","TheBeyond"],"potions_floor_usage":[],"damage_taken":[{"damage":6.0,"enemies":"Cultist","floor":1.0,"turns":5.0},{"damage":3.0,"enemies":"Small Slimes","floor":2.0,"turns":4.0},{"damage":1.0,"enemies":"2 Louse","floor":4.0,"turns":3.0},{"damage":1.0,"enemies":"Blue Slaver","floor":5.0,"turns":4.0},{"damage":16.0,"enemies":"Gremlin Nob","floor":6.0,"turns":5.0},{"damage":22.0,"enemies":"3 Sentries","floor":8.0,"turns":6.0},{"damage":5.0,"enemies":"Exordium Thugs","floor":12.0,"turns":5.0},{"damage":7.0,"enemies":"Large Slime","floor":14.0,"turns":4.0},{"damage":1.0,"enemies":"Slime Boss","floor":16.0,"turns":6.0},{"damage":17.0,"enemies":"Shell Parasite","floor":18.0,"turns":4.0},{"damage":7.0,"enemies":"Masked Bandits","floor":19.0,"turns":4.0},{"damage":14.0,"enemies":"Gremlin Leader","floor":25.0,"turns":5.0},{"damage":19.0,"enemies":"Book of Stabbing","floor":27.0,"turns":5.0},{"damage":0.0,"enemies":"Spheric Guardian","floor":29.0,"turns":3.0},{"damage":9.0,"enemies":"Snake Plant","floor":30.0,"turns":4.0},{"damage":12.0,"enemies":"Centurion and Healer","floor":31.0,"turns":3.0},{"damage":9.0,"enemies":"Champ","floor":33.0,"turns":8.0},{"damage":0.0,"enemies":"3 Darklings","floor":35.0,"turns":5.0},{"damage":14.0,"enemies":"3 Shapes","floor":36.0,"turns":5.0},{"damage":30,"enemies":"2 Orb Walkers","floor":37,"turns":4},{"damage":8,"enemies":"3 Darklings","floor":38,"turns":5},{"damage":25,"enemies":"Writhing Mass","floor":45,"turns":6},{"damage":4,"enemies":"Transient","floor":47,"turns":5},{"damage":45,"enemies":"Giant Head","floor":48,"turns":8},{"damage":73,"enemies":"Time Eater","floor":50,"turns":7}],"seed_played":"5030107664687457040","potions_obtained":[{"floor":1.0,"key":"Block Potion"},{"floor":4.0,"key":"PowerPotion"},{"floor":5.0,"key":"SteroidPotion"},{"floor":12.0,"key":"Regen Potion"},{"floor":14.0,"key":"Poison Potion"},{"floor":27.0,"key":"Fire Potion"},{"floor":30.0,"key":"CultistPotion"},{"floor":33.0,"key":"Poison Potion"},{"floor":35.0,"key":"Regen Potion"},{"floor":48,"key":"FearPotion"}],"is_trial":false,"path_per_floor":["M","M","$","M","M","E","?","?","T","$","R","M","R","M","R","B",null,"M","?","?","?","$","R","$","E","T","E","$","M","M","M","R","B",null,"M","M","?","M","$","R","?","R","T","R","M","R","M","E","R","B"],"character_chosen":"THE_SILENT","items_purchased":["Underhanded Strike","Bronze Scales","Bouncing Flask","Backflip","Footwork","Leg Sweep","Backstab","Accuracy"],"campfire_rested":7,"item_purchase_floors":[3,10,10,24,28,39,39,39],"current_hp_per_floor":[57,54,54,53,52,36,36,14,14,14,44,39,48,41,53,52,66,49,42,42,26,26,59,59,45,45,26,26,26,17,5,41,32,61,61,61,31,23,23,44,44,70,70,70,45,70,66,21,63,0,0],"gold":313,"neow_bonus":"ONE_RARE_RELIC","is_daily":false,"chose_seed":false,"campfire_upgraded":2,"win_rate":0.0,"timestamp":1612140934,"path_taken":["M","M","$","?","M","E","?","?","T","?","R","M","R","?","R","BOSS","M","?","?","?","$","R","$","E","T","E","$","?","M","M","R","BOSS","M","M","?","M","$","R","?","R","T","R","M","R","M","E","R","BOSS"],"items_purchased_type":["Card","Relic","Card","Card","Card","Card","Card","Card"],"build_version":"2020-12-22","purchased_purges":3,"victory":false,"max_hp_per_floor":[70,70,70,70,70,70,70,70,70,70,70,70,70,70,70,70,70,70,70,70,70,70,70,70,70,70,70,70,70,70,70,70,70,70,70,70,70,70,70,70,70,70,70,70,70,70,70,70,70,70,70],"card_choices":[{"not_picked":["Bane","Quick Slash"],"picked":"Dagger Throw","floor":1.0},{"not_picked":["Finisher","Flying Knee"],"picked":"Caltrops","floor":2.0},{"not_picked":["Dagger Throw","Riddle With Holes"],"picked":"Dash","floor":4.0},{"not_picked":["Crippling Poison","Prepared"],"picked":"Adrenaline","floor":5.0},{"not_picked":["Storm of Steel","Choke"],"picked":"Noxious Fumes","floor":6.0},{"not_picked":["Dagger Throw","Endless Agony","Well Laid Plans","Slice"],"picked":"SKIP","floor":12.0},{"not_picked":["Deadly Poison","Dagger Spray","Prepared"],"picked":"Flying Knee","floor":14.0},{"not_picked":["Die Die Die","Tools of the Trade","Malaise"],"picked":"Bullet Time","floor":16.0},{"not_picked":["Skewer","Flying Knee","Deadly Poison","Deflect"],"picked":"SKIP","floor":18.0},{"not_picked":["Flying Knee","Poisoned Stab","Masterful Stab"],"picked":"Acrobatics","floor":19.0},{"not_picked":["Unload","Flying Knee+1","Concentrate"],"picked":"Envenom","floor":25.0},{"not_picked":["Finisher","Bane","Reflex"],"picked":"Blade Dance","floor":27.0},{"not_picked":["Tactician","Eviscerate","Sucker Punch+1","Distraction"],"picked":"SKIP","floor":29.0},{"not_picked":["Heel Hook","Quick Slash","Skewer"],"picked":"Dagger Spray","floor":30.0},{"not_picked":["Acrobatics","Cloak And Dagger+1","Outmaneuver"],"picked":"Dash","floor":31.0},{"not_picked":["Bullet Time","Night Terror","After Image"],"picked":"Malaise","floor":33.0},{"not_picked":["Dodge and Roll+1","Infinite Blades+1","Flying Knee","Underhanded Strike+1"],"picked":"SKIP","floor":35.0},{"not_picked":["Dagger Spray+1","Riddle With Holes","Deflect"],"picked":"Backflip+1","floor":36.0},{"not_picked":["Slice","Dodge and Roll","Distraction"],"picked":"Cloak And Dagger+1","floor":37},{"not_picked":["Dagger Throw+1","Outmaneuver+1","Underhanded Strike"],"picked":"Poisoned Stab+1","floor":38},{"not_picked":["Underhanded Strike+1","Glass Knife","Outmaneuver+1"],"picked":"Cloak And Dagger+1","floor":45},{"not_picked":["Tactician","Sucker Punch","Flying Knee","Flechettes+1"],"picked":"SKIP","floor":47},{"not_picked":["After Image","Accuracy","Endless Agony"],"picked":"Cloak And Dagger+1","floor":48}],"player_experience":143961,"relics_obtained":[{"floor":6.0,"key":"Eternal Feather"},{"floor":8.0,"key":"Letter Opener"},{"floor":9.0,"key":"Question Card"},{"floor":19.0,"key":"Red Mask"},{"floor":21.0,"key":"Enchiridion"},{"floor":25.0,"key":"Kunai"},{"floor":27.0,"key":"Unceasing Top"},{"floor":37,"key":"CaptainsWheel"},{"floor":48,"key":"Orichalcum"}],"event_choices":[{"damage_healed":0.0,"max_hp_gain":0.0,"max_hp_loss":0.0,"gold_gain":175.0,"event_name":"Liars Game","player_choice":"AGREE","floor":7.0,"gold_loss":0.0,"damage_taken":0.0,"cards_obtained":["Doubt"]},{"damage_healed":0.0,"max_hp_gain":0.0,"max_hp_loss":0.0,"gold_gain":30.0,"event_name":"Dead Adventurer","player_choice":"Searched \u00273\u0027 times","floor":8.0,"gold_loss":0.0,"damage_taken":0.0},{"damage_healed":0.0,"max_hp_gain":0.0,"max_hp_loss":0.0,"gold_gain":0.0,"event_name":"Masked Bandits","player_choice":"Fought Bandits","floor":19.0,"gold_loss":0.0,"damage_taken":0.0},{"damage_healed":0.0,"max_hp_gain":0.0,"max_hp_loss":0.0,"gold_gain":0.0,"event_name":"The Mausoleum","player_choice":"Opened","floor":20.0,"gold_loss":0.0,"damage_taken":0.0,"relics_obtained":["Vajra"],"cards_obtained":["Writhe"]},{"damage_healed":0.0,"max_hp_gain":0.0,"max_hp_loss":0.0,"gold_gain":0.0,"event_name":"Cursed Tome","player_choice":"Obtained Book","floor":21.0,"gold_loss":0.0,"damage_taken":16.0},{"damage_healed":0,"gold_gain":0,"player_choice":"Fight","damage_taken":0,"max_hp_gain":0,"max_hp_loss":0,"event_name":"Mysterious Sphere","floor":37,"gold_loss":0},{"damage_healed":0,"gold_gain":222,"player_choice":"Wore Mask","damage_taken":0,"max_hp_gain":0,"max_hp_loss":0,"event_name":"Tomb of Lord Red Mask","floor":41,"gold_loss":0}],"is_beta":false,"boss_relics":[{"not_picked":["Ring of the Serpent","Velvet Choker"],"picked":"Cursed Key"},{"not_picked":["Runic Dome","Tiny House"],"picked":"Fusion Hammer"}],"items_purged_floors":[3,10,22],"is_endless":false,"potions_floor_spawned":[1,4,5,12,14,27,30,31,33,35,48],"killed_by":"Time Eater","ascension_level":7}}