{"host":"rolltorest","time":1612166311,"event":{"mods":["BaseMod","Minty Spire (QoL Compilation)","Relic Stats","Slay the Relics Exporter","StSLib"],"gold_per_floor":[119,134,145,145,157,191,191,208,208,235,249,284,284,316,316,391,391,404,37,37,37,37,63,80,80,80,80,106,31,44,56,56,130,130,145,145,161,9,23,23,49,67,67,67,67],"floor_reached":44,"language":"ENG","playtime":1332,"items_purged":["Strike_P"],"score":1216,"play_id":"0d8cc33d-7b19-4466-8b83-984d9486e65d","local_time":"20210131235831","is_ascension_mode":true,"campfire_choices":[{"floor":7,"key":"REST"},{"floor":15,"key":"REST"},{"floor":25,"key":"REST"},{"floor":27,"key":"RECALL"},{"floor":32,"key":"REST"},{"floor":40,"key":"REST"}],"circlet_count":0,"master_deck":["AscendersBane","Strike_P","Defend_P","Defend_P","Defend_P","Defend_P","Eruption","Vigilance","SashWhip","FlurryOfBlows","FearNoEvil","Meditate","BowlingBash","Fasting2","Consecrate","Judgement","SandsOfTime","Protect","TalkToTheHand","Apotheosis","RitualDagger","Ghostly","Ghostly","Ghostly","WheelKick","Consecrate","EmptyFist","FlurryOfBlows","Wallop","SpiritShield","CurseOfTheBell","Halt+1","WheelKick","Ghostly+1","CutThroughFate","EmptyBody+1","TalkToTheHand","Adaptation","CutThroughFate","Adaptation+1","LessonLearned","CutThroughFate","Halt+1"],"relics":["Fusion Hammer","Pear","Lantern","Regal Pillow","Gremlin Horn","Mummified Hand","Blood Vial","SlaversCollar","Mercury Hourglass","White Beast Statue","Strawberry","Calling Bell","Orichalcum","Toxic Egg 2","Prayer Wheel","Pen Nib"],"acts_visited":["Exordium","TheCity","TheBeyond"],"potions_floor_usage":[5,5,10,23,28,35,42],"damage_taken":[{"damage":10,"enemies":"2 Louse","floor":1,"turns":4},{"damage":0,"enemies":"Cultist","floor":2,"turns":3},{"damage":7,"enemies":"Jaw Worm","floor":3,"turns":4},{"damage":0,"enemies":"Exordium Wildlife","floor":5,"turns":1},{"damage":32,"enemies":"Gremlin Nob","floor":6,"turns":4},{"damage":7,"enemies":"3 Louse","floor":8,"turns":2},{"damage":7,"enemies":"3 Sentries","floor":10,"turns":5},{"damage":3,"enemies":"Blue Slaver","floor":11,"turns":2},{"damage":21,"enemies":"Lagavulin","floor":12,"turns":8},{"damage":3,"enemies":"Gremlin Nob","floor":14,"turns":3},{"damage":0,"enemies":"Slime Boss","floor":16,"turns":3},{"damage":11,"enemies":"3 Byrds","floor":18,"turns":4},{"damage":13,"enemies":"Book of Stabbing","floor":23,"turns":6},{"damage":1,"enemies":"Spheric Guardian","floor":24,"turns":6},{"damage":0,"enemies":"Gremlin Leader","floor":28,"turns":5},{"damage":0,"enemies":"3 Cultists","floor":30,"turns":4},{"damage":0,"enemies":"Cultist and Chosen","floor":31,"turns":3},{"damage":20,"enemies":"Collector","floor":33,"turns":9},{"damage":0,"enemies":"3 Shapes","floor":35,"turns":3},{"damage":0,"enemies":"3 Darklings","floor":37,"turns":4},{"damage":21,"enemies":"Spire Growth","floor":39,"turns":4},{"damage":23,"enemies":"Nemesis","floor":41,"turns":3},{"damage":17,"enemies":"Jaw Worm Horde","floor":42,"turns":5},{"damage":23,"enemies":"Transient","floor":44,"turns":3}],"seed_played":"-7010794659773231575","potions_obtained":[{"floor":2,"key":"BlessingOfTheForge"},{"floor":3,"key":"LiquidMemories"},{"floor":6,"key":"Fire Potion"},{"floor":8,"key":"Fruit Juice"},{"floor":14,"key":"EssenceOfSteel"},{"floor":18,"key":"BottledMiracle"},{"floor":24,"key":"Strength Potion"},{"floor":28,"key":"SteroidPotion"},{"floor":30,"key":"DuplicationPotion"},{"floor":33,"key":"Swift Potion"},{"floor":35,"key":"Fire Potion"},{"floor":37,"key":"Ancient Potion"},{"floor":42,"key":"Dexterity Potion"}],"is_trial":false,"path_per_floor":["M","M","M","?","M","E","R","M","T","E","M","E","?","E","R","B",null,"M","$","?","?","$","E","M","R","T","R","E","?","M","M","R","B",null,"M","?","M","$","M","R","E","M","T","M"],"character_chosen":"WATCHER","items_purchased":["TalkToTheHand","Apotheosis","TalkToTheHand","Adaptation"],"campfire_rested":5,"item_purchase_floors":[19,19,38,38],"current_hp_per_floor":[51,51,44,44,44,22,45,38,38,31,28,7,7,4,42,44,70,61,61,55,39,39,26,27,39,39,39,46,46,46,46,46,26,41,43,43,45,45,25,46,23,8,8,0,0],"gold":67,"neow_bonus":"BOSS_RELIC","is_daily":false,"chose_seed":false,"campfire_upgraded":0,"win_rate":0.0,"timestamp":1612166311,"path_taken":["M","M","M","?","?","E","R","M","T","E","M","E","?","E","R","BOSS","M","$","?","?","?","E","M","R","T","R","E","?","M","M","R","BOSS","M","?","M","$","M","R","E","M","T","M"],"items_purchased_type":["Card","Card","Card","Card"],"build_version":"2020-12-18","purchased_purges":1,"victory":false,"max_hp_per_floor":[68,68,68,68,68,78,78,78,78,78,78,78,78,78,78,78,78,78,78,78,39,39,39,39,39,39,39,46,46,46,46,46,46,46,46,46,46,46,46,46,46,46,46,46,46],"relic_stats":{"Blood Vial":15,"Regal Pillow":24,"Gremlin Horn":[21,21],"counters":[24,98],"Mummified Hand":[26],"Prayer Wheel":4,"Pen Nib":[1],"Orichalcum":[36],"obtain_stats":[{"Lantern":9,"Regal Pillow":10,"Pear":6,"Gremlin Horn":12,"Pen Nib":41,"Orichalcum":34,"White Beast Statue":26,"Mercury Hourglass":23,"Blood Vial":14,"Calling Bell":34,"SlaversCollar":17,"Mummified Hand":13,"Strawberry":28,"Prayer Wheel":34,"Fusion Hammer":0,"PureWater":0,"Toxic Egg 2":34},{"Lantern":6,"Regal Pillow":7,"Pear":5,"Gremlin Horn":9,"Pen Nib":22,"Orichalcum":18,"White Beast Statue":14,"Mercury Hourglass":13,"Blood Vial":10,"Calling Bell":18,"SlaversCollar":11,"Mummified Hand":9,"Strawberry":15,"Prayer Wheel":18,"Fusion Hammer":0,"PureWater":0,"Toxic Egg 2":18},{"Lantern":18,"Regal Pillow":23,"Pear":16,"Gremlin Horn":33,"Pen Nib":90,"Orichalcum":76,"White Beast Statue":55,"Mercury Hourglass":49,"Blood Vial":36,"Calling Bell":76,"SlaversCollar":39,"Mummified Hand":33,"Strawberry":60,"Prayer Wheel":76,"Fusion Hammer":0,"PureWater":0,"Toxic Egg 2":76}],"Mercury Hourglass":[223]},"card_choices":[{"not_picked":["CrushJoints","EmptyBody"],"picked":"SashWhip","floor":1},{"not_picked":["WindmillStrike","Nirvana","WreathOfFlame"],"picked":"SKIP","floor":2},{"not_picked":["SashWhip","Weave"],"picked":"FlurryOfBlows","floor":3},{"not_picked":["FlurryOfBlows","Vengeance"],"picked":"FearNoEvil","floor":5},{"not_picked":["WheelKick","Protect"],"picked":"Meditate","floor":6},{"not_picked":["Prostrate","PathToVictory"],"picked":"BowlingBash","floor":8},{"not_picked":["CrushJoints","ForeignInfluence"],"picked":"Fasting2","floor":10},{"not_picked":["WindmillStrike","Nirvana"],"picked":"Consecrate","floor":11},{"not_picked":["DevaForm","ClearTheMind"],"picked":"Judgement","floor":12},{"not_picked":["ThirdEye","Consecrate"],"picked":"SandsOfTime","floor":14},{"not_picked":["JustLucky","FollowUp"],"picked":"Protect","floor":18},{"not_picked":["Crescendo","Evaluate"],"picked":"WheelKick","floor":23},{"not_picked":["Protect","Fasting2"],"picked":"Consecrate","floor":24},{"not_picked":["BattleHymn","Perseverance"],"picked":"EmptyFist","floor":28},{"not_picked":["ThirdEye","Consecrate"],"picked":"FlurryOfBlows","floor":30},{"not_picked":["Halt","CrushJoints"],"picked":"Wallop","floor":31},{"not_picked":["DevaForm","Devotion"],"picked":"SpiritShield","floor":33},{"not_picked":["WreathOfFlame+1","EmptyFist+1"],"picked":"Halt+1","floor":35},{"not_picked":["EmptyFist+1","ThirdEye+1"],"picked":"WheelKick","floor":35},{"not_picked":["Vengeance+1","EmptyFist"],"picked":"CutThroughFate","floor":37},{"not_picked":["Halt+1","CrushJoints"],"picked":"EmptyBody+1","floor":37},{"not_picked":["Protect+1","CrushJoints"],"picked":"CutThroughFate","floor":39},{"not_picked":["CarveReality+1","Consecrate"],"picked":"Adaptation","floor":39},{"not_picked":["SashWhip+1","JustLucky"],"picked":"LessonLearned","floor":41},{"not_picked":["EmptyFist","FlurryOfBlows"],"picked":"CutThroughFate","floor":42},{"not_picked":["EmptyFist","EmptyBody+1"],"picked":"Halt+1","floor":42}],"player_experience":1790672,"relics_obtained":[{"floor":6,"key":"Pear"},{"floor":9,"key":"Lantern"},{"floor":10,"key":"Regal Pillow"},{"floor":12,"key":"Gremlin Horn"},{"floor":14,"key":"Blood Vial"},{"floor":23,"key":"Mercury Hourglass"},{"floor":26,"key":"White Beast Statue"},{"floor":28,"key":"Strawberry"},{"floor":34,"key":"Orichalcum"},{"floor":34,"key":"Toxic Egg 2"},{"floor":34,"key":"Prayer Wheel"},{"floor":41,"key":"Pen Nib"}],"event_choices":[{"cards_removed":["Strike_P"],"damage_healed":0,"gold_gain":0,"player_choice":"Purged","damage_taken":0,"max_hp_gain":0,"max_hp_loss":0,"event_name":"Purifier","floor":4,"gold_loss":0},{"damage_healed":0,"gold_gain":0,"player_choice":"Gave Potion","damage_taken":0,"relics_obtained":["Mummified Hand"],"max_hp_gain":0,"max_hp_loss":0,"event_name":"WeMeetAgain","floor":13,"gold_loss":0},{"damage_healed":0,"gold_gain":0,"player_choice":"Joined the Cult","damage_taken":6,"max_hp_gain":0,"max_hp_loss":0,"event_name":"Nest","floor":20,"gold_loss":0,"cards_obtained":["RitualDagger"]},{"damage_healed":0,"gold_gain":0,"player_choice":"Became a Ghost","damage_taken":0,"max_hp_gain":0,"max_hp_loss":39,"event_name":"Ghosts","floor":21,"gold_loss":0,"cards_obtained":["Ghostly","Ghostly","Ghostly"]},{"cards_removed":["Strike_P"],"damage_healed":0,"gold_gain":0,"player_choice":"Gave Gold","damage_taken":0,"max_hp_gain":0,"max_hp_loss":0,"event_name":"Beggar","floor":29,"gold_loss":75},{"damage_healed":0,"gold_gain":0,"player_choice":"Copied","damage_taken":0,"max_hp_gain":0,"max_hp_loss":0,"event_name":"Duplicator","floor":36,"gold_loss":0,"cards_obtained":["Ghostly"]}],"is_beta":true,"boss_relics":[{"not_picked":["SacredBark","Coffee Dripper"],"picked":"SlaversCollar"},{"not_picked":["Busted Crown","Runic Dome"],"picked":"Calling Bell"}],"items_purged_floors":[19],"is_endless":false,"potions_floor_spawned":[2,3,6,8,14,18,24,28,30,31,33,35,37,39,41,42],"killed_by":"Transient","ascension_level":20}}