{"host":"cgwysqtmt736mr58","time":1612162082,"event":{"mods":["2.2 Compatiblity","Aspiration","BaseMod","Beaked The Cultist","BetterRewards","Colored Map","Colored Powertips","Downfall","Duelist Mod","GifTheSpireLib","Googly Eyes","Halation","Hermit","Hubris","Infinite Spire","Lobotomy","LobotomyExtend","Marisa????????","Minty Spire (QoL Compilation)","Relic Stats","Replay The Spire","Shade Mod","StSLib","The Construct","The Cursed","The Disciple","The Exalted","The Jungle","The Necromancer","The Runesmith","The Wild Card","Waifu the Spire","Yuri Mod"],"gold_per_floor":[99,111,60,72,172,192,192,210,221,61,61,81,81,97,117,220,220,120,137,150,150,160,173,221,221,221,221,221,221,221,221,231,331,345,443,443,443,460,470,485,485,485,485,510,510,520,520,538,538,538,558,558,558],"floor_reached":54,"language":"ENG","playtime":2308,"items_purged":["Spreading Infection"],"score":1007,"play_id":"1b34ef4e-a3e3-4336-8511-4d855a9b1622","local_time":"20210201174802","is_ascension_mode":true,"campfire_choices":[{"floor":1,"key":"RECALL"},{"floor":13,"key":"REST"},{"floor":25,"key":"REST"},{"floor":29,"key":"REST"},{"data":"ReplayTheSpireMod:Black Plague","floor":31,"key":"SMITH"},{"data":"bronze:Format","floor":37,"key":"SMITH"},{"floor":45,"key":"REST"}],"circlet_count":0,"master_deck":["bronze:Strike","bronze:Strike","bronze:Strike","bronze:Strike","bronze:Defend","bronze:Defend","bronze:Defend","bronze:Defend","bronze:Replicate","bronze:Goto","bronze:Flail","bronze:OilSpill","bronze:Goto","bronze:DelayedGuard","bronze:Return","hubris:Insight","bronze:FunctionCard","bronze:GetLatest","bronze:InfiniteBeams","bronze:WhirlingStrike","bronze:CloningBeam","bronze:Iterate","bronze:Format+1","bronze:WildBeam+1","bronze:BuggyMess","bronze:ChosenStrike","ReplayTheSpireMod:Black Plague+1","bronze:Branch","bronze:Boost","bronze:ThunderWave","bronze:Iterate+1","bronze:FineTuning+1","bronze:Optimize+1","ReplayTheSpireMod:Black Plague","infinitespire:Execution","bronze:DelayedSlice","bronze:Frontload+1","bronze:Separator+1","Doubt","bronze:ItsAFeature+1"],"relics":["bronze:BronzeCore","aspiration:ChemicalBlood","LetterFromLob","downfall:GremlinSack","Runesmith:Locket","Anchor","SlaversCollar","downfall:HeartBlessingRed","Dream Catcher","hubris:Towel","bronze:ElectromagneticCoil","aspiration:TomeofQuesting","infinitespire:CursedDice","infinitespire:BottledMercury","hubris:ScarierMask","halation:PinkSoulGem","Bromod:ArcaneGrace","Bromod:ArcaneVictory","Gambling Chip","aspiration:VileToxins","Ring of Fury","ReplayTheSpireMod:Ring of Collecting"],"acts_visited":["Exordium","TheCity","TheBeyond"],"potions_floor_usage":[4,5,8,16,16,16,16,22,23,23,33,33,35,44,44,51,51,52],"damage_taken":[{"damage":0,"enemies":"2 Louse","floor":2,"turns":3},{"damage":0,"enemies":"downfall:FleeingMerchant","floor":3,"turns":4},{"damage":0,"enemies":"Cultist","floor":4,"turns":2},{"damage":5,"enemies":"Cultist","floor":5,"turns":3},{"damage":7,"enemies":"Small Slimes","floor":6,"turns":4},{"damage":15,"enemies":"Exordium Wildlife","floor":8,"turns":3},{"damage":6,"enemies":"Gremlin Gang","floor":9,"turns":4},{"damage":10,"enemies":"downfall:FleeingMerchant","floor":10,"turns":4},{"damage":6,"enemies":"Exordium Thugs","floor":12,"turns":4},{"damage":0,"enemies":"3 Louse","floor":14,"turns":3},{"damage":18,"enemies":"Large Slime","floor":15,"turns":4},{"damage":43,"enemies":"DF_ARCHETYPE_STREAMLINE","floor":16,"turns":6},{"damage":2,"enemies":"3 Byrds","floor":19,"turns":4},{"damage":0,"enemies":"Chosen","floor":20,"turns":3},{"damage":15,"enemies":"Snake Plant","floor":22,"turns":4},{"damage":4,"enemies":"Centurion and Healer","floor":23,"turns":2},{"damage":23,"enemies":"Shelled Parasite and Fungi","floor":32,"turns":4},{"damage":5,"enemies":"IC_STATUS_ARCHETYPE","floor":33,"turns":3},{"damage":6,"enemies":"Snake Plant","floor":34,"turns":2},{"damage":0,"enemies":"WA_ARCHETYPE_CALM","floor":35,"turns":4},{"damage":0,"enemies":"3 Darklings","floor":38,"turns":3},{"damage":8,"enemies":"Orb Walker","floor":39,"turns":3},{"damage":0,"enemies":"Sphere and 2 Shapes","floor":40,"turns":2},{"damage":33,"enemies":"Reptomancer","floor":44,"turns":5},{"damage":18,"enemies":"Maw","floor":46,"turns":4},{"damage":4,"enemies":"4 Shapes","floor":48,"turns":5},{"damage":6,"enemies":"Transient","floor":51,"turns":5},{"damage":9,"enemies":"SI_POISON_ARCHETYPE","floor":52,"turns":5}],"seed_played":"8473046752020617480","potions_obtained":[{"floor":4,"key":"EntropicBrew"},{"floor":5,"key":"Death Potion"},{"floor":8,"key":"PowerPotion"},{"floor":10,"key":"champ:CounterPotion"},{"floor":11,"key":"FairyPotion"},{"floor":15,"key":"Strength Potion"},{"floor":16,"key":"Strength Potion"},{"floor":18,"key":"CultistPotion"},{"floor":40,"key":"Elixir"},{"floor":46,"key":"Explosive Potion"}],"is_trial":false,"path_per_floor":["R_BF","M","$","M","?","M","T","M","M","$","?","M","R","M","M","B",null,"R_BF","M","M","?","M","M","T","R","PTL","PTL","?","R","AVR","R","M","?","M","B",null,"R","M","M","M","?","AVR","T","E","R","M","?","M","?","?","M","B",null,null],"character_chosen":"THE_AUTOMATON","items_purchased":["bronze:Flail","Anchor"],"campfire_rested":4,"item_purchase_floors":[3,10],"current_hp_per_floor":[63,63,63,63,58,51,51,36,30,20,20,14,35,35,17,11,55,55,53,53,53,38,34,34,55,55,55,55,71,71,71,48,43,37,37,63,63,63,55,55,55,55,55,28,49,33,71,71,71,71,67,62,62],"gold":558,"neow_bonus":"RANDOM_COMMON_RELIC","is_daily":false,"chose_seed":false,"campfire_upgraded":2,"win_rate":0.0,"timestamp":1612162082,"path_taken":["R_BF","M","$","M","?","M","T","M","?","?","?","?","R","M","M","BOSS","R_BF","M","M","?","M","M","T","R","PTL","PTL","?","R","AVR","R","M","?","M","BOSS","R","M","M","M","?","AVR","T","E","R","M","?","M","?","?","M","BOSS"],"items_purchased_type":["Card","Relic"],"build_version":"2020-12-22","purchased_purges":1,"victory":true,"max_hp_per_floor":[70,70,70,70,70,70,70,70,70,70,70,70,70,70,70,70,70,70,70,70,71,71,71,71,71,71,71,71,71,71,71,71,71,71,71,71,71,71,71,71,71,71,71,71,71,71,71,71,71,71,71,71,71],"relic_stats":{"Dream Catcher":3,"counters":[28,102],"Gambling Chip":[10],"obtain_stats":[{"aspiration:VileToxins":44,"infinitespire:BottledMercury":33,"bronze:ElectromagneticCoil":30,"bronze:BronzeCore":0,"Bromod:ArcaneGrace":42,"downfall:HeartBlessingRed":18,"infinitespire:CursedDice":33,"Bromod:ArcaneVictory":42,"Runesmith:Locket":7,"aspiration:TomeofQuesting":30,"hubris:Towel":28,"SlaversCollar":17,"Anchor":10,"Dream Catcher":24,"downfall:GremlinSack":5,"Gambling Chip":43,"ReplayTheSpireMod:Ring of Collecting":50,"hubris:ScarierMask":36,"Ring of Fury":50,"LetterFromLob":2,"halation:PinkSoulGem":41,"aspiration:ChemicalBlood":0},{"aspiration:VileToxins":24,"infinitespire:BottledMercury":18,"bronze:ElectromagneticCoil":16,"bronze:BronzeCore":0,"Bromod:ArcaneGrace":23,"downfall:HeartBlessingRed":12,"infinitespire:CursedDice":18,"Bromod:ArcaneVictory":23,"Runesmith:Locket":5,"aspiration:TomeofQuesting":16,"hubris:Towel":16,"SlaversCollar":12,"Anchor":8,"Dream Catcher":16,"downfall:GremlinSack":4,"Gambling Chip":23,"ReplayTheSpireMod:Ring of Collecting":26,"hubris:ScarierMask":20,"Ring of Fury":26,"LetterFromLob":1,"halation:PinkSoulGem":23,"aspiration:ChemicalBlood":0},{"aspiration:VileToxins":83,"infinitespire:BottledMercury":64,"bronze:ElectromagneticCoil":57,"bronze:BronzeCore":0,"Bromod:ArcaneGrace":78,"downfall:HeartBlessingRed":44,"infinitespire:CursedDice":64,"Bromod:ArcaneVictory":78,"Runesmith:Locket":16,"aspiration:TomeofQuesting":57,"hubris:Towel":57,"SlaversCollar":44,"Anchor":27,"Dream Catcher":57,"downfall:GremlinSack":12,"Gambling Chip":78,"ReplayTheSpireMod:Ring of Collecting":92,"hubris:ScarierMask":70,"Ring of Fury":92,"LetterFromLob":3,"halation:PinkSoulGem":78,"aspiration:ChemicalBlood":0}]},"card_choices":[{"not_picked":["bronze:BugBarrage","bronze:ForceShield"],"picked":"bronze:DelayedSlice","floor":2},{"not_picked":["bronze:Philosophize","bronze:ChildClass"],"picked":"bronze:Iterate","floor":3},{"not_picked":["bronze:BronzeArmor","bronze:ForLoop"],"picked":"bronze:OilSpill","floor":4},{"not_picked":["bronze:Shield","bronze:DelayedSlice"],"picked":"bronze:WhirlingStrike","floor":5},{"not_picked":["bronze:BuggyMess","bronze:NullPointer"],"picked":"bronze:GetLatest","floor":6},{"not_picked":["bronze:DelayedSlice","bronze:BuggyMess"],"picked":"bronze:InfiniteBeams","floor":8},{"not_picked":["bronze:Deprecate","bronze:Invalidate"],"picked":"bronze:WhirlingStrike","floor":9},{"not_picked":["bronze:Repair","bronze:Branch"],"picked":"bronze:CloningBeam","floor":10},{"not_picked":["bronze:Shield","bronze:Overload","bronze:BugBarrage"],"picked":"SKIP","floor":12},{"not_picked":["bronze:Constructor","bronze:Branch"],"picked":"bronze:Iterate","floor":14},{"not_picked":["bronze:CutThrough","bronze:SpaghettiCode","bronze:Constructor"],"picked":"SKIP","floor":15},{"not_picked":["bronze:Virus","bronze:TinkerersToolbox"],"picked":"bronze:Format","floor":16},{"not_picked":["bronze:OilSpill","bronze:ChildClass"],"picked":"bronze:WildBeam+1","floor":19},{"not_picked":["bronze:WildBeam","bronze:DarkDash","bronze:BugBarrage"],"picked":"SKIP","floor":20},{"not_picked":["bronze:WildBeam","bronze:Frontload"],"picked":"bronze:BuggyMess","floor":22},{"not_picked":["bronze:BugBarrage","bronze:WhirlingStrike","bronze:CutThrough"],"picked":"SKIP","floor":23},{"not_picked":["bronze:Branch","bronze:Invalidate"],"picked":"bronze:FineTuning+1","floor":25},{"not_picked":["bronze:WildBeam+1","bronze:Repulsor"],"picked":"bronze:ChosenStrike","floor":29},{"not_picked":["bronze:Constructor","bronze:DigitalCarnage"],"picked":"bronze:Branch","floor":32},{"not_picked":["bronze:Repulsor","bronze:BitShift"],"picked":"bronze:Boost","floor":34},{"not_picked":["bronze:FindAndReplace","bronze:Mutator"],"picked":"bronze:ThunderWave","floor":35},{"not_picked":["bronze:MaxOutput","bronze:FineTuning+1"],"picked":"bronze:Iterate+1","floor":38},{"not_picked":["bronze:WildBeam","bronze:BitShift"],"picked":"bronze:FineTuning+1","floor":39},{"not_picked":["bronze:Invalidate","bronze:CleanCode"],"picked":"bronze:Optimize+1","floor":40},{"not_picked":["bronze:Allocate","bronze:Invalidate"],"picked":"bronze:DelayedSlice","floor":44},{"not_picked":["bronze:BronzeArmor+1","bronze:BitShift"],"picked":"bronze:Frontload+1","floor":45},{"not_picked":["bronze:Turbo+1","bronze:Shield"],"picked":"bronze:Separator+1","floor":46},{"not_picked":["bronze:Philosophize+1","bronze:FindAndReplace","bronze:DelayedGuard+1"],"picked":"SKIP","floor":48},{"not_picked":["bronze:DelayedGuard","bronze:Deprecate"],"picked":"bronze:ItsAFeature+1","floor":51}],"player_experience":1075526,"relics_obtained":[{"floor":2,"key":"LetterFromLob"},{"floor":5,"key":"downfall:GremlinSack"},{"floor":7,"key":"Runesmith:Locket"},{"floor":24,"key":"Dream Catcher"},{"floor":33,"key":"infinitespire:CursedDice"},{"floor":33,"key":"infinitespire:BottledMercury"},{"floor":43,"key":"Gambling Chip"},{"floor":44,"key":"aspiration:VileToxins"},{"floor":50,"key":"Ring of Fury"},{"floor":50,"key":"ReplayTheSpireMod:Ring of Collecting"}],"event_choices":[{"damage_healed":0,"gold_gain":0,"player_choice":"Got Potions","damage_taken":0,"max_hp_gain":0,"max_hp_loss":0,"event_name":"Lab","floor":11,"gold_loss":0},{"cards_removed":["bronze:FineTuning"],"damage_healed":0,"gold_gain":0,"player_choice":"Removed Skill","damage_taken":0,"max_hp_gain":0,"max_hp_loss":0,"event_name":"Falling","floor":49,"gold_loss":0}],"is_beta":false,"boss_relics":[{"not_picked":["halation:LoveArrow","aspiration:RunesmithSkillbook"],"picked":"SlaversCollar"},{"not_picked":["aspiration:MarisaSkillbook","Busted Crown"],"picked":"hubris:ScarierMask"}],"items_purged_floors":[30],"is_endless":false,"potions_floor_spawned":[4,5,8,14,16,19,22,40,46],"ascension_level":7}}