{"host":"stk82ot58bnorhun","time":1612156300,"event":{"mods":["BaseMod","Colored Powertips","Energized Spire","Highlight Path","Minty Spire (QoL Compilation)","Replay The Spire","StSLib","SuperFastMode","Uncapped"],"gold_per_floor":[116,129,139,139,139,139,168,168,191,224,224,243,243,30,30,131,81,97,97,79,122,135,135,135],"floor_reached":23,"language":"ZHS","playtime":935,"items_purged":[],"score":229,"play_id":"7b1dfb9d-7c40-40de-860a-a2037f88c727","local_time":"20210201131140","is_ascension_mode":true,"campfire_choices":[{"data":"Dual Wield","floor":8.0,"key":"SMITH"},{"floor":13.0,"key":"REST"},{"data":"Double Tap","floor":15.0,"key":"SMITH"}],"circlet_count":0,"master_deck":["Strike_R","Strike_R","Strike_R","Strike_R","Strike_R","Defend_R","Defend_R","Bash","ReplayTheSpireMod:Limb From Limb","Inflame","Burning Pact","Pommel Strike","Dual Wield+1","Headbutt","Replay:Parry","ReplayTheSpireMod:Corrosion Curse","Dark Embrace+1","Double Tap+1","Reaper","Strike_R","Power Through","ReplayTheSpireMod:Strike From Hell","Entrench+1","Second Wind"],"relics":["energizedSpire:MagnifyingGlass","Shuriken","Replay:Baseball","ReplayFunnel","Lantern","energizedSpire:HugeHouse","ReplayTheSpireMod:Ring of Collecting"],"acts_visited":["Exordium","TheCity"],"potions_floor_usage":[],"damage_taken":[{"damage":6.0,"enemies":"Cultist","floor":1.0,"turns":3.0},{"damage":7.0,"enemies":"Small Slimes","floor":2.0,"turns":4.0},{"damage":3.0,"enemies":"2 Louse","floor":3.0,"turns":4.0},{"damage":16.0,"enemies":"Gremlin Nob","floor":7.0,"turns":3.0},{"damage":35.0,"enemies":"Replay:BlueRogue","floor":10.0,"turns":4.0},{"damage":9.0,"enemies":"2 Fungi Beasts","floor":12.0,"turns":2.0},{"damage":26.0,"enemies":"Hexaghost","floor":16.0,"turns":5.0},{"damage":24.0,"enemies":"3 Byrds","floor":18.0,"turns":4.0},{"damage":21.0,"enemies":"2 Thieves","floor":20.0,"turns":4.0},{"damage":46.0,"enemies":"Sentry and Sphere","floor":22.0,"turns":6.0},{"damage":19,"enemies":"Replay:Snechameleon","floor":23,"turns":2}],"seed_played":"1277796523096172244","potions_obtained":[{"floor":1.0,"key":"Strength Potion"},{"floor":7.0,"key":"Dexterity Potion"},{"floor":18.0,"key":"SpeedPotion"},{"floor":20.0,"key":"SteroidPotion"},{"floor":21.0,"key":"Doom Potion"},{"floor":21.0,"key":"Reflective Coating"}],"is_trial":false,"path_per_floor":["M","M","M","T","?","?","E","R","T","E","?","M","R","$","R","B",null,"M","?","M","?","M","E"],"character_chosen":"IRONCLAD","items_purchased":["Dark Embrace+1","Double Tap"],"campfire_rested":1,"item_purchase_floors":[14,14],"current_hp_per_floor":[74,67,64,64,64,64,48,48,48,13,13,4,28,28,28,2,75,65,65,61,61,15,0,0],"gold":135,"neow_bonus":"BOSS_RELIC","is_daily":false,"chose_seed":false,"campfire_upgraded":2,"win_rate":0.0,"timestamp":1612156300,"path_taken":["M","M","M","?","?","?","E","R","T","E","?","M","R","$","R","BOSS","M","?","M","?","M","E"],"items_purchased_type":["Card","Card"],"build_version":"2020-12-22","purchased_purges":0,"victory":false,"max_hp_per_floor":[80,80,80,80,80,80,80,80,80,80,80,80,80,80,80,80,75,75,75,75,75,75,75,75],"card_choices":[{"not_picked":["Sword Boomerang","Replay:Undeath\u0027s Touch"],"picked":"ReplayTheSpireMod:Limb From Limb","floor":1.0},{"not_picked":["Wild Strike","True Grit"],"picked":"Inflame","floor":2.0},{"not_picked":["Iron Wave","Massacre"],"picked":"Burning Pact","floor":3.0},{"not_picked":["Feel No Pain","ReplayTheSpireMod:Muscle Training"],"picked":"Dual Wield","floor":7.0},{"not_picked":["Eclipse","Cleave"],"picked":"Headbutt","floor":10.0},{"not_picked":["Carnage","Havoc","Entrench"],"picked":"SKIP","floor":12.0},{"not_picked":["Juggernaut","Impervious"],"picked":"Reaper","floor":16.0},{"not_picked":["Clash","Life Link"],"picked":"ReplayTheSpireMod:Strike From Hell","floor":18.0},{"not_picked":["Hemokinesis","Rupture","Blood for Blood"],"picked":"SKIP","floor":20.0},{"not_picked":["Havoc","Warcry"],"picked":"Entrench+1","floor":21.0},{"not_picked":["Shrug It Off","Havoc"],"picked":"Second Wind","floor":22.0}],"player_experience":45439,"relics_obtained":[{"floor":4.0,"key":"Shuriken"},{"floor":7.0,"key":"Replay:Baseball"},{"floor":9.0,"key":"ReplayFunnel"},{"floor":10.0,"key":"Lantern"},{"floor":19.0,"key":"ReplayTheSpireMod:Ring of Collecting"}],"event_choices":[{"damage_healed":0.0,"max_hp_gain":0.0,"max_hp_loss":0.0,"gold_gain":0.0,"cards_transformed":["Defend_R"],"event_name":"Living Wall","player_choice":"Change","floor":5.0,"gold_loss":0.0,"damage_taken":0.0,"cards_obtained":["Pommel Strike"]},{"damage_healed":0.0,"max_hp_gain":0.0,"max_hp_loss":0.0,"gold_gain":0.0,"event_name":"Match and Keep!","player_choice":"3 cards matched","floor":11.0,"gold_loss":0.0,"damage_taken":0.0,"cards_obtained":["Replay:Parry","ReplayTheSpireMod:Corrosion Curse","Warcry"]}],"is_beta":false,"boss_relics":[{"not_picked":["energizedSpire:StickyHand","Empty Cage"],"picked":"energizedSpire:HugeHouse"}],"items_purged_floors":[],"is_endless":false,"potions_floor_spawned":[1,7,18,20],"killed_by":"Replay:Snechameleon","ascension_level":3}}