{"host":"15dd7v8o90xso62x","time":1612198814,"event":{"mods":["BaseMod","Minty Spire (QoL Compilation)","Quick Restart","StSLib","SuperFastMode"],"gold_per_floor":[118,78,98,98,23,23,49,100,100,100,100,100,47,60,60,135,135,146,164,36,36,56,56,75,75,157,191,191,203,26,46,46,118,118,133,146,156,81,93,93,93,123,123,123,148,148,164,176,176,176,176],"floor_reached":52,"language":"KOR","playtime":1870,"items_purged":["Defend_G"],"score":2035,"play_id":"8e6081fc-6ff7-4eb8-b771-d4f759bb710a","local_time":"20210202020014","is_ascension_mode":true,"campfire_choices":[{"data":"Neutralize","floor":6.0,"key":"SMITH"},{"data":"Blur","floor":11.0,"key":"SMITH"},{"data":"Deadly Poison","floor":15.0,"key":"SMITH"},{"data":"Noxious Fumes","floor":23.0,"key":"SMITH"},{"data":"Crippling Poison","floor":25.0,"key":"SMITH"},{"data":"Footwork","floor":32.0,"key":"SMITH"},{"data":"Burst","floor":40.0,"key":"SMITH"},{"data":"Bouncing Flask","floor":44.0,"key":"SMITH"},{"data":"Adrenaline","floor":46.0,"key":"SMITH"},{"data":"Adrenaline","floor":49,"key":"SMITH"}],"circlet_count":0,"master_deck":["AscendersBane","Strike_G","Strike_G","Strike_G","Defend_G","Defend_G","Defend_G","Survivor+1","Neutralize+1","Blur+1","Deadly Poison+1","Footwork","Adrenaline+1","Acrobatics+1","Footwork+1","Noxious Fumes+1","Crippling Poison+1","Catalyst+1","Adrenaline+1","Prepared+1","Burst+1","Bouncing Flask+1","Corpse Explosion","Malaise"],"relics":["Ring of the Snake","NeowsBlessing","Ornamental Fan","Orichalcum","Vajra","Coffee Dripper","Paper Crane","Question Card","Strawberry","Singing Bowl","Black Star","Centennial Puzzle","War Paint","Bottled Lightning","Unceasing Top","Darkstone Periapt"],"acts_visited":["Exordium","TheCity","TheBeyond"],"potions_floor_usage":[],"damage_taken":[{"damage":0.0,"enemies":"2 Louse","floor":1.0,"turns":1.0},{"damage":0.0,"enemies":"Cultist","floor":3.0,"turns":1.0},{"damage":0.0,"enemies":"Gremlin Nob","floor":7.0,"turns":1.0},{"damage":2.0,"enemies":"Jaw Worm","floor":14.0,"turns":4.0},{"damage":18.0,"enemies":"The Guardian","floor":16.0,"turns":12.0},{"damage":0.0,"enemies":"Shell Parasite","floor":18.0,"turns":7.0},{"damage":5.0,"enemies":"Spheric Guardian","floor":19.0,"turns":6.0},{"damage":43.0,"enemies":"3 Cultists","floor":22.0,"turns":6.0},{"damage":0.0,"enemies":"Centurion and Healer","floor":24.0,"turns":8.0},{"damage":0.0,"enemies":"Book of Stabbing","floor":27.0,"turns":6.0},{"damage":6.0,"enemies":"Shelled Parasite and Fungi","floor":29.0,"turns":4.0},{"damage":0.0,"enemies":"3 Cultists","floor":31.0,"turns":5.0},{"damage":37.0,"enemies":"Champ","floor":33.0,"turns":11.0},{"damage":0.0,"enemies":"3 Darklings","floor":35.0,"turns":4.0},{"damage":12.0,"enemies":"3 Shapes","floor":36.0,"turns":6.0},{"damage":11.0,"enemies":"Sphere and 2 Shapes","floor":37.0,"turns":6.0},{"damage":0.0,"enemies":"Transient","floor":39.0,"turns":6.0},{"damage":7.0,"enemies":"Nemesis","floor":42.0,"turns":3.0},{"damage":0.0,"enemies":"Giant Head","floor":45.0,"turns":6.0},{"damage":6,"enemies":"Jaw Worm Horde","floor":47,"turns":2},{"damage":0,"enemies":"Maw","floor":48,"turns":5},{"damage":28,"enemies":"Donu and Deca","floor":50,"turns":7},{"damage":8,"enemies":"Time Eater","floor":51,"turns":5}],"seed_played":"5001802382034921209","potions_obtained":[{"floor":2.0,"key":"EntropicBrew"},{"floor":2.0,"key":"FairyPotion"},{"floor":39.0,"key":"GhostInAJar"}],"is_trial":false,"path_per_floor":["M","?","M","?","$","R","E","T","T","?","R","?","$","M","R","B",null,"M","M","$","T","M","R","M","R","T","E","?","M","$","M","R","B",null,"M","M","M","?","M","R","$","E","T","R","E","R","M","M","R","B","B",null],"character_chosen":"THE_SILENT","items_purchased":["Deadly Poison","Noxious Fumes","Crippling Poison","Adrenaline"],"campfire_rested":0,"item_purchase_floors":[13,20,20,30],"current_hp_per_floor":[59,59,59,64,64,64,64,64,64,64,64,64,64,62,62,44,64,64,59,59,59,16,16,16,16,16,23,23,17,17,17,17,23,64,66,56,47,47,49,49,49,42,42,42,44,44,40,42,42,14,6],"gold":176,"neow_bonus":"THREE_ENEMY_KILL","is_daily":false,"chose_seed":false,"campfire_upgraded":10,"win_rate":0.0,"timestamp":1612198814,"path_taken":["M","?","?","?","?","R","E","?","T","?","R","?","$","M","R","BOSS","M","M","?","?","M","R","M","R","T","E","?","?","$","M","R","BOSS","M","M","M","?","?","R","?","E","T","R","E","R","M","M","R","BOSS","BOSS"],"items_purchased_type":["Card","Card","Card","Card"],"build_version":"2020-12-22","purchased_purges":1,"victory":true,"max_hp_per_floor":[66,66,66,71,71,71,71,71,71,71,71,71,71,71,71,71,71,71,71,71,71,71,71,71,71,71,78,78,78,78,78,78,78,78,80,82,84,84,86,86,86,86,86,86,88,88,90,92,92,92,92],"card_choices":[{"not_picked":["Deadly Poison","Outmaneuver","Catalyst"],"picked":"SKIP","floor":1.0},{"not_picked":["Infinite Blades","Prepared","All Out Attack"],"picked":"SKIP","floor":3.0},{"not_picked":["Cloak And Dagger","Backflip"],"picked":"Blur","floor":7.0},{"not_picked":["Slice","PiercingWail"],"picked":"Footwork","floor":14.0},{"not_picked":["After Image","Doppelganger"],"picked":"Adrenaline","floor":16.0},{"not_picked":["Underhanded Strike","Slice"],"picked":"Acrobatics","floor":18.0},{"not_picked":["Choke","Underhanded Strike"],"picked":"Footwork","floor":19.0},{"not_picked":["Poisoned Stab+1","Flying Knee","Heel Hook+1"],"picked":"SKIP","floor":22.0},{"not_picked":["Terror","Bane","Quick Slash"],"picked":"SKIP","floor":24.0},{"not_picked":["Storm of Steel","PiercingWail","Dagger Spray"],"picked":"Escape Plan","floor":27.0},{"not_picked":["Masterful Stab","Backflip","Distraction"],"picked":"Catalyst+1","floor":29.0},{"not_picked":["Quick Slash+1","PiercingWail","Slice"],"picked":"Prepared+1","floor":31.0},{"not_picked":["Die Die Die","Doppelganger","Unload"],"picked":"Burst","floor":33.0},{"not_picked":["Quick Slash+1","Choke","Dagger Throw","Backstab"],"picked":"Singing Bowl","floor":35.0},{"not_picked":["Setup","Skewer","Dodge and Roll","Outmaneuver"],"picked":"Singing Bowl","floor":36.0},{"not_picked":["PiercingWail","Underhanded Strike","Terror","Blade Dance"],"picked":"Singing Bowl","floor":37.0},{"not_picked":["Slice+1","Choke","Terror","Dodge and Roll"],"picked":"Singing Bowl","floor":39.0},{"not_picked":["Flying Knee","Escape Plan","Dagger Spray"],"picked":"Malaise","floor":42.0},{"not_picked":["Caltrops","Expertise","Escape Plan","Sucker Punch"],"picked":"Singing Bowl","floor":45.0},{"not_picked":["Sucker Punch","Dagger Throw+1","Deadly Poison","PiercingWail"],"picked":"Singing Bowl","floor":47},{"not_picked":["PiercingWail","Blade Dance","Underhanded Strike","Acrobatics+1"],"picked":"Singing Bowl","floor":48}],"player_experience":927310,"relics_obtained":[{"floor":7.0,"key":"Ornamental Fan"},{"floor":8.0,"key":"Orichalcum"},{"floor":9.0,"key":"Vajra"},{"floor":21.0,"key":"Paper Crane"},{"floor":26.0,"key":"Question Card"},{"floor":27.0,"key":"Strawberry"},{"floor":42.0,"key":"Centennial Puzzle"},{"floor":42.0,"key":"War Paint"},{"floor":43.0,"key":"Bottled Lightning"},{"floor":45.0,"key":"Unceasing Top"},{"floor":45.0,"key":"Darkstone Periapt"}],"event_choices":[{"damage_healed":0.0,"max_hp_gain":0.0,"max_hp_loss":0.0,"gold_gain":0.0,"event_name":"The Woman in Blue","player_choice":"Bought 3 Potions","floor":2.0,"gold_loss":0.0,"damage_taken":0.0},{"damage_healed":0.0,"max_hp_gain":5.0,"max_hp_loss":0.0,"gold_gain":0.0,"event_name":"Big Fish","player_choice":"Donut","floor":4.0,"gold_loss":0.0,"damage_taken":0.0},{"damage_healed":0.0,"max_hp_gain":0.0,"max_hp_loss":0.0,"gold_gain":0.0,"event_name":"Dead Adventurer","player_choice":"Searched \u00270\u0027 times","floor":10.0,"gold_loss":0.0,"damage_taken":0.0},{"cards_removed":["Defend_G"],"damage_healed":0.0,"max_hp_gain":0.0,"max_hp_loss":0.0,"gold_gain":0.0,"event_name":"Purifier","player_choice":"Purged","floor":12.0,"gold_loss":0.0,"damage_taken":0.0},{"cards_removed":["Escape Plan"],"damage_healed":0.0,"max_hp_gain":0.0,"max_hp_loss":0.0,"gold_gain":0.0,"event_name":"WeMeetAgain","player_choice":"Gave Card","floor":28.0,"gold_loss":0.0,"damage_taken":0.0,"relics_obtained":["Singing Bowl"]},{"damage_healed":0.0,"max_hp_gain":0.0,"max_hp_loss":0.0,"gold_gain":0.0,"cards_transformed":["Strike_G","Strike_G"],"event_name":"Designer","player_choice":"Transformed Cards","floor":38.0,"gold_loss":75.0,"damage_taken":0.0,"cards_obtained":["Bouncing Flask","Corpse Explosion"]}],"is_beta":false,"boss_relics":[{"not_picked":["Tiny House","Empty Cage"],"picked":"Coffee Dripper"},{"not_picked":["WristBlade","Velvet Choker"],"picked":"Black Star"}],"items_purged_floors":[5],"is_endless":false,"potions_floor_spawned":[3,18,24,27,31,37,39,42],"ascension_level":20}}