{"host":"idqtdtn99vyzipi7","time":1612195771,"event":{"mods":["BaseMod","Colored Powertips","DeckTracker","Hermit","Luminous","Minty Spire (QoL Compilation)","Rare Cards Sparkle","Shade Mod","StSLib","The Blackbeard","The Cursed","The Elementalist","The Exalted","The Forsaken","The Hierophant","The Necromancer","The Runesmith","The Servant 0.9.4","Warlord Emblem"],"gold_per_floor":[117,130,80,91,91,123,123,140,140,172,172,172,197,212,212,309,309,326,326,251,269,269,269,283,283,283,56,73,104,104,104,104,209,209,228,228,239,239,0,30,30,42,91,91,102,102,135,185,185,185,185],"floor_reached":50,"language":"ENG","playtime":3372,"items_purged":["Luminous:Switch_Luminous"],"score":586,"play_id":"ea18394d-ab46-48b6-856b-b74ddedc9aab","local_time":"20210201170931","is_ascension_mode":false,"campfire_choices":[{"floor":7,"key":"REST"},{"floor":12,"key":"REST"},{"data":"Luminous:Light_Sylvan_Lance","floor":15,"key":"SMITH"},{"data":"Luminous:Freud_Wisdom1_Luminous","floor":23,"key":"SMITH"},{"data":"Luminous:Light_Sylvan_Lance","floor":25,"key":"SMITH"},{"floor":30,"key":"REST"},{"data":"Luminous:Light_Sylvan_Lance","floor":32,"key":"SMITH"},{"floor":41,"key":"RECALL"},{"data":"Luminous:Photic_Meditation_Luminous","floor":44,"key":"SMITH"},{"data":"Luminous:Light_Glare","floor":46,"key":"SMITH"},{"data":"Luminous:Light_Disperse","floor":49,"key":"SMITH"}],"circlet_count":0,"master_deck":["Luminous:Light_Flash_Shower","Luminous:Light_Flash_Shower","Luminous:Light_Flash_Shower","Luminous:Dark_Abyssal_Drop+1","Luminous:Dark_Abyssal_Drop","Luminous:Defend_Luminous+1","Luminous:Defend_Luminous","Luminous:Defend_Luminous","Luminous:Defend_Luminous","Luminous:Light_Sylvan_Lance+1","Luminous:Light_Sylvan_Lance+1","Luminous:Light_Disperse+1","Luminous:Freud_Wisdom1_Luminous+1","Luminous:Light_Glare+1","Luminous:Light_Sylvan_Lance+1","Finesse+1","Luminous:Photic_Meditation_Luminous+1","Luminous:Mirror_Force_Luminous+1","Luminous:Balance_Ender+1","Parasite","Luminous:Flash_Blink_Luminous+1"],"relics":["Luminous:MirrorRelic","Ornamental Fan","Ginger","Bromod:ArcanePistoleer","Vajra","Bromod:ArcaneGrace","Toxic Egg 2","Oddly Smooth Stone","TungstenRod","Bromod:ArcaneEnergize","Red Mask","theForsaken:Lifeblossom","Bromod:ArcaneMomentum","theForsaken:ScaryMask"],"acts_visited":["Exordium","TheCity","TheBeyond"],"potions_floor_usage":[0,6,10,10,14,16,28],"damage_taken":[{"damage":0,"enemies":"2 Louse","floor":1,"turns":3},{"damage":0,"enemies":"Small Slimes","floor":2,"turns":2},{"damage":8,"enemies":"Jaw Worm","floor":4,"turns":3},{"damage":22,"enemies":"Lagavulin","floor":6,"turns":7},{"damage":4,"enemies":"2 Fungi Beasts","floor":8,"turns":3},{"damage":36,"enemies":"3 Sentries","floor":10,"turns":8},{"damage":8,"enemies":"Gremlin Nob","floor":13,"turns":5},{"damage":0,"enemies":"Lots of Slimes","floor":14,"turns":3},{"damage":21,"enemies":"The Guardian","floor":16,"turns":10},{"damage":0,"enemies":"Chosen","floor":18,"turns":4},{"damage":18,"enemies":"Spheric Guardian","floor":21,"turns":4},{"damage":2,"enemies":"Cultist and Chosen","floor":24,"turns":6},{"damage":16,"enemies":"Snecko","floor":28,"turns":6},{"damage":57,"enemies":"Gremlin Leader","floor":29,"turns":11},{"damage":44,"enemies":"Automaton","floor":33,"turns":11},{"damage":8,"enemies":"Orb Walker","floor":35,"turns":3},{"damage":21,"enemies":"3 Shapes","floor":37,"turns":7},{"damage":0,"enemies":"Giant Head","floor":40,"turns":10},{"damage":4,"enemies":"Writhing Mass","floor":42,"turns":7},{"damage":11,"enemies":"Sphere and 2 Shapes","floor":45,"turns":6},{"damage":0,"enemies":"Reptomancer","floor":47,"turns":5},{"damage":168,"enemies":"Donu and Deca","floor":50,"turns":11}],"seed_played":"-7237372014517417059","potions_obtained":[{"floor":0,"key":"EntropicBrew"},{"floor":0,"key":"Fruit Juice"},{"floor":0,"key":"Weak Potion"},{"floor":10,"key":"Strength Potion"},{"floor":13,"key":"DistilledChaos"},{"floor":14,"key":"ColorlessPotion"},{"floor":16,"key":"Weak Potion"},{"floor":31,"key":"LiquidBronze"},{"floor":31,"key":"CultistPotion"}],"is_trial":false,"path_per_floor":["M","M","?","M","?","E","R","M","T","E","?","R","E","M","R","B",null,"M","?","$","M","?","R","M","R","T","$","M","E","R","?","R","B",null,"M","?","M","?","?","E","R","M","T","R","M","R","E","?","R","B"],"character_chosen":"LuminousClass","items_purchased":["Oddly Smooth Stone","Finesse+1"],"campfire_rested":3,"item_purchase_floors":[27,27],"current_hp_per_floor":[80,80,80,72,56,34,58,54,54,22,19,43,35,35,35,18,80,80,80,80,67,67,67,70,70,70,70,61,23,47,47,47,22,80,73,73,78,78,78,80,80,80,80,80,80,80,80,80,80,0,0],"gold":185,"neow_bonus":"THREE_SMALL_POTIONS","is_daily":false,"chose_seed":false,"campfire_upgraded":7,"win_rate":0.0,"timestamp":1612195771,"path_taken":["M","M","?","M","?","E","R","M","T","E","?","R","E","M","R","BOSS","M","?","$","M","?","R","M","R","T","$","?","E","R","?","R","BOSS","M","?","M","?","?","E","R","M","T","R","M","R","E","?","R","BOSS"],"items_purchased_type":["Relic","Card"],"build_version":"2020-12-22","purchased_purges":1,"victory":false,"max_hp_per_floor":[80,80,80,80,80,80,80,80,80,80,80,80,80,80,80,80,80,80,80,80,80,80,80,80,80,80,80,80,80,80,80,80,80,80,80,80,80,80,80,80,80,80,80,80,80,80,80,80,80,80,80],"card_choices":[{"not_picked":["Luminous:Dark_Dim_Erosion","Luminous:Light_Wash_Luminous"],"picked":"Luminous:Light_Sylvan_Lance","floor":1},{"not_picked":["Luminous:Dark_Raid","Luminous:Mana_Overload_Luminous"],"picked":"Luminous:Light_Sylvan_Lance","floor":2},{"not_picked":["Luminous:Dark_Raid","Luminous:Light_Ray_of_Redemption"],"picked":"Luminous:Light_Disperse","floor":4},{"not_picked":["Luminous:Light_Disperse","Luminous:Tune_Luminous"],"picked":"Luminous:Freud_Wisdom1_Luminous","floor":6},{"not_picked":["Luminous:Light_Sylvan_Lance","Luminous:Dark_Dim_Erosion","Luminous:Accumulation_Luminous"],"picked":"SKIP","floor":8},{"not_picked":["Luminous:Tune_Luminous","Luminous:Darkness_Mastery_Luminous"],"picked":"Luminous:Light_Glare","floor":10},{"not_picked":["Luminous:Shadow_Shell_Luminous","Luminous:Accumulation_Luminous","Luminous:Dark_Apocalypse"],"picked":"SKIP","floor":13},{"not_picked":["Luminous:Light_Wash_Luminous","Luminous:Dark_Pressure_Void","Luminous:Blinding_Pillar_Luminous"],"picked":"SKIP","floor":14},{"not_picked":["Luminous:Light_Ray_of_Redemption","Luminous:Accumulation_Luminous+1","Luminous:Dark_Arcane_Pitch"],"picked":"SKIP","floor":18},{"not_picked":["Luminous:Blinding_Pillar_Luminous","Luminous:Mana_Overload_Luminous"],"picked":"Luminous:Light_Sylvan_Lance","floor":21},{"not_picked":["Luminous:Light_Sylvan_Lance","Luminous:Dark_Raid","Luminous:Shadow_Shell_Luminous"],"picked":"SKIP","floor":24},{"not_picked":["Luminous:Balance_Death_Scythe","Luminous:Concentrate_Luminous+1","Luminous:Blinding_Pillar_Luminous+1"],"picked":"SKIP","floor":28},{"not_picked":["Luminous:Dark_Extract","Luminous:Fast_Spell_Luminous+1"],"picked":"Luminous:Photic_Meditation_Luminous","floor":29},{"not_picked":["Luminous:Armageddon_Luminous+1","Luminous:Date_of_Light_Luminous+1"],"picked":"Luminous:Mirror_Force_Luminous+1","floor":33},{"not_picked":["Luminous:Dark_Raid+1","Luminous:Accumulation_Luminous+1","Luminous:Light_Wash_Luminous+1"],"picked":"SKIP","floor":35},{"not_picked":["Luminous:Lunar_Tide_Luminous","Luminous:Concentrate_Luminous+1"],"picked":"Luminous:Balance_Ender+1","floor":37},{"not_picked":["Luminous:Concentrate_Luminous+1","Luminous:Lights_Protection_Luminous+1","Luminous:Dark_Dim_Erosion+1"],"picked":"SKIP","floor":40},{"not_picked":["Luminous:Lights_Protection_Luminous+1","Luminous:Light_Gather+1","Luminous:Accumulation_Luminous+1"],"picked":"SKIP","floor":42},{"not_picked":["Luminous:Light_Wash_Luminous","Luminous:Chase_Spell_Luminous+1"],"picked":"Luminous:Flash_Blink_Luminous+1","floor":45},{"not_picked":["Luminous:Date_of_Light_Luminous+1","Luminous:Light_Wash_Luminous","Luminous:Dark_Raid"],"picked":"SKIP","floor":47}],"player_experience":767496,"relics_obtained":[{"floor":6,"key":"Ornamental Fan"},{"floor":10,"key":"Ginger"},{"floor":13,"key":"Vajra"},{"floor":26,"key":"Toxic Egg 2"},{"floor":29,"key":"TungstenRod"},{"floor":40,"key":"theForsaken:Lifeblossom"},{"floor":43,"key":"Bromod:ArcaneMomentum"},{"floor":47,"key":"theForsaken:ScaryMask"}],"event_choices":[{"cards_removed":["Luminous:Dark_Abyssal_Drop"],"damage_healed":0,"gold_gain":0,"player_choice":"Card Removal","damage_taken":0,"max_hp_gain":0,"max_hp_loss":0,"event_name":"The Cleric","floor":3,"gold_loss":50},{"damage_healed":0,"gold_gain":0,"player_choice":"Entered Light","damage_taken":16,"max_hp_gain":0,"max_hp_loss":0,"event_name":"Shining Light","floor":5,"gold_loss":0,"cards_upgraded":["Luminous:Defend_Luminous","Luminous:Dark_Abyssal_Drop"]},{"damage_healed":0,"gold_gain":0,"player_choice":"Success","damage_taken":3,"relics_obtained":["Bromod:ArcanePistoleer"],"max_hp_gain":0,"max_hp_loss":0,"event_name":"Scrap Ooze","floor":11,"gold_loss":0},{"damage_healed":0,"gold_gain":0,"player_choice":"0 cards matched","damage_taken":0,"max_hp_gain":0,"max_hp_loss":0,"event_name":"Match and Keep!","floor":22,"gold_loss":0,"cards_obtained":[]},{"damage_healed":0,"gold_gain":0,"player_choice":"Got Potions","damage_taken":0,"max_hp_gain":0,"max_hp_loss":0,"event_name":"Lab","floor":31,"gold_loss":0},{"damage_healed":0,"gold_gain":0,"player_choice":"Paid","damage_taken":0,"relics_obtained":["Red Mask"],"max_hp_gain":0,"max_hp_loss":0,"event_name":"Tomb of Lord Red Mask","floor":39,"gold_loss":239}],"is_beta":false,"boss_relics":[{"not_picked":["Empty Cage","Sozu"],"picked":"Bromod:ArcaneGrace"},{"not_picked":["Philosopher\u0027s Stone","Black Star"],"picked":"Bromod:ArcaneEnergize"}],"items_purged_floors":[20],"is_endless":false,"potions_floor_spawned":[10,13,14,16,21,24,42],"killed_by":"Donu and Deca","ascension_level":0}}