{"host":"lreod2rejfd0az5i","time":1612151994,"event":{"mods":["AchievementEnabler","Aspiration","BaseMod","Colored Powertips","Conspire","Downfall","Highlight Path","Hubris","Infinite Spire","Mad Scientist","Minty Spire (QoL Compilation)","Rare Cards Sparkle","Relic Stats","Replay The Spire","StSLib","The Bug Knight","The Jungle"],"gold_per_floor":[115,39,39,62,75,108,118,118,118,136,136,84,84,99,99,99,99],"floor_reached":16,"language":"ENG","playtime":385,"items_purged":[],"score":250,"play_id":"c91268c8-5c4f-4404-a7b3-62641f69bd3e","local_time":"20210131205954","is_ascension_mode":true,"campfire_choices":[{"floor":11,"key":"REST"},{"data":"Skewer","floor":15,"key":"SMITH"}],"circlet_count":0,"master_deck":["AscendersBane","Strike_G","Strike_G+1","Strike_G+1","Strike_G","Defend_G","Defend_G","Defend_G","Defend_G","Defend_G","Survivor","Neutralize","Skewer+1","Dagger Spray","Deflect","Backflip","Terror"],"relics":["Ring of the Snake","NeowsBlessing","Regal Pillow","infinitespire:ShieldingShard","Omamori"],"acts_visited":["Exordium"],"potions_floor_usage":[16,16],"damage_taken":[{"damage":0,"enemies":"Jaw Worm","floor":1,"turns":1},{"damage":0,"enemies":"Cultist","floor":5,"turns":1},{"damage":0,"enemies":"Gremlin Nob","floor":6,"turns":1},{"damage":0,"enemies":"conspire:RoseBush","floor":7,"turns":4},{"damage":4,"enemies":"Looter","floor":10,"turns":4},{"damage":12,"enemies":"Exordium Thugs","floor":14,"turns":8},{"damage":54,"enemies":"Hexaghost","floor":16,"turns":13}],"seed_played":"30627862499297103","potions_obtained":[{"floor":6,"key":"Swift Potion"},{"floor":13,"key":"Block Potion"},{"floor":13,"key":"Flashbang"}],"is_trial":false,"path_per_floor":["M","$","?","T","M","E","M","?","T","M","R","$","?","M","R","B"],"character_chosen":"THE_SILENT","items_purchased":["Skewer","Backflip"],"campfire_rested":1,"item_purchase_floors":[2,12],"current_hp_per_floor":[59,59,39,39,39,39,39,39,39,35,66,66,66,54,54,0,0],"gold":99,"neow_bonus":"THREE_ENEMY_KILL","is_daily":false,"chose_seed":false,"campfire_upgraded":1,"win_rate":0.0,"timestamp":1612151994,"path_taken":["M","$","?","?","?","E","?","?","T","M","R","?","?","?","R","BOSS"],"items_purchased_type":["Card","Card"],"build_version":"2020-12-22","purchased_purges":0,"victory":false,"max_hp_per_floor":[66,66,66,66,66,66,66,66,66,66,66,66,66,66,66,66,66],"relic_stats":{"Regal Pillow":12,"counters":[7,32],"obtain_stats":[{"Regal Pillow":4,"infinitespire:ShieldingShard":6,"NeowsBlessing":0,"Omamori":9,"Ring of the Snake":0},{"Regal Pillow":1,"infinitespire:ShieldingShard":3,"NeowsBlessing":0,"Omamori":4,"Ring of the Snake":0},{"Regal Pillow":1,"infinitespire:ShieldingShard":3,"NeowsBlessing":0,"Omamori":7,"Ring of the Snake":0}],"Ring of the Snake":[14]},"card_choices":[{"not_picked":["Deadly Poison","Underhanded Strike","PiercingWail"],"picked":"SKIP","floor":1},{"not_picked":["Deadly Poison","conspire:DoublingDagger","Outmaneuver"],"picked":"SKIP","floor":5},{"not_picked":["Flying Knee","Quick Slash"],"picked":"Dagger Spray","floor":6},{"not_picked":["Underhanded Strike","Accuracy","Deflect"],"picked":"SKIP","floor":7},{"not_picked":["Slice","Escape Plan","Setup"],"picked":"SKIP","floor":10},{"not_picked":["hubris:SlightOfHand","Dodge and Roll"],"picked":"Terror","floor":14}],"player_experience":889681,"relics_obtained":[{"floor":4,"key":"Regal Pillow"},{"floor":6,"key":"infinitespire:ShieldingShard"},{"floor":9,"key":"Omamori"}],"event_choices":[{"damage_healed":0,"gold_gain":0,"player_choice":"Entered Light","damage_taken":20,"max_hp_gain":0,"max_hp_loss":0,"event_name":"Shining Light","floor":3,"gold_loss":0,"cards_upgraded":["Strike_G","Strike_G"]},{"damage_healed":0,"gold_gain":0,"cards_transformed":["Strike_G"],"player_choice":"Transformed","damage_taken":0,"max_hp_gain":0,"max_hp_loss":0,"event_name":"Transmorgrifier","floor":8,"gold_loss":0,"cards_obtained":["Deflect"]},{"damage_healed":0,"gold_gain":0,"player_choice":"Got Potions","damage_taken":0,"max_hp_gain":0,"max_hp_loss":0,"event_name":"Lab","floor":13,"gold_loss":0}],"is_beta":false,"boss_relics":[],"items_purged_floors":[],"is_endless":false,"potions_floor_spawned":[6,14],"killed_by":"Hexaghost","ascension_level":20}}