{"host":"gfmw02tnhhvp9jba","time":1612207186,"event":{"mods":["AchievementEnabler","BaseMod","Colored Map","Conspire","Downfall","Highlight Path","Minty Spire (QoL Compilation)","Replay The Spire","StSLib"],"gold_per_floor":[112,124,124,124,124,159,159,159,159,171,204,222,41,41,41,145,145,157,167,181,200,200,200,234,234,234],"floor_reached":25,"language":"ENG","playtime":1516,"items_purged":[],"score":381,"play_id":"0362e100-3b08-4f8e-92c5-4838a19bda6b","local_time":"20210201201946","is_ascension_mode":false,"campfire_choices":[{"data":"Eruption","floor":7,"key":"SMITH"},{"data":"Wireheading","floor":15,"key":"SMITH"}],"circlet_count":0,"master_deck":["conspire:GhostlyStrike","conspire:GhostlyStrike+1","conspire:GhostlyStrike","conspire:GhostlyStrike","conspire:GhostlyDefend+1","conspire:GhostlyDefend","conspire:GhostlyDefend","Eruption+1","Vigilance","Replay:ManipulateFuture","CurseOfTheBell","CurseOfTheBell","Evaluate","CutThroughFate","JustLucky","Wireheading+1","LessonLearned+1","InnerPeace","DevaForm","Weave"],"relics":["PureWater","NeowsBlessing","downfall:ExtraCursedBell","Anchor","Gremlin Horn","CaptainsWheel","ReplayTheSpireMod:Ring of Addiction","Chameleon Ring","SacredBark","Ginger","Onion Ring","Regal Pillow","Black Star","conspire:TopHat","Bronze Scales"],"acts_visited":["Exordium","TheCity"],"potions_floor_usage":[6,10,11,16,16,18,21,24],"damage_taken":[{"damage":0,"enemies":"Jaw Worm","floor":1,"turns":1},{"damage":0,"enemies":"Small Slimes","floor":2,"turns":1},{"damage":0,"enemies":"Lagavulin","floor":6,"turns":1},{"damage":0,"enemies":"2 Louse","floor":10,"turns":3},{"damage":10,"enemies":"Replay:BlueRogue","floor":11,"turns":1},{"damage":0,"enemies":"Red Slaver","floor":12,"turns":2},{"damage":53,"enemies":"Hexaghost","floor":16,"turns":10},{"damage":15,"enemies":"3 Byrds","floor":18,"turns":7},{"damage":9,"enemies":"Shell Parasite","floor":19,"turns":11},{"damage":23,"enemies":"conspire:HollyBat","floor":20,"turns":9},{"damage":0,"enemies":"Snake Plant","floor":21,"turns":3},{"damage":32,"enemies":"Gremlin Leader","floor":24,"turns":7},{"damage":21,"enemies":"Centurion and Healer","floor":25,"turns":5}],"seed_played":"-7746143312066740683","potions_obtained":[{"floor":4,"key":"PowerPotion"},{"floor":4,"key":"CultistPotion"},{"floor":4,"key":"SpeedPotion"},{"floor":6,"key":"Fruit Juice"},{"floor":8,"key":"Death Potion"},{"floor":8,"key":"Death Potion"},{"floor":10,"key":"Fruit Juice"},{"floor":11,"key":"ColorlessPotion"},{"floor":16,"key":"PowerPotion"},{"floor":18,"key":"Languid Potion"},{"floor":19,"key":"FearPotion"},{"floor":23,"key":"Slimebound:ThreeZeroPotion"},{"floor":23,"key":"SpeedPotion"},{"floor":24,"key":"BlessingOfTheForge"}],"is_trial":false,"path_per_floor":["M","M","?","?","?","E","R","?","T","M","E","M","$","?","R","B",null,"M","M","M","M","?","R","E","M"],"character_chosen":"WATCHER","items_purchased":["LessonLearned","InnerPeace"],"campfire_rested":0,"item_purchase_floors":[13,13],"current_hp_per_floor":[72,72,72,72,65,80,80,80,80,95,85,85,85,85,85,32,98,83,74,51,51,51,51,19,0,0],"gold":234,"neow_bonus":"THREE_ENEMY_KILL","is_daily":false,"chose_seed":false,"campfire_upgraded":2,"win_rate":0.0,"timestamp":1612207186,"path_taken":["M","M","?","?","?","E","R","?","T","?","E","M","?","?","R","BOSS","M","M","M","M","?","R","E","M"],"items_purchased_type":["Card","Card"],"build_version":"2020-12-22","purchased_purges":0,"victory":false,"max_hp_per_floor":[72,72,72,72,72,87,87,87,87,100,100,100,100,100,98,98,98,98,98,98,98,98,98,98,98,98],"card_choices":[{"not_picked":["Replay:AtTheReady","CrushJoints","SashWhip"],"picked":"SKIP","floor":1},{"not_picked":["CrushJoints","SandsOfTime"],"picked":"Replay:ManipulateFuture","floor":2},{"not_picked":["BattleHymn","TalkToTheHand"],"picked":"Evaluate","floor":6},{"not_picked":["Indignation","Collect"],"picked":"CutThroughFate","floor":10},{"not_picked":["Replay:DivineShield","FlyingSleeves"],"picked":"JustLucky","floor":11},{"not_picked":["Crescendo","Replay:ManipulateFuture"],"picked":"Wireheading","floor":12},{"not_picked":["Ragnarok","Judgement"],"picked":"DevaForm","floor":16},{"not_picked":["SashWhip","Replay:Vibes"],"picked":"Weave","floor":18},{"not_picked":["Protect","Halt","EmptyBody"],"picked":"SKIP","floor":19},{"not_picked":["EmptyBody","Vengeance","Replay:DivineShield"],"picked":"SKIP","floor":20},{"not_picked":["CrushJoints","Replay:AtTheReady","EmptyBody+1"],"picked":"SKIP","floor":21},{"not_picked":["Conclude","Vengeance","Replay:AllIn"],"picked":"SKIP","floor":24}],"player_experience":112394,"relics_obtained":[{"floor":3,"key":"Anchor"},{"floor":3,"key":"Gremlin Horn"},{"floor":3,"key":"CaptainsWheel"},{"floor":4,"key":"ReplayTheSpireMod:Ring of Addiction"},{"floor":4,"key":"Chameleon Ring"},{"floor":4,"key":"SacredBark"},{"floor":6,"key":"Ginger"},{"floor":9,"key":"Onion Ring"},{"floor":11,"key":"Regal Pillow"},{"floor":24,"key":"conspire:TopHat"},{"floor":24,"key":"Bronze Scales"}],"event_choices":[{"cards_removed":["Delirium"],"damage_healed":0,"gold_gain":0,"player_choice":"Card Removal","damage_taken":7,"max_hp_gain":0,"max_hp_loss":0,"event_name":"Golden Wing","floor":5,"gold_loss":0},{"damage_healed":0,"gold_gain":0,"player_choice":"Got Potions","damage_taken":0,"max_hp_gain":0,"max_hp_loss":0,"event_name":"Lab","floor":8,"gold_loss":0},{"damage_healed":0,"gold_gain":0,"player_choice":"Agree","damage_taken":0,"max_hp_gain":0,"max_hp_loss":0,"event_name":"conspire:LoneGhost","floor":14,"gold_loss":0},{"cards_removed":["conspire:GhostlyDefend"],"damage_healed":0,"gold_gain":0,"player_choice":"Elegance","damage_taken":0,"max_hp_gain":0,"max_hp_loss":0,"event_name":"Back to Basics","floor":22,"gold_loss":0}],"is_beta":false,"boss_relics":[{"not_picked":["Velvet Choker","Runic Pyramid"],"picked":"Black Star"}],"items_purged_floors":[],"is_endless":false,"potions_floor_spawned":[6,10,11,16,18,19,24],"killed_by":"Centurion and Healer","ascension_level":0}}