{"host":"w4b7hmige5bnqipq","time":1612184399,"event":{"mods":["2.2 Compatiblity","BaseMod","Colored Map","DeckTracker","Keyboard Shortcuts","Minty Spire (QoL Compilation)","Permanent Neow","Rare Cards Sparkle","SuperFastMode","everything is the same but u backflip on backflip","slay the spire mod where everything is the same but ironclad has a cowboy hat"],"gold_per_floor":[117,135,135,147,51,85,97,128,207,207,234,214,214,228,228,228,228],"floor_reached":16,"language":"KOR","playtime":383,"items_purged":[],"score":180,"play_id":"e0957da0-40bb-45b6-a3bf-2f6a7b1a2195","local_time":"20210201215959","is_ascension_mode":true,"campfire_choices":[{"data":"Genetic Algorithm","floor":10.0,"key":"SMITH"},{"data":"Sunder","floor":13,"key":"SMITH"},{"data":"White Noise","floor":15,"key":"SMITH"}],"circlet_count":0,"master_deck":["AscendersBane","Strike_B+1","Strike_B","Strike_B","Strike_B","Defend_B","Defend_B","Defend_B","Defend_B","Zap","Dualcast","Sunder+1","Leap+1","Beam Cell","FTL","Coolheaded","Genetic Algorithm+1","Echo Form","Gash","Turbo","White Noise+1"],"relics":["Coffee Dripper","Dream Catcher","Thread and Needle","Bottled Tornado","Bag of Preparation"],"acts_visited":["Exordium"],"potions_floor_usage":[16],"damage_taken":[{"damage":0.0,"enemies":"Jaw Worm","floor":1.0,"turns":4.0},{"damage":5.0,"enemies":"Small Slimes","floor":2.0,"turns":2.0},{"damage":5.0,"enemies":"Cultist","floor":4.0,"turns":4.0},{"damage":16.0,"enemies":"Gremlin Nob","floor":6.0,"turns":4.0},{"damage":5.0,"enemies":"2 Fungi Beasts","floor":7.0,"turns":3.0},{"damage":4.0,"enemies":"Lagavulin","floor":8.0,"turns":7.0},{"damage":17,"enemies":"Gremlin Nob","floor":11,"turns":4},{"damage":0,"enemies":"3 Louse","floor":14,"turns":4},{"damage":2,"enemies":"Slime Boss","floor":16,"turns":4}],"seed_played":"-5349399467689038302","potions_obtained":[{"floor":2.0,"key":"Ancient Potion"},{"floor":4.0,"key":"SteroidPotion"},{"floor":7.0,"key":"EssenceOfSteel"},{"floor":12,"key":"Fire Potion"}],"is_trial":false,"path_per_floor":["M","M","?","M","$","E","M","E","T","R","E","?","R","M","R","B"],"character_chosen":"DEFECT","items_purchased":["FTL","Coolheaded"],"campfire_rested":0,"item_purchase_floors":[5,5],"current_hp_per_floor":[68,63,48,43,43,27,22,18,18,18,1,1,1,1,1,0,0],"gold":228,"neow_bonus":"BOSS_RELIC","is_daily":false,"chose_seed":false,"campfire_upgraded":3,"win_rate":0.0,"timestamp":1612184399,"path_taken":["M","M","?","M","$","E","M","E","T","R","E","?","R","M","R","BOSS"],"items_purchased_type":["Card","Card"],"build_version":"2020-12-22","purchased_purges":0,"victory":false,"max_hp_per_floor":[75,75,75,75,75,75,75,75,75,75,75,75,75,75,75,75,75],"card_choices":[{"not_picked":["Rebound","Steam"],"picked":"Sunder","floor":1.0},{"not_picked":["Force Field","Redo"],"picked":"Leap","floor":2.0},{"not_picked":["Gash","Redo"],"picked":"Beam Cell","floor":4.0},{"not_picked":["Stack","Consume"],"picked":"Genetic Algorithm","floor":6.0},{"not_picked":["Auto Shields","Streamline"],"picked":"Echo Form","floor":7.0},{"not_picked":["Scrape","Hello World"],"picked":"Gash","floor":8.0},{"not_picked":["Ball Lightning","Auto Shields"],"picked":"Turbo","floor":11},{"not_picked":["Amplify","Steam"],"picked":"White Noise","floor":14}],"player_experience":689653,"relics_obtained":[{"floor":6.0,"key":"Dream Catcher"},{"floor":8.0,"key":"Thread and Needle"},{"floor":9.0,"key":"Bottled Tornado"},{"floor":11,"key":"Bag of Preparation"}],"event_choices":[{"damage_healed":0.0,"max_hp_gain":0.0,"max_hp_loss":0.0,"gold_gain":0.0,"event_name":"Shining Light","player_choice":"Entered Light","floor":3.0,"gold_loss":0.0,"damage_taken":15.0,"cards_upgraded":["Leap","Strike_B"]},{"damage_healed":0,"gold_gain":0,"player_choice":"Bought 1 Potion","damage_taken":0,"max_hp_gain":0,"max_hp_loss":0,"event_name":"The Woman in Blue","floor":12,"gold_loss":0}],"is_beta":false,"boss_relics":[],"items_purged_floors":[],"is_endless":false,"potions_floor_spawned":[2,4,7],"killed_by":"Slime Boss","ascension_level":10}}