{"host":"dscols65uipasqd2","time":1612143847,"event":{"mods":["2.2 Compatiblity","AchievementEnabler","Aspiration","BaseMod","Colored Powertips","Downfall","Energized Spire","GifTheSpireLib","Hermit","Hubris","Infinite Spire","JesterMod","Jorbs\u0027s Wanderer Trilogy","Magitek Elite","Marisa????????","Minty Spire (QoL Compilation)","Rare Cards Sparkle","Replay The Spire","StSLib","Stuff the Spire","The Cursed","The Disciple","The Hierophant","The Judge","The Jungle","TheFirefly"],"gold_per_floor":[99,99,99,99,156,175,175,175,187,3,15,39,39,52,63,168,168,68,88,88,88,102,2,2,33,18,31,43,57,57,57,57],"floor_reached":30,"language":"ENG","playtime":1305,"items_purged":[],"score":252,"play_id":"1c491fe6-4d8c-46c8-812a-40bd5c153362","local_time":"20210131204407","is_ascension_mode":true,"campfire_choices":[{"floor":1,"key":"RECALL"},{"floor":13,"key":"REST"},{"data":"bronze:Iterate","floor":18,"key":"SMITH"},{"floor":23,"key":"REST"}],"circlet_count":0,"master_deck":["bronze:Strike","bronze:Strike","bronze:Strike","bronze:Defend","bronze:Defend","bronze:Defend","bronze:Defend","bronze:Replicate","bronze:Goto","bronze:Overload","bronze:Invalidate","bronze:Iterate+1","ReplayTheSpireMod:Splinters","bronze:Branch","bronze:ItsAFeature","bronze:Branch","bronze:WildBeam","bronze:Optimize","bronze:WhirlingStrike","bronze:ClassDefault","bronze:Flail","bronze:Flail","bronze:Turbo","bronze:ChildClass","bronze:Deprecate","bronze:Optimize","bronze:Break","bronze:FineTuning","bronze:ClassDefault+1","bronze:Terminator+1","bronze:Fortify+1","bronze:Overheat+1","bronze:HardenedForm","bronze:Separator+1"],"relics":["bronze:BronzeCore","downfall:HeartsMalice","Replay:Wax Seal","infinitespire:Joker Card","Honey Jar","downfall:HeartBlessingRed","aspiration:RitualStick","downfall:HeartBlessingBlue","Question Card","hubris:Metronome"],"acts_visited":["Exordium","TheCity"],"potions_floor_usage":[16,16,16,27,30],"damage_taken":[{"damage":0,"enemies":"Cultist","floor":2,"turns":1},{"damage":0,"enemies":"2 Louse","floor":3,"turns":1},{"damage":0,"enemies":"Jaw Worm","floor":4,"turns":1},{"damage":5,"enemies":"3 Louse","floor":6,"turns":3},{"damage":5,"enemies":"Blue Slaver","floor":9,"turns":3},{"damage":4,"enemies":"downfall:FleeingMerchant","floor":10,"turns":4},{"damage":5,"enemies":"Large Slime","floor":11,"turns":4},{"damage":5,"enemies":"Blue Slaver","floor":14,"turns":3},{"damage":16,"enemies":"Large Slime","floor":15,"turns":3},{"damage":14,"enemies":"IC_STATUS_ARCHETYPE","floor":16,"turns":5},{"damage":6,"enemies":"Shell Parasite","floor":19,"turns":3},{"damage":0,"enemies":"3 Byrds","floor":22,"turns":2},{"damage":33,"enemies":"Nightmare","floor":25,"turns":6},{"damage":21,"enemies":"downfall:FleeingMerchant","floor":26,"turns":4},{"damage":21,"enemies":"Snake Plant","floor":27,"turns":2},{"damage":0,"enemies":"3 Cultists","floor":28,"turns":3},{"damage":0,"enemies":"Snecko","floor":29,"turns":3},{"damage":0,"enemies":"Centurion and Healer","floor":30,"turns":1}],"seed_played":"6992988634933733609","potions_obtained":[{"floor":5,"key":"Explosive Potion"},{"floor":6,"key":"sneckomod:MuddlingPotion"},{"floor":9,"key":"Strength Potion"},{"floor":14,"key":"bronze:CleanCodePotion"},{"floor":15,"key":"PowerPotion"},{"floor":22,"key":"sneckomod:MuddlingPotion"},{"floor":25,"key":"Adrenaline Potion"}],"is_trial":false,"path_per_floor":["R","M","M","M","?","M","T","?","M","$","M","T","R","M","M","B",null,"R","M","?","?","M","R","T","NM","$","M","M","M","M"],"character_chosen":"THE_AUTOMATON","items_purchased":["bronze:ClassDefault","bronze:Flail","bronze:Turbo"],"campfire_rested":2,"item_purchase_floors":[10,10,10],"current_hp_per_floor":[70,70,70,70,70,65,65,65,60,56,51,51,70,65,49,35,70,70,64,64,50,50,80,80,47,26,5,5,5,5,5,5],"gold":57,"neow_bonus":"THREE_ENEMY_KILL","is_daily":false,"chose_seed":false,"campfire_upgraded":1,"win_rate":0.0,"timestamp":1612143847,"path_taken":["R","M","M","?","?","M","T","?","M","$","M","?","R","M","M","BOSS","R","M","?","?","M","R","T","NM","?","M","M","M","M"],"items_purchased_type":["Card","Card","Card"],"build_version":"2020-12-22","purchased_purges":0,"victory":false,"max_hp_per_floor":[70,70,70,70,70,70,70,70,70,70,70,70,70,70,70,70,70,70,70,70,70,70,80,80,80,80,80,80,80,80,80,80],"card_choices":[{"not_picked":["bronze:CutThrough","bronze:BuggyMess"],"picked":"bronze:Overload","floor":2},{"not_picked":["bronze:ChildClass","bronze:Philosophize"],"picked":"bronze:Invalidate","floor":3},{"not_picked":["bronze:Constructor","bronze:DelayedGuard"],"picked":"bronze:Iterate","floor":4},{"not_picked":["bronze:ClassDefault","bronze:BronzeOrb"],"picked":"bronze:Branch","floor":5},{"not_picked":["bronze:Turbo","bronze:DarkDash"],"picked":"bronze:ItsAFeature","floor":5},{"not_picked":["bronze:CutThrough","bronze:Shield"],"picked":"bronze:Branch","floor":6},{"not_picked":["bronze:WildBeam","bronze:Boost"],"picked":"bronze:Optimize","floor":9},{"not_picked":["bronze:Overheat","bronze:Frontload"],"picked":"bronze:WhirlingStrike","floor":10},{"not_picked":["bronze:Shield","bronze:WildBeam"],"picked":"bronze:ChildClass","floor":11},{"not_picked":["bronze:AlphaBuild","bronze:Turbo"],"picked":"bronze:Deprecate","floor":14},{"not_picked":["bronze:WhirlingStrike","bronze:FineTuning"],"picked":"bronze:Optimize","floor":15},{"not_picked":["bronze:ShipIt","bronze:Assembly"],"picked":"bronze:Break","floor":16},{"not_picked":["bronze:OilSpill+1","bronze:Frontload","bronze:Philosophize"],"picked":"bronze:FineTuning","floor":19},{"not_picked":["bronze:ForLoop","bronze:Shield","bronze:FineTuning"],"picked":"bronze:ClassDefault+1","floor":22},{"not_picked":["bronze:Invalidate","bronze:Separator","bronze:BuggyMess","bronze:DarkDash"],"picked":"bronze:Terminator+1","floor":25},{"not_picked":["bronze:Optimize+1","bronze:WildBeam","bronze:FollowUp","bronze:Constructor"],"picked":"bronze:Fortify+1","floor":26},{"not_picked":["bronze:DigitalCarnage","bronze:WildBeam+1","bronze:Break","bronze:FollowUp"],"picked":"bronze:Overheat+1","floor":27},{"not_picked":["bronze:BitShift","bronze:DelayedSlice","bronze:BronzeArmor","bronze:WhirlingStrike"],"picked":"bronze:HardenedForm","floor":28},{"not_picked":["bronze:Constructor+1","bronze:Invalidate","bronze:Terminator","bronze:Iterate+1"],"picked":"bronze:Separator+1","floor":29}],"player_experience":523026,"relics_obtained":[{"floor":5,"key":"Replay:Wax Seal"},{"floor":7,"key":"infinitespire:Joker Card"},{"floor":24,"key":"Question Card"},{"floor":25,"key":"hubris:Metronome"}],"event_choices":[],"is_beta":false,"boss_relics":[{"not_picked":["jesterMod:MachoBrace","energizedSpire:EnergizedDie"],"picked":"Honey Jar"}],"items_purged_floors":[],"is_endless":false,"potions_floor_spawned":[6,9,14,15,22,25],"killed_by":"Centurion and Healer","ascension_level":1}}