{"host":"e52c7hvho6xny3hd","time":1612166961,"event":{"mods":["AchievementEnabler","BaseMod","Colored Map","DeckTracker","Minty Spire (QoL Compilation)","Permanent Neow","StSLib"],"gold_per_floor":[209,223,238,258,275,275,45,45,119,144,144,154,154,229,229,327,327,339,352,277,295,315,315,315,315],"floor_reached":24,"language":"KOR","playtime":1346,"items_purged":["Strike_G"],"score":310,"play_id":"8756a34a-1a4a-4255-aa24-83840fa42f02","local_time":"20210201170921","is_ascension_mode":true,"campfire_choices":[{"data":"Infinite Blades","floor":6.0,"key":"SMITH"},{"data":"Neutralize","floor":8.0,"key":"SMITH"},{"data":"Accuracy","floor":11.0,"key":"SMITH"},{"data":"Accuracy","floor":13.0,"key":"SMITH"},{"floor":15.0,"key":"REST"},{"floor":23,"key":"REST"}],"circlet_count":0,"master_deck":["AscendersBane","Strike_G","Strike_G","Strike_G","Defend_G","Defend_G","Defend_G","Defend_G","Defend_G","Survivor","Neutralize+1","Finisher","Slice","Infinite Blades+1","Accuracy+1","Accuracy+1","Bandage Up","Blade Dance","Adrenaline","Footwork+1","Blur"],"relics":["Ring of the Snake","Blue Candle","Peace Pipe","Black Star"],"acts_visited":["Exordium","TheCity"],"potions_floor_usage":[],"damage_taken":[{"damage":8.0,"enemies":"Jaw Worm","floor":1.0,"turns":5.0},{"damage":4.0,"enemies":"Small Slimes","floor":2.0,"turns":5.0},{"damage":0.0,"enemies":"Cultist","floor":3.0,"turns":4.0},{"damage":4.0,"enemies":"Blue Slaver","floor":4.0,"turns":6.0},{"damage":1.0,"enemies":"Looter","floor":5.0,"turns":3.0},{"damage":7.0,"enemies":"Lagavulin","floor":10.0,"turns":6.0},{"damage":13.0,"enemies":"Red Slaver","floor":12.0,"turns":5.0},{"damage":22.0,"enemies":"Hexaghost","floor":16.0,"turns":8.0},{"damage":9,"enemies":"Shell Parasite","floor":18,"turns":5},{"damage":25,"enemies":"2 Thieves","floor":19,"turns":3},{"damage":18,"enemies":"Snake Plant","floor":21,"turns":4},{"damage":7,"enemies":"3 Cultists","floor":22,"turns":5},{"damage":33,"enemies":"Slavers","floor":24,"turns":4}],"seed_played":"-871824888031774651","potions_obtained":[{"floor":2.0,"key":"Fire Potion"},{"floor":4.0,"key":"SkillPotion"},{"floor":10.0,"key":"Regen Potion"},{"floor":12.0,"key":"Swift Potion"},{"floor":18,"key":"LiquidMemories"}],"is_trial":false,"path_per_floor":["M","M","M","M","M","R","$","R","T","E","R","M","R","?","R","B",null,"M","M","?","M","M","R","E"],"character_chosen":"THE_SILENT","items_purchased":["Accuracy","Bandage Up"],"campfire_rested":2,"item_purchase_floors":[7,7],"current_hp_per_floor":[55,51,51,47,46,46,46,46,46,43,43,48,48,37,58,40,63,58,37,37,23,20,41,12,12],"gold":315,"neow_bonus":"HUNDRED_GOLD","is_daily":false,"chose_seed":false,"campfire_upgraded":4,"win_rate":0.0,"timestamp":1612166961,"path_taken":["M","M","M","M","M","R","$","R","T","E","R","M","R","?","R","BOSS","M","M","?","M","M","R","E"],"items_purchased_type":["Card","Card"],"build_version":"2020-12-22","purchased_purges":1,"victory":false,"max_hp_per_floor":[70,70,70,70,70,70,70,70,70,70,70,70,70,70,70,70,70,70,70,70,70,70,70,70,70],"card_choices":[{"not_picked":["Backflip","Quick Slash"],"picked":"Finisher","floor":1.0},{"not_picked":["Acrobatics","Prepared","Bane"],"picked":"SKIP","floor":2.0},{"not_picked":["Backflip","Choke"],"picked":"Slice","floor":3.0},{"not_picked":["Flying Knee","Blur"],"picked":"Infinite Blades","floor":4.0},{"not_picked":["Bane","All Out Attack"],"picked":"Accuracy","floor":5.0},{"not_picked":["Expertise","Dagger Throw","Well Laid Plans"],"picked":"SKIP","floor":10.0},{"not_picked":["Caltrops","Dagger Throw"],"picked":"Blade Dance","floor":12.0},{"not_picked":["Doppelganger","Grand Finale"],"picked":"Adrenaline","floor":16.0},{"not_picked":["Prepared","Concentrate"],"picked":"Footwork+1","floor":18},{"not_picked":["Bouncing Flask+1","Acrobatics","Bane"],"picked":"SKIP","floor":19},{"not_picked":["Backflip","Eviscerate"],"picked":"Blur","floor":21},{"not_picked":["Flying Knee","Bane+1","Riddle With Holes"],"picked":"SKIP","floor":22}],"player_experience":703313,"relics_obtained":[{"floor":9.0,"key":"Blue Candle"},{"floor":10.0,"key":"Peace Pipe"}],"event_choices":[{"damage_healed":0.0,"max_hp_gain":0.0,"max_hp_loss":0.0,"gold_gain":75.0,"event_name":"World of Goop","player_choice":"Gather Gold","floor":14.0,"gold_loss":0.0,"damage_taken":11.0},{"cards_removed":["Strike_G"],"damage_healed":0,"gold_gain":0,"player_choice":"Gave Gold","damage_taken":0,"max_hp_gain":0,"max_hp_loss":0,"event_name":"Beggar","floor":20,"gold_loss":75}],"is_beta":false,"boss_relics":[{"not_picked":["HoveringKite","Cursed Key"],"picked":"Black Star"}],"items_purged_floors":[7],"is_endless":false,"potions_floor_spawned":[2,4,10,12,18,22],"killed_by":"Slavers","ascension_level":11}}