{"host":"rk1e5mmpnpniq13w","time":1612142445,"event":{"mods":["BaseMod","Colored Powertips","Hubris","Minty Spire (QoL Compilation)","Replay The Spire","StSLib","The Bug Knight"],"gold_per_floor":[116,116,134,134,147,147,175,175,175,200,55,70,90,90,90],"floor_reached":14,"language":"ENG","playtime":640,"items_purged":["Strike_R"],"score":130,"play_id":"b35ee948-62ea-44cf-a474-b39b5be27d2d","local_time":"20210131202045","is_ascension_mode":true,"campfire_choices":[{"data":"Disarm","floor":6,"key":"SMITH"},{"data":"ReplayTheSpireMod:Muscle Training","floor":8,"key":"SMITH"}],"circlet_count":0,"master_deck":["Strike_R","Strike_R","Strike_R","Strike_R","Defend_R","Defend_R","Defend_R","Defend_R","Bash","Iron Wave","Disarm+1","Cleave","Demonic Infusion","ReplayTheSpireMod:Muscle Training+1","Heavy Blade+1","Barricade","Heavy Blade+1","Rampage+1"],"relics":["Burning Blood","hubris:AstralHammer","Mercury Hourglass","Molten Egg 2","Replay:Bottled Snecko","Darkstone Periapt"],"acts_visited":["Exordium"],"potions_floor_usage":[14,14,14],"damage_taken":[{"damage":8,"enemies":"Jaw Worm","floor":1,"turns":5},{"damage":0,"enemies":"Cultist","floor":3,"turns":3},{"damage":1,"enemies":"2 Louse","floor":5,"turns":2},{"damage":19,"enemies":"Lagavulin","floor":7,"turns":8},{"damage":26,"enemies":"3 Sentries","floor":10,"turns":6},{"damage":33,"enemies":"Gremlin Gang","floor":12,"turns":4},{"damage":4,"enemies":"Lots of Slimes","floor":13,"turns":2},{"damage":32,"enemies":"Gremlin Nob","floor":14,"turns":3}],"seed_played":"1696539677514136303","potions_obtained":[{"floor":1,"key":"Languid Potion"},{"floor":7,"key":"Dexterity Potion"},{"floor":12,"key":"Strength Potion"},{"floor":13,"key":"Adrenaline Potion"}],"is_trial":false,"path_per_floor":["M","?","M","T","M","R","E","R","T","E","$","M","M","E"],"character_chosen":"IRONCLAD","items_purchased":["Barricade"],"campfire_rested":0,"item_purchase_floors":[11],"current_hp_per_floor":[70,70,72,72,72,72,59,59,59,39,39,12,14,0,0],"gold":90,"neow_bonus":"ONE_RARE_RELIC","is_daily":false,"chose_seed":false,"campfire_upgraded":2,"win_rate":0.0,"timestamp":1612142445,"path_taken":["M","?","M","?","M","R","E","R","T","E","?","M","M","E"],"items_purchased_type":["Card"],"build_version":"2020-12-22","purchased_purges":1,"victory":false,"max_hp_per_floor":[72,72,72,72,72,72,72,72,72,72,72,72,72,72,72],"card_choices":[{"not_picked":["Rampage","ReplayTheSpireMod:LeadingStrike"],"picked":"Iron Wave","floor":1},{"not_picked":["Havoc","Flex"],"picked":"Cleave","floor":3},{"not_picked":["Havoc","Run Through"],"picked":"Demonic Infusion","floor":5},{"not_picked":["Headbutt+1","Rupture"],"picked":"ReplayTheSpireMod:Muscle Training","floor":7},{"not_picked":["ReplayTheSpireMod:Corrosion Curse","Abandon"],"picked":"Heavy Blade+1","floor":10},{"not_picked":["Clash+1","Searing Blow+1"],"picked":"Heavy Blade+1","floor":12},{"not_picked":["True Grit","hubris:ReadiedAction"],"picked":"Rampage+1","floor":13}],"player_experience":411502,"relics_obtained":[{"floor":4,"key":"Mercury Hourglass"},{"floor":7,"key":"Molten Egg 2"},{"floor":9,"key":"Replay:Bottled Snecko"},{"floor":10,"key":"Darkstone Periapt"}],"event_choices":[],"is_beta":false,"boss_relics":[],"items_purged_floors":[11],"is_endless":false,"potions_floor_spawned":[1,7,12,13],"killed_by":"Gremlin Nob","ascension_level":6}}