{"host":"h1qktzcccqnez8tx","time":1612146650,"event":{"mods":["AchievementEnabler","BaseMod","Bestiary","Better Note","Block Reminder","Colored Map","Colored Powertips","Curses Come First","Downfall","Highlight Path","Infinite Spire","Minty Spire (QoL Compilation)","Permanent Neow","Quick Restart","Relic Stats","Replay The Spire","Say the Spire","StSLib","The Cursed","UnlockEverythingMod"],"gold_per_floor":[113,130,130,17,17,47,57,83,83,96,116,127,127,147,147,249,249,264,282,299,76,0,0,31,31,31,31],"floor_reached":25,"language":"ENG","playtime":1642,"items_purged":["Guardian:CompilePackage"],"score":270,"play_id":"d65c51e9-1634-4a2c-9c5a-2210eb66b45f","local_time":"20210201033050","is_ascension_mode":true,"campfire_choices":[{"floor":15,"key":"REST"},{"floor":23,"key":"REST"}],"circlet_count":0,"master_deck":["Guardian:Strike_Guardian","Guardian:Strike_Guardian","Guardian:Strike_Guardian","Guardian:Strike_Guardian","Guardian:Defend_Guardian","Guardian:Defend_Guardian","Guardian:Defend_Guardian","Guardian:Defend_Guardian","Guardian:CurlUp","Guardian:TwinSlam+1","Guardian:TemporalStrike","Guardian:ChargeCore","Guardian:TimeCapacitor","Guardian:TimeCapacitor","Guardian:Planning","Guardian:Gem_Fragmented","Guardian:PiercingHide","Guardian:TemporalStrike","Guardian:Orbwalk+1","Guardian:Incinerate","Guardian:Orbwalk+1","Guardian:StasisField","Guardian:TimeSifter+1","Guardian:SentryBeam","Guardian:Repulse+1","Guardian:Incinerate","Guardian:Repulse+1"],"relics":["Guardian:ModeShifter","Dream Catcher","Frozen Egg 2","Simple Rune","Honey Jar","MealTicket","Bronze Scales"],"acts_visited":["Exordium","TheCity"],"potions_floor_usage":[16,24],"damage_taken":[{"damage":1,"enemies":"Cultist","floor":1,"turns":4},{"damage":7,"enemies":"Jaw Worm","floor":2,"turns":4},{"damage":16,"enemies":"Lagavulin","floor":6,"turns":8},{"damage":7,"enemies":"2 Louse","floor":7,"turns":3},{"damage":22,"enemies":"Replay:BlueRogue","floor":8,"turns":6},{"damage":4,"enemies":"Exordium Wildlife","floor":10,"turns":4},{"damage":6,"enemies":"Exordium Thugs","floor":11,"turns":5},{"damage":6,"enemies":"Looter","floor":12,"turns":4},{"damage":10,"enemies":"2 Fungi Beasts","floor":14,"turns":3},{"damage":19,"enemies":"Hexaghost","floor":16,"turns":10},{"damage":21,"enemies":"3 Byrds","floor":18,"turns":6},{"damage":9,"enemies":"Spheric Guardian","floor":19,"turns":6},{"damage":24,"enemies":"Chosen and Byrds","floor":20,"turns":8},{"damage":18,"enemies":"Replay:Snechameleon","floor":24,"turns":5},{"damage":5,"enemies":"Snecko","floor":25,"turns":2}],"seed_played":"6952019441201264557","potions_obtained":[{"floor":1,"key":"sneckomod:MuddlingPotion"},{"floor":2,"key":"Energy Potion"},{"floor":7,"key":"FairyPotion"},{"floor":12,"key":"GamblersBrew"},{"floor":16,"key":"Elixir"},{"floor":18,"key":"SpeedPotion"},{"floor":19,"key":"SneckoOil"},{"floor":24,"key":"Explosive Potion"}],"is_trial":false,"path_per_floor":["M","M","?","$","$","E","M","E","T","M","M","M","?","M","R","B",null,"M","M","M","$","?","R","E","M"],"character_chosen":"GUARDIAN","items_purchased":["Guardian:TimeCapacitor","Guardian:Planning","MealTicket"],"campfire_rested":2,"item_purchase_floors":[4,4,21],"current_hp_per_floor":[55,48,48,48,48,32,25,3,3,24,18,12,12,2,26,7,80,59,50,26,26,26,50,32,27,27,27],"gold":31,"neow_bonus":"THREE_RARE_CARDS","is_daily":false,"chose_seed":false,"campfire_upgraded":0,"win_rate":0.0,"timestamp":1612146650,"path_taken":["M","M","?","?","$","E","M","E","T","M","M","M","?","M","R","BOSS","M","M","M","$","?","R","E","M"],"items_purchased_type":["Card","Card","Relic"],"build_version":"2020-12-22","purchased_purges":1,"victory":false,"max_hp_per_floor":[80,80,80,80,80,80,80,80,80,80,80,80,80,80,80,80,80,80,80,80,80,80,80,80,80,80,80],"relic_stats":{"Dream Catcher":2,"counters":[15,78],"Bronze Scales":[0],"MealTicket":0,"obtain_stats":[{"Dream Catcher":6,"Bronze Scales":24,"Guardian:ModeShifter":0,"Honey Jar":17,"Simple Rune":9,"MealTicket":21,"Frozen Egg 2":8},{"Dream Catcher":3,"Bronze Scales":14,"Guardian:ModeShifter":0,"Honey Jar":10,"Simple Rune":5,"MealTicket":13,"Frozen Egg 2":5},{"Dream Catcher":16,"Bronze Scales":76,"Guardian:ModeShifter":0,"Honey Jar":51,"Simple Rune":25,"MealTicket":71,"Frozen Egg 2":25}]},"card_choices":[{"not_picked":["Guardian:SphericShield","Guardian:GemFire"],"picked":"Guardian:CompilePackage","floor":0},{"not_picked":["Guardian:ArmoredProtocol","Guardian:PrimingBeam"],"picked":"Guardian:TemporalStrike","floor":1},{"not_picked":["Guardian:Gem_Lightblue","Guardian:Gem_Green"],"picked":"Guardian:ChargeCore","floor":2},{"not_picked":["Guardian:Gem_Green","Guardian:DonusPower"],"picked":"Guardian:Gem_Fragmented","floor":6},{"not_picked":["Guardian:TimeBomb","Guardian:TimeCapacitor","Guardian:DecasProtection"],"picked":"SKIP","floor":7},{"not_picked":["Guardian:GemFire","Guardian:WalkerClaw"],"picked":"Guardian:PiercingHide","floor":8},{"not_picked":["Guardian:CrystalBeam","Guardian:TemporalShield"],"picked":"Guardian:TemporalStrike","floor":10},{"not_picked":["Guardian:TemporalShield","Guardian:TemporalStrike"],"picked":"Guardian:Orbwalk+1","floor":11},{"not_picked":["Guardian:Gem_Synthetic","Guardian:TemporalShield"],"picked":"Guardian:Incinerate","floor":12},{"not_picked":["Guardian:Gem_Red","Guardian:ShieldCharger"],"picked":"Guardian:Orbwalk+1","floor":14},{"not_picked":["Guardian:Repulse+1","Guardian:Incinerate"],"picked":"Guardian:StasisField","floor":15},{"not_picked":["Guardian:Gem_Synthetic","Guardian:RevengeProtocol+1"],"picked":"Guardian:TimeSifter+1","floor":16},{"not_picked":["Guardian:TemporalShield","Guardian:Gem_Red","Guardian:VentSteam"],"picked":"Guardian:SentryBeam","floor":18},{"not_picked":["Guardian:CrystalBeam","Guardian:Clone+1","Guardian:ChargeCore+1"],"picked":"Guardian:Repulse+1","floor":19},{"not_picked":["Guardian:Suspension+1","Guardian:PrismaticBeam","Guardian:RefractedBeam"],"picked":"Guardian:Incinerate","floor":20},{"not_picked":["Guardian:CompilePackage","Guardian:RollAttack","Guardian:RefractedBeam"],"picked":"Guardian:Repulse+1","floor":24}],"player_experience":351342,"relics_obtained":[{"floor":6,"key":"Dream Catcher"},{"floor":8,"key":"Frozen Egg 2"},{"floor":9,"key":"Simple Rune"},{"floor":24,"key":"Bronze Scales"}],"event_choices":[{"damage_healed":0,"gold_gain":0,"player_choice":"Upgraded","damage_taken":0,"max_hp_gain":0,"max_hp_loss":0,"event_name":"Upgrade Shrine","floor":3,"gold_loss":0,"cards_upgraded":["Guardian:TwinSlam"]},{"damage_healed":0,"gold_gain":0,"player_choice":"Ignored","damage_taken":0,"max_hp_gain":0,"max_hp_loss":0,"event_name":"Liars Game","floor":13,"gold_loss":0},{"damage_healed":0,"gold_gain":0,"player_choice":"Paid Fearfully","damage_taken":0,"max_hp_gain":0,"max_hp_loss":0,"event_name":"Masked Bandits","floor":22,"gold_loss":76}],"is_beta":false,"boss_relics":[{"not_picked":["Ring of Chaos","Replay:Wanted Poster"],"picked":"Honey Jar"}],"items_purged_floors":[21],"is_endless":false,"potions_floor_spawned":[1,2,7,12,16,18,19,24],"killed_by":"Snecko","ascension_level":3}}