{"host":"q4it2kuxo1wuupt6","time":1612157928,"event":{"mods":["Act Like it!","BaseMod","Dota2Spire","Friendly Minions","GifTheSpireLib","Minty Spire (QoL Compilation)","StSLib","The Alterego","yUi"],"gold_per_floor":[114,13,32,32,32,32,32,32,55,96,129,162,174,186,198,340,352,377,408,444,456,468,468],"floor_reached":22,"language":"ZHS","playtime":2184,"items_purged":["alterego_mod:Strike"],"score":184,"play_id":"64044747-d3b9-4d2c-85b6-15c21535e478","local_time":"20210201133848","is_ascension_mode":false,"campfire_choices":[{"floor":6.0,"key":"RECALL"},{"data":"alterego_mod:BigMeatyClaws","floor":8.0,"key":"SMITH"},{"data":"alterego_mod:Impale","floor":13.0,"key":"SMITH"},{"data":"alterego_mod:Venus","floor":15.0,"key":"SMITH"}],"circlet_count":0,"master_deck":["alterego_mod:Defend","alterego_mod:Impale+1","alterego_mod:BigMeatyClaws+1","alterego_mod:BrynhildrsRune","alterego_mod:Belle","alterego_mod:GoddessCore","alterego_mod:Bounce","alterego_mod:Rip","alterego_mod:Venus+1","alterego_mod:GIGAMILK","alterego_mod:Cooking+1","alterego_mod:HighServant+1","alterego_mod:Undulate+1","alterego_mod:Bounce","alterego_mod:DiscoLights+1","alterego_mod:Complex","alterego_mod:Maid"],"relics":["alterego_mod:MasochisticConstitution","NeowsBlessing","Golden Idol","Dota2Spire:EchoSabre","MawBank","Astrolabe"],"acts_visited":["Exordium","TheCity"],"potions_floor_usage":[],"damage_taken":[{"damage":0.0,"enemies":"Small Slimes","floor":1.0,"turns":1.0},{"damage":1.0,"enemies":"Jaw Worm","floor":3.0,"turns":2.0},{"damage":5.0,"enemies":"Lagavulin","floor":10.0,"turns":5.0},{"damage":3.0,"enemies":"Cultist","floor":11.0,"turns":3.0},{"damage":8.0,"enemies":"Looter","floor":12.0,"turns":4.0},{"damage":20.0,"enemies":"The Guardian","floor":16.0,"turns":6.0},{"damage":2.0,"enemies":"Shell Parasite","floor":18.0,"turns":3.0},{"damage":10.0,"enemies":"2 Thieves","floor":19.0,"turns":4.0},{"damage":40,"enemies":"3 Cultists","floor":20,"turns":6},{"damage":53,"enemies":"Snake Plant","floor":22,"turns":5}],"seed_played":"6345109885963303099","potions_obtained":[{"floor":3.0,"key":"Dota2Spire:Clarity"},{"floor":20,"key":"SmokeBomb"}],"is_trial":false,"path_per_floor":["M","$","M","?","?","R","T","R","T","E","M","M","R","?","R","B",null,"M","M","M","?","M"],"character_chosen":"The_Alterego","items_purchased":["alterego_mod:GoddessCore"],"campfire_rested":0,"item_purchase_floors":[2],"current_hp_per_floor":[70,70,71,54,59,59,59,59,59,55,60,60,60,60,60,41,80,79,81,46,46,0,0],"gold":468,"neow_bonus":"THREE_ENEMY_KILL","is_daily":false,"chose_seed":false,"campfire_upgraded":3,"win_rate":0.0,"timestamp":1612157928,"path_taken":["M","$","M","?","?","R","?","R","T","E","M","M","R","?","R","BOSS","M","M","M","?","M"],"items_purchased_type":["Card"],"build_version":"2020-12-22","purchased_purges":1,"victory":false,"max_hp_per_floor":[70,70,71,71,76,76,76,76,76,77,78,79,79,79,79,80,80,81,82,83,83,83,83],"card_choices":[{"not_picked":["alterego_mod:Jiggle","alterego_mod:TrashNCrash"],"picked":"alterego_mod:Belle","floor":1.0},{"not_picked":["alterego_mod:TrashNCrash","alterego_mod:HighServant","alterego_mod:GoddessCore"],"picked":"SKIP","floor":3.0},{"not_picked":["alterego_mod:Mirror","alterego_mod:Birthday"],"picked":"alterego_mod:Bounce","floor":10.0},{"not_picked":["alterego_mod:Crossover","alterego_mod:Maid"],"picked":"alterego_mod:Rip","floor":11.0},{"not_picked":["alterego_mod:Mirror","alterego_mod:Undulate"],"picked":"alterego_mod:Venus","floor":12.0},{"not_picked":["alterego_mod:Alter","alterego_mod:Lift"],"picked":"alterego_mod:GIGAMILK","floor":16.0},{"not_picked":["alterego_mod:Birthday","alterego_mod:GachaTicket","alterego_mod:Smother"],"picked":"SKIP","floor":18.0},{"not_picked":["alterego_mod:Skirt+1","alterego_mod:Table"],"picked":"alterego_mod:Bounce","floor":19.0},{"not_picked":["alterego_mod:SakuraLabyrinth","alterego_mod:Complex"],"picked":"alterego_mod:DiscoLights+1","floor":20}],"player_experience":568430,"relics_obtained":[{"floor":9.0,"key":"Dota2Spire:EchoSabre"},{"floor":10.0,"key":"MawBank"}],"event_choices":[{"damage_healed":0.0,"max_hp_gain":0.0,"max_hp_loss":0.0,"gold_gain":0.0,"event_name":"Golden Idol","player_choice":"Take Damage","floor":4.0,"gold_loss":0.0,"damage_taken":17.0,"relics_obtained":["Golden Idol"]},{"damage_healed":0.0,"max_hp_gain":5.0,"max_hp_loss":0.0,"gold_gain":0.0,"event_name":"Big Fish","player_choice":"Donut","floor":5.0,"gold_loss":0.0,"damage_taken":0.0},{"cards_removed":["alterego_mod:Strike"],"damage_healed":0.0,"max_hp_gain":0.0,"max_hp_loss":0.0,"gold_gain":0.0,"event_name":"Living Wall","player_choice":"Forget","floor":14.0,"gold_loss":0.0,"damage_taken":0.0},{"damage_healed":0,"gold_gain":0,"cards_transformed":["alterego_mod:Defend","alterego_mod:Defend"],"player_choice":"Became Test Subject","damage_taken":0,"max_hp_gain":0,"max_hp_loss":0,"event_name":"Drug Dealer","floor":21,"gold_loss":0,"cards_obtained":["alterego_mod:Complex","alterego_mod:Maid"]}],"is_beta":false,"boss_relics":[{"not_picked":["Ectoplasm","Cursed Key"],"picked":"Astrolabe"}],"items_purged_floors":[2],"is_endless":false,"potions_floor_spawned":[3,20],"killed_by":"Snake Plant","ascension_level":0}}