{"host":"nnt34ungdh9fkcmy","time":1612222309,"event":{"mods":["BaseMod","Downfall","Minty Spire (QoL Compilation)","StSLib","SuperFastMode"],"gold_per_floor":[99,112,130,150,150,182,209,238,38,49,62,62,80,80,92,195,195,195,214,214,124,144,44,94,94,119,136,163,175,60,72,84,184,184,184,195,55,55,250,260,260,260,260,260,295,39,39,69,87,87,87,115,115,115,115,115],"floor_reached":57,"language":"ENG","playtime":3117,"items_purged":["Slimebound:Defend_Slimebound","Slimebound:Strike_Slimebound","Slimebound:Strike_Slimebound","Slimebound:Defend_Slimebound","Slimebound:Tackle"],"score":1489,"play_id":"08c5132c-321e-4a04-8619-e35d390e1ece","local_time":"20210201163149","is_ascension_mode":true,"campfire_choices":[{"data":"Slimebound:Split","floor":1,"key":"SMITH"},{"data":"Slimebound:DuplicatedForm","floor":9,"key":"SMITH"},{"floor":18,"key":"RECALL"},{"data":"Slimebound:LevelUp","floor":23,"key":"SMITH"},{"data":"Slimebound:DisruptingSlam","floor":25,"key":"SMITH"},{"data":"Slimebound:GrowthPunch","floor":35,"key":"SMITH"},{"data":"Slimebound:SamplingLick","floor":42,"key":"SMITH"},{"data":"Slimebound:Repurpose","floor":47,"key":"SMITH"},{"data":"Slimebound:OozeBath","floor":54,"key":"SMITH"}],"circlet_count":0,"master_deck":["Slimebound:Defend_Slimebound","Slimebound:Defend_Slimebound","Slimebound:Split+1","Slimebound:CorrosiveSpit","Slimebound:SamplingLick+1","Slimebound:SlimeSpikes","Slimebound:SplitLeeching","Slimebound:OozeBath+1","Slimebound:DuplicatedForm+1","Slimebound:GrowthPunch+1","Slimebound:DisruptingSlam+1","Slimebound:ComboTackle","Slimebound:SamplingLick+1","Slimebound:Recollect","Slimebound:Repurpose+1","Slimebound:Replication+1","Slimebound:Recollect"],"relics":["Slimebound:AbsorbEndCombat","Turnip","Blood Vial","White Beast Statue","downfall:HeartBlessingGreen","downfall:HeartBlessingBlue","bronze:DecasWashers","Runic Pyramid","downfall:HeartBlessingRed","Tiny Chest","MealTicket","Unceasing Top","Slimebound:TarBlob","Torii","Vajra","Sundial","InkBottle"],"acts_visited":["Exordium","TheCity","TheBeyond","TheEnding"],"potions_floor_usage":[6,19,28,30,30,32,37,37,40,45,55,56,56],"damage_taken":[{"damage":0,"enemies":"2 Louse","floor":2,"turns":3},{"damage":0,"enemies":"Cultist","floor":3,"turns":3},{"damage":2,"enemies":"Jaw Worm","floor":4,"turns":5},{"damage":20,"enemies":"Lagavulin","floor":6,"turns":9},{"damage":20,"enemies":"3 Sentries","floor":8,"turns":9},{"damage":1,"enemies":"Blue Slaver","floor":10,"turns":3},{"damage":0,"enemies":"Exordium Wildlife","floor":11,"turns":3},{"damage":1,"enemies":"2 Fungi Beasts","floor":13,"turns":5},{"damage":1,"enemies":"Blue Slaver","floor":15,"turns":5},{"damage":19,"enemies":"SI_SHIV_ARCHETYPE","floor":16,"turns":8},{"damage":10,"enemies":"Spheric Guardian","floor":19,"turns":5},{"damage":15,"enemies":"downfall:FleeingMerchant","floor":21,"turns":4},{"damage":15,"enemies":"Snecko","floor":22,"turns":5},{"damage":0,"enemies":"Book of Stabbing","floor":26,"turns":6},{"damage":5,"enemies":"Shelled Parasite and Fungi","floor":27,"turns":5},{"damage":25,"enemies":"Gremlin Leader","floor":28,"turns":6},{"damage":0,"enemies":"Cultist and Chosen","floor":29,"turns":5},{"damage":1,"enemies":"downfall:FleeingMerchant","floor":30,"turns":4},{"damage":17,"enemies":"Snake Plant","floor":31,"turns":5},{"damage":24,"enemies":"Snecko","floor":32,"turns":5},{"damage":39,"enemies":"IC_MUSHROOM_ARCHETYPE","floor":33,"turns":7},{"damage":1,"enemies":"3 Shapes","floor":36,"turns":6},{"damage":18,"enemies":"downfall:FleeingMerchant","floor":37,"turns":4},{"damage":0,"enemies":"downfall:FleeingMerchant","floor":39,"turns":2},{"damage":22,"enemies":"3 Darklings","floor":40,"turns":4},{"damage":24,"enemies":"Nemesis","floor":45,"turns":5},{"damage":15,"enemies":"Giant Head","floor":48,"turns":6},{"damage":0,"enemies":"Sphere and 2 Shapes","floor":49,"turns":3},{"damage":31,"enemies":"DF_ARCHETYPE_ORBS","floor":50,"turns":7},{"damage":15,"enemies":"downfall:CharBossMerchant","floor":52,"turns":7},{"damage":70,"enemies":"downfall:NeowBoss","floor":55,"turns":21},{"damage":7,"enemies":"downfall:NeowBossFinal","floor":56,"turns":7}],"seed_played":"-1285366859863044525","potions_obtained":[{"floor":3,"key":"LiquidMemories"},{"floor":4,"key":"Slimebound:SlimyTonguePotion"},{"floor":10,"key":"champ:CounterPotion"},{"floor":11,"key":"DuplicationPotion"},{"floor":19,"key":"Regen Potion"},{"floor":21,"key":"Strength Potion"},{"floor":26,"key":"Energy Potion"},{"floor":28,"key":"BlessingOfTheForge"},{"floor":30,"key":"AttackPotion"},{"floor":31,"key":"Dexterity Potion"},{"floor":32,"key":"Ancient Potion"},{"floor":33,"key":"LiquidMemories"},{"floor":37,"key":"Block Potion"},{"floor":39,"key":"Strength Potion"},{"floor":40,"key":"Regen Potion"},{"floor":45,"key":"hexamod:SoulburnPotion"},{"floor":48,"key":"Slimebound:SlimedPotion"}],"is_trial":false,"path_per_floor":["R","M","M","M","?","E","T","E","R","M","M","?","M","T","M","B",null,"R","M","?","$","M","R","T","R","E","M","E","M","$","M","M","B",null,"R","M","$","?","$","M","T","R","?","?","E","$","R","E","M","B",null,"E","$","R","B","B",null],"character_chosen":"SLIMEBOUND","items_purchased":["Slimebound:Recollect"],"campfire_rested":0,"item_purchase_floors":[46],"current_hp_per_floor":[47,49,53,57,57,45,45,31,41,44,48,53,60,60,67,73,80,80,76,76,80,80,80,80,80,80,78,74,80,80,80,75,61,80,80,80,77,77,80,76,76,76,76,76,80,80,80,80,80,68,80,80,80,80,31,34],"gold":115,"neow_bonus":"ONE_RARE_RELIC","is_daily":false,"chose_seed":false,"campfire_upgraded":8,"win_rate":0.0,"timestamp":1612222309,"path_taken":["R","M","M","M","?","E","T","E","R","?","M","?","M","?","M","BOSS","R","M","?","$","M","R","T","R","E","M","E","M","$","M","M","BOSS","R","M","$","?","$","M","T","R","?","?","E","$","R","E","M","BOSS","E","$","R","BOSS","BOSS"],"items_purchased_type":["Card"],"build_version":"2020-12-22","purchased_purges":5,"victory":true,"max_hp_per_floor":[65,65,65,65,65,65,65,65,75,75,75,80,80,80,80,80,80,80,80,80,80,80,80,80,80,80,80,80,80,80,80,80,80,80,80,80,80,80,80,80,80,80,80,80,80,80,80,80,80,80,80,80,80,80,80,80],"card_choices":[{"not_picked":["Slimebound:SplitMire","Slimebound:SlimeTap"],"picked":"Slimebound:SamplingLick","floor":2},{"not_picked":["Slimebound:FormOfPuddle","Slimebound:Prepare"],"picked":"Slimebound:SlimeSpikes","floor":3},{"not_picked":["Slimebound:Prepare","Slimebound:LivingWall"],"picked":"Slimebound:SplitLeeching","floor":4},{"not_picked":["Slimebound:ItLooksTasty","Slimebound:RollThrough"],"picked":"Slimebound:OozeBath","floor":6},{"not_picked":["Slimebound:SplitBruiser","Slimebound:HauntingLick"],"picked":"Slimebound:DuplicatedForm","floor":8},{"not_picked":["Slimebound:RainOfGoop","Slimebound:Dissolve"],"picked":"Slimebound:LevelUp","floor":10},{"not_picked":["Slimebound:SplitMire","Slimebound:LeadByExample"],"picked":"Slimebound:GrowthPunch","floor":11},{"not_picked":["Slimebound:LeechingTouch","Slimebound:SplitLeeching"],"picked":"Slimebound:DisruptingSlam","floor":13},{"not_picked":["Slimebound:SplitBruiser","Slimebound:SlimeBarrage"],"picked":"Slimebound:ComboTackle","floor":15},{"not_picked":["Slimebound:MegaLick","Slimebound:ProtectTheBoss"],"picked":"Slimebound:SamplingLick+1","floor":19},{"not_picked":["Slimebound:GoopTackle","Slimebound:ItLooksTasty","Slimebound:Nibble"],"picked":"SKIP","floor":21},{"not_picked":["Slimebound:RainOfGoop","Slimebound:DisruptingSlam"],"picked":"Slimebound:Recollect","floor":22},{"not_picked":["Slimebound:TongueLash","Slimebound:HauntingLick+1","Slimebound:SplitMire"],"picked":"SKIP","floor":26},{"not_picked":["Slimebound:LeechEnergy","Slimebound:DivideAndConquer+1","Slimebound:SplitAcid"],"picked":"SKIP","floor":27},{"not_picked":["Slimebound:TongueLash","Slimebound:ForwardTackle","Slimebound:TagTeam"],"picked":"SKIP","floor":28},{"not_picked":["Slimebound:GoopSpray","Slimebound:RollThrough","Slimebound:Schlurp"],"picked":"SKIP","floor":29},{"not_picked":["Slimebound:SplitMire","Slimebound:Schlurp","Slimebound:GoopSpray"],"picked":"SKIP","floor":30},{"not_picked":["Slimebound:ComboTackle","Slimebound:LeechingTouch"],"picked":"Slimebound:Repurpose","floor":31},{"not_picked":["Slimebound:RollThrough","Slimebound:LeechLife"],"picked":"Slimebound:Replication+1","floor":32},{"not_picked":["Slimebound:Schlurp+1","Slimebound:Grow+1","Slimebound:HauntingLick+1"],"picked":"SKIP","floor":36},{"not_picked":["Slimebound:Prepare","Slimebound:GoopSpray","Slimebound:RollThrough"],"picked":"SKIP","floor":37},{"not_picked":["Slimebound:RollThrough","Slimebound:Grow","Slimebound:SplitLeeching"],"picked":"SKIP","floor":39},{"not_picked":["Slimebound:SplitLeeching+1","Slimebound:GoopSpray","Slimebound:PressTheAttack+1"],"picked":"SKIP","floor":40},{"not_picked":["Slimebound:DivideAndConquer+1","Slimebound:ComboTackle","Slimebound:Dissolve"],"picked":"SKIP","floor":45},{"not_picked":["Slimebound:SplitSpecialist","Slimebound:SplitBruiser","Slimebound:GoopTackle+1"],"picked":"SKIP","floor":48},{"not_picked":["Slimebound:SplitSpecialist","Slimebound:SplitBruiser","Slimebound:GoopTackle+1"],"picked":"SKIP","floor":48},{"not_picked":["Slimebound:Prepare","Slimebound:LeechEnergy","Slimebound:SplitBruiser+1"],"picked":"SKIP","floor":49},{"not_picked":["Slimebound:Prepare+1","Slimebound:ServeAndProtect","Slimebound:MinionMaster"],"picked":"SKIP","floor":52}],"player_experience":289926,"relics_obtained":[{"floor":6,"key":"Blood Vial"},{"floor":8,"key":"White Beast Statue"},{"floor":14,"key":"bronze:DecasWashers"},{"floor":24,"key":"Tiny Chest"},{"floor":26,"key":"MealTicket"},{"floor":28,"key":"Unceasing Top"},{"floor":41,"key":"Torii"},{"floor":45,"key":"Vajra"},{"floor":48,"key":"Sundial"},{"floor":52,"key":"InkBottle"}],"event_choices":[{"cards_removed":["Slimebound:Strike_Slimebound"],"damage_healed":0,"gold_gain":0,"player_choice":"Offered Basic","damage_taken":0,"max_hp_gain":0,"max_hp_loss":0,"event_name":"Bonfire Elementals","floor":5,"gold_loss":0},{"damage_healed":0,"gold_gain":0,"player_choice":"Donut","damage_taken":0,"max_hp_gain":5,"max_hp_loss":0,"event_name":"Big Fish","floor":12,"gold_loss":0},{"damage_healed":0,"gold_gain":0,"player_choice":"Ignored","damage_taken":0,"max_hp_gain":0,"max_hp_loss":0,"event_name":"Vampires","floor":20,"gold_loss":0},{"cards_removed":["Slimebound:LevelUp"],"damage_healed":0,"gold_gain":0,"player_choice":"Removed Power","damage_taken":0,"max_hp_gain":0,"max_hp_loss":0,"event_name":"Falling","floor":44,"gold_loss":0}],"is_beta":false,"boss_relics":[{"not_picked":["Pandora\u0027s Box","Calling Bell"],"picked":"Runic Pyramid"},{"not_picked":["Slimebound:AbsorbEndCombatUpgraded","Runic Dome"],"picked":"Slimebound:TarBlob"}],"items_purged_floors":[21,30,37,39,46],"is_endless":false,"potions_floor_spawned":[3,4,10,11,13,15,16,19,21,22,26,27,28,29,30,31,32,33,36,37,39,40,45,48,49,52],"ascension_level":3}}