{"host":"5x08nt64u3vxxcfi","time":1612171938,"event":{"mods":["BaseMod","Minty Spire (QoL Compilation)","StSLib","SuperFastMode"],"gold_per_floor":[114,114,189,205,222,233,251,251,275,75,106,116,116,131,131,229,229,242,242,242,242],"floor_reached":20,"language":"KOR","playtime":389,"items_purged":[],"score":359,"play_id":"c57327e1-8c43-4f13-9ef6-96ada3ecf384","local_time":"20210201183218","is_ascension_mode":true,"campfire_choices":[{"data":"Shockwave","floor":8.0,"key":"SMITH"},{"floor":13.0,"key":"REST"},{"floor":15.0,"key":"REST"}],"circlet_count":0,"master_deck":["Strike_R","Strike_R","Strike_R","Strike_R","Strike_R","Defend_R","Defend_R","Defend_R","Defend_R","Bash","Clothesline","Shockwave+1","Twin Strike","Shrug It Off","True Grit","Twin Strike","Armaments","WreathOfFlame","Wild Strike","Infernal Blade","Burst","CurseOfTheBell"],"relics":["Burning Blood","StoneCalendar","Strawberry","Dream Catcher","PrismaticShard","Oddly Smooth Stone","Calling Bell","Omamori","Singing Bowl","Incense Burner","Necronomicon"],"acts_visited":["Exordium","TheCity"],"potions_floor_usage":[],"damage_taken":[{"damage":5.0,"enemies":"2 Louse","floor":1.0,"turns":4.0},{"damage":4.0,"enemies":"Cultist","floor":4.0,"turns":3.0},{"damage":2.0,"enemies":"Jaw Worm","floor":5.0,"turns":4.0},{"damage":9.0,"enemies":"2 Fungi Beasts","floor":6.0,"turns":3.0},{"damage":24.0,"enemies":"Exordium Wildlife","floor":7.0,"turns":5.0},{"damage":33.0,"enemies":"Lagavulin","floor":11.0,"turns":6.0},{"damage":11.0,"enemies":"Exordium Thugs","floor":12.0,"turns":5.0},{"damage":9.0,"enemies":"2 Fungi Beasts","floor":14.0,"turns":3.0},{"damage":27.0,"enemies":"Hexaghost","floor":16.0,"turns":9.0},{"damage":28.0,"enemies":"Shell Parasite","floor":18.0,"turns":6.0},{"damage":33,"enemies":"Masked Bandits","floor":20,"turns":3}],"seed_played":"7715574348010667091","potions_obtained":[{"floor":1.0,"key":"EssenceOfSteel"},{"floor":4.0,"key":"Swift Potion"},{"floor":7.0,"key":"Block Potion"}],"is_trial":false,"path_per_floor":["M","?","?","M","M","M","M","R","T","$","E","M","R","M","R","B",null,"M","?","?"],"character_chosen":"IRONCLAD","items_purchased":["PrismaticShard","Twin Strike"],"campfire_rested":2,"item_purchase_floors":[10,10],"current_hp_per_floor":[72,61,54,56,60,57,39,39,39,39,12,7,30,27,50,29,67,47,31,0,0],"gold":242,"neow_bonus":"ONE_RARE_RELIC","is_daily":false,"chose_seed":false,"campfire_upgraded":1,"win_rate":0.0,"timestamp":1612171938,"path_taken":["M","?","?","M","M","?","M","R","T","?","E","M","R","M","R","BOSS","M","?","?"],"items_purchased_type":["Relic","Card"],"build_version":"2020-12-22","purchased_purges":0,"victory":false,"max_hp_per_floor":[72,79,79,79,79,79,79,79,79,79,79,79,79,79,79,79,79,81,81,81,81],"card_choices":[{"not_picked":["Intimidate","Dark Embrace"],"picked":"Clothesline","floor":1.0},{"not_picked":["Second Wind","Hemokinesis"],"picked":"Shockwave","floor":4.0},{"not_picked":["Havoc","Flex"],"picked":"Twin Strike","floor":5.0},{"not_picked":["True Grit","Clash"],"picked":"Shrug It Off","floor":6.0},{"not_picked":["Flex","Spot Weakness"],"picked":"True Grit","floor":7.0},{"not_picked":["Dark Shackles","Havoc","Prostrate"],"picked":"SKIP","floor":11.0},{"not_picked":["Sword Boomerang","Rupture"],"picked":"Armaments","floor":12.0},{"not_picked":["Vengeance","Hologram"],"picked":"WreathOfFlame","floor":13.0},{"not_picked":["Dark Embrace","FlurryOfBlows"],"picked":"Wild Strike","floor":14.0},{"not_picked":["PanicButton","ClearTheMind"],"picked":"Infernal Blade","floor":15.0},{"not_picked":["DevaForm","ConjureBlade"],"picked":"Burst","floor":16.0},{"not_picked":["Ball Lightning","Streamline+1","Reaper"],"picked":"Singing Bowl","floor":18.0}],"player_experience":127263,"relics_obtained":[{"floor":9.0,"key":"Dream Catcher"},{"floor":11.0,"key":"Oddly Smooth Stone"},{"floor":17.0,"key":"Omamori"},{"floor":17.0,"key":"Singing Bowl"},{"floor":17.0,"key":"Incense Burner"},{"floor":19.0,"key":"Necronomicon"}],"event_choices":[{"damage_healed":0.0,"max_hp_gain":0.0,"max_hp_loss":0.0,"gold_gain":0.0,"event_name":"Scrap Ooze","player_choice":"Success","floor":2.0,"gold_loss":0.0,"damage_taken":18.0,"relics_obtained":["Strawberry"]},{"damage_healed":0.0,"max_hp_gain":0.0,"max_hp_loss":0.0,"gold_gain":75.0,"event_name":"FaceTrader","player_choice":"Touch","floor":3.0,"gold_loss":0.0,"damage_taken":7.0},{"damage_healed":0.0,"max_hp_gain":0.0,"max_hp_loss":0.0,"gold_gain":0.0,"event_name":"Cursed Tome","player_choice":"Obtained Book","floor":19.0,"gold_loss":0.0,"damage_taken":16.0},{"damage_healed":0,"gold_gain":0,"player_choice":"Fought Bandits","damage_taken":0,"max_hp_gain":0,"max_hp_loss":0,"event_name":"Masked Bandits","floor":20,"gold_loss":0}],"is_beta":false,"boss_relics":[{"not_picked":["Black Blood","SacredBark"],"picked":"Calling Bell"}],"items_purged_floors":[],"is_endless":false,"potions_floor_spawned":[1,4,7,14,16],"killed_by":"Masked Bandits","ascension_level":6}}