{"host":"yx5rao87132cy5xq","time":1612221619,"event":{"mods":["2.2 Compatiblity","AchievementEnabler","BaseMod","Bestiary","Colored Map","Colored Powertips","Minty Spire (QoL Compilation)","Quick Restart","Relic Stats","Slay-I","SuperFastMode"],"gold_per_floor":[118,118,118,131,131,166,166,166,215,215,236,280,301,329,329,416,443,462,462,488,488,488,488],"floor_reached":22,"language":"ENG","playtime":1609,"items_purged":[],"score":349,"play_id":"8b505f27-d325-466c-94fb-dc35f95c591b","local_time":"20210202002019","is_ascension_mode":true,"campfire_choices":[{"data":"Offering","floor":7.0,"key":"SMITH"},{"data":"Bash","floor":10.0,"key":"SMITH"},{"data":"Warcry","floor":15.0,"key":"SMITH"}],"circlet_count":0,"master_deck":["AscendersBane","Strike_R","Strike_R","Defend_R","Defend_R","Defend_R","Defend_R","Bash+1","Barricade+1","Headbutt","Offering+1","Anger","Power Through","Twin Strike","Wild Strike","Warcry+1","Shrug It Off","Corruption","Exhume+1","Thunderclap+1","Bloodletting+1","Flex","Armaments"],"relics":["Burning Blood","CeramicFish","Bag of Marbles","Bottled Flame","Astrolabe"],"acts_visited":["Exordium","TheCity"],"potions_floor_usage":[],"damage_taken":[{"damage":6.0,"enemies":"Cultist","floor":1.0,"turns":4.0},{"damage":6.0,"enemies":"2 Louse","floor":4.0,"turns":3.0},{"damage":22.0,"enemies":"Lagavulin","floor":6.0,"turns":8.0},{"damage":7.0,"enemies":"Jaw Worm","floor":11.0,"turns":3.0},{"damage":11.0,"enemies":"Gremlin Nob","floor":12.0,"turns":4.0},{"damage":6.0,"enemies":"Looter","floor":13.0,"turns":3.0},{"damage":18.0,"enemies":"Exordium Wildlife","floor":14.0,"turns":3.0},{"damage":12.0,"enemies":"Hexaghost","floor":16.0,"turns":11.0},{"damage":16,"enemies":"2 Thieves","floor":18,"turns":4},{"damage":21,"enemies":"3 Byrds","floor":20,"turns":8},{"damage":32,"enemies":"Snecko","floor":22,"turns":6}],"seed_played":"-372452387281686597","potions_obtained":[{"floor":11.0,"key":"Energy Potion"},{"floor":14.0,"key":"Strength Potion"},{"floor":16.0,"key":"AttackPotion"},{"floor":21,"key":"Block Potion"}],"is_trial":false,"path_per_floor":["M","?","$","M","?","E","R","$","T","R","M","E","M","M","R","B",null,"M","?","M","?","M"],"character_chosen":"IRONCLAD","items_purchased":[],"campfire_rested":0,"item_purchase_floors":[],"current_hp_per_floor":[68,68,68,68,68,52,52,52,52,52,51,46,46,34,34,28,63,53,32,17,17,0,0],"gold":488,"neow_bonus":"ONE_RANDOM_RARE_CARD","is_daily":false,"chose_seed":false,"campfire_upgraded":3,"win_rate":0.0,"timestamp":1612221619,"path_taken":["M","?","?","M","?","E","R","?","T","R","M","E","M","M","R","BOSS","M","?","M","?","M"],"items_purchased_type":[],"build_version":"2020-12-22","purchased_purges":0,"victory":false,"max_hp_per_floor":[75,75,75,75,75,75,75,75,75,75,75,75,75,75,75,75,75,75,80,80,80,80,80],"relic_stats":{"counters":[11,57],"CeramicFish":99,"Astrolabe":["Exhume","Thunderclap","Bloodletting"],"obtain_stats":[{"Bottled Flame":12,"CeramicFish":6,"Astrolabe":17,"Bag of Marbles":9,"Burning Blood":0},{"Bottled Flame":5,"CeramicFish":3,"Astrolabe":8,"Bag of Marbles":3,"Burning Blood":0},{"Bottled Flame":22,"CeramicFish":15,"Astrolabe":39,"Bag of Marbles":15,"Burning Blood":0}],"Burning Blood":60},"card_choices":[{"not_picked":["Body Slam","Bloodletting"],"picked":"Headbutt","floor":1.0},{"not_picked":["Clothesline","Ghostly Armor"],"picked":"Anger","floor":4.0},{"not_picked":["Cleave","Headbutt"],"picked":"Power Through","floor":6.0},{"not_picked":["Hemokinesis","Pommel Strike"],"picked":"Twin Strike","floor":11.0},{"not_picked":["Double Tap","Rampage"],"picked":"Wild Strike","floor":12.0},{"not_picked":["Clothesline","Rampage"],"picked":"Warcry","floor":13.0},{"not_picked":["Corruption","Clothesline"],"picked":"Shrug It Off","floor":14.0},{"not_picked":["Fiend Fire","Feed"],"picked":"Corruption","floor":16.0},{"not_picked":["Clash","Clothesline"],"picked":"Flex","floor":18},{"not_picked":["Sword Boomerang","Warcry"],"picked":"Armaments","floor":20}],"player_experience":969314,"relics_obtained":[{"floor":6.0,"key":"CeramicFish"},{"floor":9.0,"key":"Bag of Marbles"},{"floor":12.0,"key":"Bottled Flame"}],"event_choices":[{"damage_healed":0.0,"max_hp_gain":0.0,"max_hp_loss":0.0,"gold_gain":0.0,"event_name":"Match and Keep!","player_choice":"1 cards matched","floor":2.0,"gold_loss":0.0,"damage_taken":0.0,"cards_obtained":["Offering"]},{"damage_healed":0.0,"max_hp_gain":0.0,"max_hp_loss":0.0,"gold_gain":0.0,"event_name":"Living Wall","player_choice":"Grow","floor":5.0,"gold_loss":0.0,"damage_taken":0.0,"cards_upgraded":["Barricade"]},{"damage_healed":0,"gold_gain":0,"player_choice":"Shed Blood","damage_taken":26,"max_hp_gain":5,"max_hp_loss":0,"event_name":"Forgotten Altar","floor":19,"gold_loss":0},{"damage_healed":0,"gold_gain":0,"player_choice":"Got Potions","damage_taken":0,"max_hp_gain":0,"max_hp_loss":0,"event_name":"Lab","floor":21,"gold_loss":0}],"is_beta":false,"boss_relics":[{"not_picked":["Fusion Hammer","Runic Cube"],"picked":"Astrolabe"}],"items_purged_floors":[],"is_endless":false,"potions_floor_spawned":[11,14,16],"killed_by":"Snecko","ascension_level":16}}