{"host":"lehbxtjrpalkmwwj","time":1612183333,"event":{"mods":["BaseMod","Colored Powertips","GungeonMod","Minty Spire (QoL Compilation)","Replay The Spire","Shop Mod","StSLib","The Bug Knight","The Cursed","The Gatherer"],"gold_per_floor":[12,27,27,27,27,67,67,107,175,175,198,198,198],"floor_reached":12,"language":"ZHS","playtime":362,"items_purged":[],"score":103,"play_id":"e34ed795-ba3b-4358-a042-6d29085eb380","local_time":"20210201204213","is_ascension_mode":true,"campfire_choices":[{"floor":7.0,"key":"REST"},{"floor":10.0,"key":"RECALL"}],"circlet_count":0,"master_deck":["Strike_G","Strike_G","Strike_G","Strike_G","Strike_G","Defend_G","Defend_G","Defend_G","Defend_G","Defend_G","Survivor","Neutralize","Atom Bomb","Noxious Fumes","ReplayTheSpireMod:Tripwire","Regret","Doppelganger","Endless Agony"],"relics":["Ring of the Snake","Golden Idol","Replay:Bottled Steam","Paper Crane","Ornamental Fan","DemoMod:Relodestone","DemoMod:SerJunkan","DemoMod:GlassGuonStoneRelic"],"acts_visited":["Exordium"],"potions_floor_usage":[],"damage_taken":[{"damage":7.0,"enemies":"Small Slimes","floor":1.0,"turns":4.0},{"damage":7.0,"enemies":"2 Louse","floor":2.0,"turns":3.0},{"damage":28.0,"enemies":"HollowMod:MossKnight","floor":6.0,"turns":8.0},{"damage":17.0,"enemies":"3 Sentries","floor":8.0,"turns":9.0},{"damage":2.0,"enemies":"Cultist","floor":11.0,"turns":6.0},{"damage":7,"enemies":"Lagavulin","floor":12,"turns":3}],"seed_played":"2732729888159900687","potions_obtained":[{"floor":1.0,"key":"Energy Potion"},{"floor":2.0,"key":"Milkshake"},{"floor":6.0,"key":"SteroidPotion"}],"is_trial":false,"path_per_floor":["M","M","?","?","?","E","R","E","T","R","M","E"],"character_chosen":"THE_SILENT","items_purchased":[],"campfire_rested":1,"item_purchase_floors":[],"current_hp_per_floor":[63,56,39,32,32,4,25,8,8,8,6,0,0],"gold":198,"neow_bonus":"THREE_RARE_CARDS","is_daily":false,"chose_seed":false,"campfire_upgraded":0,"win_rate":0.0,"timestamp":1612183333,"path_taken":["M","M","?","?","?","E","R","E","T","R","M","E"],"items_purchased_type":[],"build_version":"2020-12-22","purchased_purges":0,"victory":false,"max_hp_per_floor":[70,70,70,70,70,70,70,70,70,70,70,70,70],"card_choices":[{"not_picked":["A Thousand Cuts","Venomology"],"picked":"Atom Bomb","floor":0.0},{"not_picked":["Blade Dance","Deadly Poison"],"picked":"Noxious Fumes","floor":1.0},{"not_picked":["Terror","Slice"],"picked":"ReplayTheSpireMod:Tripwire","floor":2.0},{"not_picked":["ReplayTheSpireMod:Exploit Weakness","Flechettes","Outmaneuver"],"picked":"SKIP","floor":6.0},{"not_picked":["Infinite Blades","Cloak And Dagger"],"picked":"Doppelganger","floor":8.0},{"not_picked":["Eviscerate","Outmaneuver"],"picked":"Endless Agony","floor":11.0}],"player_experience":99715,"relics_obtained":[{"floor":6.0,"key":"Ornamental Fan"},{"floor":8.0,"key":"DemoMod:Relodestone"},{"floor":9.0,"key":"DemoMod:SerJunkan"}],"event_choices":[{"damage_healed":0.0,"max_hp_gain":0.0,"max_hp_loss":0.0,"gold_gain":0.0,"event_name":"Golden Idol","player_choice":"Take Damage","floor":3.0,"gold_loss":0.0,"damage_taken":17.0,"relics_obtained":["Golden Idol"]},{"damage_healed":0.0,"max_hp_gain":0.0,"max_hp_loss":0.0,"gold_gain":0.0,"event_name":"Scrap Ooze","player_choice":"Success","floor":4.0,"gold_loss":0.0,"damage_taken":7.0,"relics_obtained":["Replay:Bottled Steam"]},{"damage_healed":0.0,"max_hp_gain":0.0,"max_hp_loss":0.0,"gold_gain":0.0,"event_name":"Big Fish","player_choice":"Box","floor":5.0,"gold_loss":0.0,"damage_taken":0.0,"relics_obtained":["Paper Crane"],"cards_obtained":["Regret"]}],"is_beta":false,"boss_relics":[],"items_purged_floors":[],"is_endless":false,"potions_floor_spawned":[1,2,6],"killed_by":"Lagavulin","ascension_level":4}}