{"host":"tvwbxqry54t86y0v","time":1612181146,"event":{"mods":["2.2 Compatiblity","A Magickal Journey","Arknights","Astrologer","BaseMod","Beaked The Cultist","BetterRewards","Block Reminder","Clockwork Mod","Colored Powertips","DeckTracker","Downfall","Fiend Mod","GungeonMod","Hermit","Hubris","Infinite Spire","Ironclad Rager","Marked Mod","Mimic Mod","Minty Spire (QoL Compilation)","Potionbrewer","Replay The Spire","Shade Mod","Somnambulant","StSLib","The Bug Knight","The Cursed","The Death Knight","The Druid","The Elementalist","The Exalted","The Forsaken","The Hierophant","The Jungle","The Marked","The Mystic","The Problem Sleuth","The Runesmith","The Senshi","The Spell Scribe","The Valiant","The Wild Card","TheFirefly","TheHeartMod","Unceasing Turn Reminder","thorton"],"gold_per_floor":[99,99,149,249,249,249,273,273,310,110,110,110,124,155,173,271,271,271,290,390,64,80,90,128,128,128,58,58,70,70,83,95,192,242,242,258,154,154,173,173,173,173,95,112,125,160,160,171,185,335],"floor_reached":51,"language":"ENG","playtime":3788,"items_purged":["elementalist:Fire_Emblem"],"score":848,"play_id":"275ed055-31dd-4d20-9cba-3924aeecba81","local_time":"20210201230546","is_ascension_mode":false,"campfire_choices":[{"floor":1,"key":"RECALL"},{"data":"bronze:Replicate","floor":10,"key":"SMITH"},{"data":"bronze:Mutator","floor":30,"key":"SMITH"},{"data":"Replay:SS_forest_2","floor":42,"key":"SMITH"}],"circlet_count":0,"master_deck":["bronze:Strike","bronze:Strike","bronze:Strike","bronze:Strike","bronze:Defend","bronze:Defend","bronze:Defend","bronze:Defend","bronze:Replicate+1","bronze:Goto","bronze:ClassDefault","theWildCard:Loki","bronze:FineTuning","bronze:CloningBeam","bronze:BronzeOrb","bronze:Return","bronze:CutThrough","bronze:AlphaBuild","Writhe","bronze:Goto","bronze:DelayedSlice","bronze:CloningBeam","bronze:Mutator+1","Swift Strike","ReplayTheSpireMod:Doomed","bronze:Iterate","bronze:Boost+1","bronze:Iterate","bronze:ItsAFeature+1","bronze:BugBarrage","bronze:DelayedSlice","bronze:Optimize","bronze:FindAndReplace","bronze:ItsAFeature+1","Replay:SS_forest_2+1","Master of Strategy","Doubt","bronze:ItsAFeature","Parasite","bronze:WhirlingStrike"],"relics":["bronze:BronzeCore","downfall:HeartsMalice","Ancient Tea Set","downfall:HeartBlessingRed","downfall:HeartBlessingBlue","hubris:Towel","potionbrewer:SlideRule","Bromod:ArcaneEnergize","ReplayTheSpireMod:Ninjato","downfall:GremlinSack","Lee\u0027s Waffle","Pet Ghost","hubris:MobiusCoin","infinitespire:WardingShard","hubris:HerbalPaste","downfall:KnowingSkull","thethorton:CrushedCigarette","BargainBundle","Simple Rune","Ring of Misfortune","Ring of Fangs","Snack Pack","Akabeko","PrismaticShard","bronze:PlatinumCore"],"acts_visited":["Exordium","TheCity","TheBeyond"],"potions_floor_usage":[16,20,23,33,33,33,37,44,50,50,50],"damage_taken":[{"damage":0,"enemies":"Small Slimes","floor":2,"turns":1},{"damage":0,"enemies":"2 Louse","floor":5,"turns":1},{"damage":0,"enemies":"Jaw Worm","floor":8,"turns":1},{"damage":0,"enemies":"Large Slime","floor":9,"turns":6},{"damage":1,"enemies":"Large Slime","floor":13,"turns":6},{"damage":8,"enemies":"Gremlin Nob","floor":14,"turns":3},{"damage":12,"enemies":"3 Louse","floor":15,"turns":4},{"damage":45,"enemies":"DF_ARCHETYPE_STREAMLINE","floor":16,"turns":9},{"damage":14,"enemies":"Spheric Guardian","floor":19,"turns":4},{"damage":16,"enemies":"Spheric Guardian","floor":20,"turns":4},{"damage":4,"enemies":"downfall:FleeingMerchant","floor":21,"turns":4},{"damage":3,"enemies":"Chosen","floor":22,"turns":3},{"damage":3,"enemies":"Snecko","floor":23,"turns":3},{"damage":5,"enemies":"Cultist and Chosen","floor":24,"turns":5},{"damage":10,"enemies":"downfall:FleeingMerchant","floor":27,"turns":4},{"damage":7,"enemies":"Cultist and Chosen","floor":29,"turns":5},{"damage":17,"enemies":"Centurion and Healer","floor":31,"turns":3},{"damage":14,"enemies":"Snecko","floor":32,"turns":4},{"damage":18,"enemies":"WA_ARCHETYPE_CALM","floor":33,"turns":8},{"damage":2,"enemies":"3 Shapes","floor":36,"turns":2},{"damage":1,"enemies":"downfall:FleeingMerchant","floor":37,"turns":3},{"damage":12,"enemies":"Orb Walker","floor":39,"turns":3},{"damage":11,"enemies":"Writhing Mass","floor":44,"turns":5},{"damage":25,"enemies":"3 Darklings","floor":45,"turns":4},{"damage":22,"enemies":"beaked:SuperParasite","floor":46,"turns":5},{"damage":28,"enemies":"Sphere and 2 Shapes","floor":48,"turns":4},{"damage":32,"enemies":"Spire Growth","floor":49,"turns":5},{"damage":2,"enemies":"SI_POISON_ARCHETYPE","floor":50,"turns":10}],"seed_played":"-663955520370632494","potions_obtained":[{"floor":15,"key":"hexamod:SoulburnPotion"},{"floor":16,"key":"hexamod:SoulburnPotion"},{"floor":19,"key":"DemoMod:LeadSkinPotion"},{"floor":22,"key":"sneckomod:MuddlingPotion"},{"floor":29,"key":"infinitespire:BlackPotion"},{"floor":31,"key":"hexamod:SoulburnPotion"},{"floor":33,"key":"Energy Potion"},{"floor":36,"key":"DemoMod:LeadSkinPotion"},{"floor":39,"key":"PowerPotion"},{"floor":48,"key":"bronze:BuildAFunctionPotion"}],"is_trial":false,"path_per_floor":["R","M","?","?","M","?","T","M","MIM","R","?","?","M","E","M","B",null,"R","M","?","$","M","M","MIM","AVR","?","$","?","M","R","M","M","B",null,"R","M","$","?","M","?","T","R","$","M","M","E","AVR","M","M","B",null],"character_chosen":"THE_AUTOMATON","items_purchased":["Lee\u0027s Waffle","Pet Ghost","bronze:ItsAFeature+1","BargainBundle","Simple Rune","potionbrewer:AcidPotion","Replay:SS_forest_2","Master of Strategy","bronze:ItsAFeature"],"campfire_rested":0,"item_purchase_floors":[21,21,27,37,37,37,37,37,43],"current_hp_per_floor":[70,70,70,70,70,70,70,70,70,80,80,80,79,71,59,14,80,80,66,50,87,84,81,76,76,76,72,65,64,64,52,44,32,87,87,86,87,87,77,77,77,77,77,80,69,63,63,47,25,33],"gold":335,"neow_bonus":"THREE_ENEMY_KILL","is_daily":false,"chose_seed":false,"campfire_upgraded":3,"win_rate":0.0,"timestamp":1612181146,"path_taken":["R","M","?","?","M","?","T","M","?","R","?","?","M","E","M","BOSS","R","M","?","?","M","M","MIM","AVR","?","$","?","M","R","?","M","BOSS","R","M","$","?","M","?","T","R","?","?","M","E","AVR","M","M","BOSS"],"items_purchased_type":["Relic","Relic","Card","Relic","Relic","Potion","Card","Card","Card"],"build_version":"2020-12-22","purchased_purges":1,"victory":true,"max_hp_per_floor":[70,70,70,70,70,70,70,70,70,80,80,80,80,80,80,80,80,80,80,80,87,87,87,87,87,87,87,87,87,87,87,87,87,87,87,87,87,87,87,87,87,87,87,87,87,87,87,87,87,87],"card_choices":[{"not_picked":["bronze:Backtrace","bronze:WildBeam"],"picked":"bronze:ClassDefault","floor":2},{"not_picked":["bronze:CleanCode","bronze:Branch","bronze:Philosophize"],"picked":"SKIP","floor":5},{"not_picked":["bronze:Allocate","bronze:Frontload"],"picked":"bronze:FineTuning","floor":8},{"not_picked":["bronze:Shield","bronze:Frontload"],"picked":"bronze:CloningBeam","floor":9},{"not_picked":["bronze:Frontload","bronze:Branch"],"picked":"bronze:BronzeOrb","floor":13},{"not_picked":["bronze:Overload","bronze:FineTuning"],"picked":"bronze:Return","floor":14},{"not_picked":["bronze:Overheat","bronze:Shield"],"picked":"bronze:CutThrough","floor":15},{"not_picked":["bronze:SpaghettiCode","bronze:HyperBeam"],"picked":"bronze:AlphaBuild","floor":16},{"not_picked":["bronze:ForLoop+1","bronze:FollowUp+1","bronze:Turbo"],"picked":"SKIP","floor":19},{"not_picked":["bronze:BitShift","bronze:MaxOutput"],"picked":"bronze:Iterate","floor":20},{"not_picked":["bronze:DigitalCarnage","bronze:Shell"],"picked":"bronze:Boost+1","floor":21},{"not_picked":["bronze:Overheat","bronze:BugBarrage+1","bronze:BronzeArmor"],"picked":"SKIP","floor":22},{"not_picked":["bronze:CutThrough","bronze:NullPointer","bronze:Invalidate"],"picked":"SKIP","floor":23},{"not_picked":["bronze:Philosophize","bronze:Backtrace"],"picked":"bronze:Iterate","floor":24},{"not_picked":["bronze:Frontload","bronze:CloningBeam","bronze:Overload"],"picked":"SKIP","floor":27},{"not_picked":["bronze:Overload","bronze:DelayedGuard"],"picked":"bronze:BugBarrage","floor":29},{"not_picked":["bronze:DarkDash+1","bronze:DelayedSlice","bronze:Iterate"],"picked":"SKIP","floor":31},{"not_picked":["bronze:Philosophize","bronze:Backtrace"],"picked":"bronze:Optimize","floor":32},{"not_picked":["bronze:Virus","bronze:Break"],"picked":"bronze:FindAndReplace","floor":33},{"not_picked":["bronze:BuggyMess+1","bronze:CutThrough+1","bronze:Turbo"],"picked":"SKIP","floor":36},{"not_picked":["bronze:Safeguard","bronze:Frontload","bronze:DelayedSlice"],"picked":"SKIP","floor":37},{"not_picked":["bronze:Boost","bronze:BronzeArmor+1","bronze:BuggyMess"],"picked":"SKIP","floor":39},{"not_picked":["bronze:Shield","bronze:ChosenStrike+1","bronze:Turbo"],"picked":"SKIP","floor":44},{"not_picked":["bronze:CutThrough","bronze:BuggyMess+1"],"picked":"bronze:WhirlingStrike","floor":45},{"not_picked":["bronze:Philosophize","bronze:ChosenStrike+1","bronze:DelayedSlice"],"picked":"SKIP","floor":46},{"not_picked":["somnambulantmod: Damping","Guardian:Reroute","hexamod:DynamicBlow"],"picked":"SKIP","floor":48},{"not_picked":["theSenshi:MoonPrincessHalation","theWildCard:UnderLockAndKey","DemoMod:TeaPot+1"],"picked":"SKIP","floor":49}],"player_experience":1143526,"relics_obtained":[{"floor":9,"key":"Ancient Tea Set"},{"floor":14,"key":"potionbrewer:SlideRule"},{"floor":20,"key":"downfall:GremlinSack"},{"floor":24,"key":"hubris:MobiusCoin"},{"floor":24,"key":"infinitespire:WardingShard"},{"floor":40,"key":"Ring of Misfortune"},{"floor":40,"key":"Ring of Fangs"},{"floor":41,"key":"Snack Pack"},{"floor":46,"key":"Akabeko"}],"event_choices":[],"is_beta":false,"boss_relics":[{"not_picked":["Empty Cage","Tiny House"],"picked":"Bromod:ArcaneEnergize"},{"not_picked":["Abe\u0027s Treasure","Honey Jar"],"picked":"thethorton:CrushedCigarette"}],"items_purged_floors":[37],"is_endless":false,"potions_floor_spawned":[15,16,19,22,29,31,33,36,39,48],"ascension_level":0}}