{"host":"yq2wmfr0u0wuvxc0","time":1612171550,"event":{"mods":["Act Like it!","Aspiration","BaseMod","Curses Come First","Downfall","Friendly Minions","Gensokyo","Hubris","Infinite Spire","Marisa????????","Minty Spire (QoL Compilation)","Pale of the Ancients","Remilia??????","Shop Mod","Smile Girya","Spicy Shops","StSLib","The Jungle","The Servant 0.9.4","Wide Potions"],"gold_per_floor":[99,99,274,274,22,53,106,140,240,257,157,188,188,188,204,299,299,199,215,215,232,232,232,313,325,214,214,234,9,27,100,113,216,216,216,231,243,85,139,166,193,243,271,271,271,271,171,189,208,208,208,335,1,1,1,1],"floor_reached":57,"language":"ZHS","playtime":3601,"items_purged":["Guardian:Strike_Guardian","Guardian:Strike_Guardian","Guardian:Strike_Guardian","Doubt","Injury","Guardian:Defend_Guardian"],"score":1504,"play_id":"d634aa57-d0aa-4bb5-8019-057037b9013f","local_time":"20210201012550","is_ascension_mode":true,"campfire_choices":[{"data":"Guardian:CurlUp","floor":1.0,"key":"SMITH"},{"data":"Guardian:Repulse","floor":11.0,"key":"SMITH"},{"data":"Guardian:FloatingOrbs","floor":18.0,"key":"SMITH"},{"data":"Guardian:ArmoredProtocol","floor":23.0,"key":"SMITH"},{"data":"Guardian:DecasProtection","floor":27.0,"key":"SMITH"},{"data":"Guardian:ConstructionForm","floor":35.0,"key":"SMITH"},{"floor":44,"key":"RECALL"},{"floor":47,"key":"REST"},{"data":"Guardian:TimeCapacitor","floor":54,"key":"SMITH"}],"circlet_count":0,"master_deck":["Guardian:Defend_Guardian","Guardian:Defend_Guardian","Guardian:CurlUp+1","Guardian:TwinSlam","Guardian:Repulse+1","Guardian:FloatingOrbs+1","expansioncontent:StudyTheSpire","Guardian:CrystalBeam","Guardian:MultiBeam","Guardian:ArmoredProtocol+1","Guardian:BronzeOrb","infinitespire:Oblivion","Guardian:GatlingBeam","Guardian:TemporalShield","Guardian:DecasProtection+1","Guardian:SphericShield","Guardian:BodySlam+1","Guardian:ShieldCharger+1","Guardian:Recover","Guardian:Planning","Guardian:TimeBomb","J.A.X.","Guardian:FastForward","Guardian:BronzeOrb+1","Guardian:ConstructionForm+1","Guardian:FloatingOrbs+1","Guardian:TemporalStrike+1","Guardian:BodySlam+1","Guardian:TemporalStrike+1","Guardian:BronzeArmor","Guardian:ShieldSpikes","Guardian:TimeCapacitor+1","Guardian:Incinerate+1"],"relics":["Guardian:ModeShifter","downfall:HeartsMalice","FossilizedHelix","Membership Card","Orichalcum","Bottled Flame","downfall:HeartBlessingBlue","aspiration:TomeofQuesting","Turnip","bronze:MakeshiftBattery","downfall:HeartBlessingGreen","hubris:Icosahedron","Molten Egg 2","AntiCross","Ancient Tea Set","MutagenicStrength","hubris:ScarierMask","ClockworkSouvenir","CatCart","aspiration:ChemicalBlood","Regal Pillow","hubris:Teleporter","The Courier","Centennial Puzzle","downfall:HeartBlessingRed","Sundial","Bronze Scales","Medical Kit","Lantern"],"acts_visited":["Exordium","TheCity","TheBeyond","TheEnding"],"potions_floor_usage":[39,43,50,55,56,56],"damage_taken":[{"damage":0.0,"enemies":"Small Slimes","floor":2.0,"turns":1.0},{"damage":0.0,"enemies":"downfall:FleeingMerchant","floor":5.0,"turns":1.0},{"damage":0.0,"enemies":"Gremlin Nob","floor":6.0,"turns":1.0},{"damage":3.0,"enemies":"3 Sentries","floor":8.0,"turns":4.0},{"damage":0.0,"enemies":"Jaw Worm","floor":10.0,"turns":5.0},{"damage":2.0,"enemies":"Gremlin Nob","floor":12.0,"turns":5.0},{"damage":6.0,"enemies":"2 Louse","floor":15.0,"turns":2.0},{"damage":8.0,"enemies":"IC_STATUS_ARCHETYPE","floor":16.0,"turns":8.0},{"damage":0.0,"enemies":"Spheric Guardian","floor":19.0,"turns":4.0},{"damage":12.0,"enemies":"Cultist and Chosen","floor":21.0,"turns":7.0},{"damage":20.0,"enemies":"Snake Plant","floor":25.0,"turns":5.0},{"damage":2.0,"enemies":"downfall:FleeingMerchant","floor":26.0,"turns":4.0},{"damage":9.0,"enemies":"Centurion and Healer","floor":28.0,"turns":5.0},{"damage":0.0,"enemies":"downfall:FleeingMerchant","floor":29.0,"turns":4.0},{"damage":0.0,"enemies":"Chosen and Byrds","floor":30.0,"turns":4.0},{"damage":0.0,"enemies":"downfall:Augmenter","floor":31.0,"turns":3.0},{"damage":0.0,"enemies":"Snecko","floor":32.0,"turns":4.0},{"damage":0.0,"enemies":"DF_ARCHETYPE_CLAW","floor":33.0,"turns":6.0},{"damage":0.0,"enemies":"Orb Walker","floor":36.0,"turns":3.0},{"damage":0,"enemies":"3 Darklings","floor":37,"turns":2},{"damage":0,"enemies":"downfall:FleeingMerchant","floor":38,"turns":4},{"damage":37,"enemies":"Orin","floor":39,"turns":7},{"damage":11,"enemies":"Reptomancer","floor":40,"turns":5},{"damage":1,"enemies":"Reptomancer","floor":42,"turns":5},{"damage":9,"enemies":"Nemesis","floor":43,"turns":5},{"damage":8,"enemies":"4 Shapes","floor":48,"turns":3},{"damage":0,"enemies":"Transient","floor":49,"turns":5},{"damage":100,"enemies":"WA_ARCHETYPE_DIVINITY","floor":50,"turns":8},{"damage":24,"enemies":"downfall:CharBossMerchant","floor":52,"turns":6},{"damage":13,"enemies":"downfall:NeowBoss","floor":55,"turns":6},{"damage":45,"enemies":"downfall:NeowBossFinal","floor":56,"turns":8}],"seed_played":"4099682617478040083","potions_obtained":[{"floor":6.0,"key":"LiquidMemories"},{"floor":12.0,"key":"Guardian:BlockOnCardUsePotion"},{"floor":19.0,"key":"Fire Potion"},{"floor":28.0,"key":"Explosive Potion"},{"floor":30.0,"key":"PowerPotion"},{"floor":33.0,"key":"Block Potion"},{"floor":40,"key":"bronze:BurnAndBuffPotion"},{"floor":43,"key":"SteroidPotion"},{"floor":50,"key":"AttackPotion"}],"is_trial":false,"path_per_floor":["R","M","?","?","$","E","T","E","?","M","R","E","?","T","M","B",null,"R","M","?","M","?","R","T","M","$","R","M","$","M","?","M","B",null,"R","M","M","$","?","E","T","?","E","R","AVR","?","R","M","M","B",null,"E","$","R","B","B",null],"character_chosen":"GUARDIAN","items_purchased":["Membership Card","Guardian:FloatingOrbs","expansioncontent:StudyTheSpire","Guardian:BodySlam+1","AntiCross","Ancient Tea Set","ClockworkSouvenir","Guardian:TemporalStrike+1","Bronze Scales","Guardian:TimeCapacitor","Medical Kit","Guardian:Incinerate+1","Lantern"],"campfire_rested":1,"item_purchase_floors":[5,5,5,26,29,29,38,38,53,53,53,53,53],"current_hp_per_floor":[80,80,80,62,62,62,62,59,59,59,69,67,44,44,38,30,90,90,90,72,60,60,60,60,40,38,38,29,29,29,29,29,29,95,95,95,95,95,60,49,49,48,39,39,39,39,82,74,95,29,95,71,71,71,60,15],"gold":1,"neow_bonus":"THREE_ENEMY_KILL","is_daily":false,"chose_seed":false,"campfire_upgraded":7,"win_rate":0.0,"timestamp":1612171550,"path_taken":["R","M","?","?","$","E","T","E","?","M","R","E","?","?","M","BOSS","R","M","?","M","?","R","T","M","$","R","M","$","M","?","M","BOSS","R","M","M","$","?","E","T","?","E","R","AVR","?","R","?","M","BOSS","E","$","R","BOSS","BOSS"],"items_purchased_type":["Relic","Card","Card","Card","Relic","Relic","Relic","Card","Relic","Card","Relic","Card","Relic"],"build_version":"2020-12-22","purchased_purges":6,"victory":true,"max_hp_per_floor":[80,80,80,80,80,80,80,80,80,80,90,90,90,90,90,90,90,90,90,95,95,95,95,95,95,95,95,95,95,95,95,95,95,95,95,95,95,95,95,95,95,95,95,95,95,95,95,95,95,95,95,95,95,95,95,95],"card_choices":[{"not_picked":["Guardian:WalkerClaw","Guardian:PrismaticBeam"],"picked":"Guardian:Repulse","floor":2.0},{"not_picked":["Guardian:Suspension","Guardian:Gem_Green"],"picked":"Guardian:Gem_Fragmented","floor":5.0},{"not_picked":["Guardian:Emergency","Guardian:RollAttack"],"picked":"Guardian:CrystalBeam","floor":6.0},{"not_picked":["Guardian:SentryBeam","Guardian:DecasProtection"],"picked":"Guardian:MultiBeam","floor":8.0},{"not_picked":["Guardian:BronzeArmor","Guardian:Orbwalk"],"picked":"Guardian:ArmoredProtocol","floor":10.0},{"not_picked":["Guardian:PrimingBeam","Guardian:RollAttack"],"picked":"Guardian:BronzeOrb","floor":12.0},{"not_picked":["infinitespire:TheBestDefense","infinitespire:Punishment"],"picked":"infinitespire:Oblivion","floor":13.0},{"not_picked":["Guardian:Gem_White","Guardian:PrimingBeam"],"picked":"Guardian:Gem_Crimson","floor":15.0},{"not_picked":["Guardian:FierceBash","Guardian:HyperBeam_Guardian"],"picked":"Guardian:GatlingBeam","floor":16.0},{"not_picked":["Guardian:RollAttack","Guardian:TemporalStrike"],"picked":"Guardian:TemporalShield","floor":19.0},{"not_picked":["Guardian:PrimingBeam+1","Guardian:TemporalShield"],"picked":"Guardian:DecasProtection","floor":21.0},{"not_picked":["Guardian:WalkerClaw+1","Guardian:Planning"],"picked":"Guardian:SphericShield","floor":25.0},{"not_picked":["Guardian:RollAttack+1","Guardian:CrystalBeam+1"],"picked":"Guardian:Gem_Red","floor":26.0},{"not_picked":["Guardian:Incinerate+1","Guardian:TimeBomb+1"],"picked":"Guardian:ShieldCharger+1","floor":28.0},{"not_picked":["Guardian:TemporalStrike+1","Guardian:Gem_Green"],"picked":"Guardian:Recover","floor":29.0},{"not_picked":["Guardian:Reroute+1","Guardian:WalkerClaw+1"],"picked":"Guardian:Planning","floor":30.0},{"not_picked":[],"picked":"J.A.X.","floor":31.0},{"not_picked":["Guardian:PiercingHide","Guardian:DecasProtection"],"picked":"Guardian:FastForward","floor":31.0},{"not_picked":["Guardian:VentSteam","Guardian:Gem_White"],"picked":"Guardian:BronzeOrb+1","floor":32.0},{"not_picked":["Guardian:StasisField","Guardian:GemFinder"],"picked":"Guardian:ConstructionForm","floor":33.0},{"not_picked":["Guardian:ChargeCore+1","Guardian:CrystalBeam+1"],"picked":"Guardian:FloatingOrbs+1","floor":36.0},{"not_picked":["Guardian:Gem_White","Guardian:PolyBeam+1"],"picked":"Guardian:TemporalStrike+1","floor":37},{"not_picked":["Guardian:Clone+1","Guardian:PiercingHide"],"picked":"Guardian:BodySlam+1","floor":38},{"not_picked":["Guardian:Incinerate+1","Guardian:HyperBeam_Guardian+1"],"picked":"Guardian:BronzeArmor","floor":40},{"not_picked":["Guardian:PrismaticBarrier","Guardian:Gem_Red"],"picked":"Guardian:ShieldSpikes","floor":43},{"not_picked":["Guardian:ShieldSpikes+1","Guardian:PrimingBeam+1","Guardian:Gem_Green"],"picked":"SKIP","floor":48},{"not_picked":["Guardian:Suspension+1","Guardian:SentryBeam+1","Guardian:Preprogram+1"],"picked":"SKIP","floor":49},{"not_picked":["Guardian:Gem_Lightblue","Guardian:VentSteam+1"],"picked":"Guardian:Gem_Orange","floor":52}],"player_experience":296913,"relics_obtained":[{"floor":6.0,"key":"Orichalcum"},{"floor":8.0,"key":"Bottled Flame"},{"floor":12.0,"key":"aspiration:TomeofQuesting"},{"floor":14.0,"key":"Turnip"},{"floor":24.0,"key":"Molten Egg 2"},{"floor":31.0,"key":"MutagenicStrength"},{"floor":39,"key":"CatCart"},{"floor":40,"key":"aspiration:ChemicalBlood"},{"floor":41,"key":"Regal Pillow"},{"floor":42,"key":"hubris:Teleporter"},{"floor":43,"key":"The Courier"},{"floor":52,"key":"Sundial"}],"event_choices":[{"damage_healed":0.0,"max_hp_gain":0.0,"max_hp_loss":0.0,"gold_gain":0.0,"event_name":"Scrap Ooze","player_choice":"Success","floor":4.0,"gold_loss":0.0,"damage_taken":18.0,"relics_obtained":["FossilizedHelix"]},{"damage_healed":0,"gold_gain":0,"player_choice":"Fight","damage_taken":0,"max_hp_gain":0,"max_hp_loss":0,"event_name":"OrinTheCat","floor":39,"gold_loss":0}],"is_beta":false,"boss_relics":[{"not_picked":["Guardian:StasisSlotReductionRelic","Velvet Choker"],"picked":"bronze:MakeshiftBattery"},{"not_picked":["aspiration:PoetsPen_weak","Runic Pyramid"],"picked":"hubris:ScarierMask"}],"items_purged_floors":[26,29,38,45,53,53],"is_endless":false,"potions_floor_spawned":[6,12,19,28,30,33,40,42,43,49],"ascension_level":2}}