{"host":"hjajo0rafoe1e6c4","time":1612147105,"event":{"mods":["AchievementEnabler","BaseMod","Bestiary","Colored Map","Colored Powertips","Downfall","Highlight Path","Minty Spire (QoL Compilation)","Relic Stats","StSLib"],"gold_per_floor":[99,111,122,136,136,149,149,164,178,178,194,209,209,243,260,358,358,358,370,385,420,54,54,54,54,54,72,82,98,7,35,53,148,148,48,48,64,91,76,76,154,187,237,237,248,248,263,296,312,312],"floor_reached":51,"language":"ENG","playtime":3932,"items_purged":["downfall:Haunted"],"score":783,"play_id":"04799fc7-c085-4028-b047-1524fcbcb507","local_time":"20210131213825","is_ascension_mode":false,"campfire_choices":[{"data":"Slimebound:Split","floor":1,"key":"SMITH"},{"floor":10,"key":"RECALL"},{"data":"Slimebound:MassFeed","floor":13,"key":"SMITH"},{"data":"Slimebound:SlimeBarrage","floor":18,"key":"SMITH"},{"data":"Slimebound:MegaLick","floor":25,"key":"SMITH"},{"data":"Slimebound:MassRepurpose","floor":35,"key":"SMITH"},{"data":"Slimebound:SlimeTap","floor":40,"key":"SMITH"},{"data":"Slimebound:MinionMaster","floor":44,"key":"SMITH"}],"circlet_count":0,"master_deck":["Slimebound:Strike_Slimebound","Slimebound:Strike_Slimebound","Slimebound:Strike_Slimebound","Slimebound:Tackle","Slimebound:Defend_Slimebound","Slimebound:Defend_Slimebound","Slimebound:Defend_Slimebound","Slimebound:Defend_Slimebound","Slimebound:Split+1","Slimebound:CorrosiveSpit","Slimebound:SplitLeeching","Slimebound:MassFeed+1","Slimebound:SamplingLick","Slimebound:MassFeed","Slimebound:SamplingLick","Slimebound:SplitMire","Slimebound:LivingWall","Slimebound:Schlurp","Slimebound:Repurpose","Slimebound:Repurpose","Slimebound:GoopSpray","Slimebound:SlimeBarrage+1","Slimebound:LeechLife","Slimebound:AcidTongue","Slimebound:ItLooksTasty+1","Slimebound:LevelUp+1","Slimebound:MinionMaster+1","Slimebound:ItLooksTasty","Slimebound:MegaLick+1","downfall:Bewildered","Slimebound:SlimeBarrage","Slimebound:HauntingLick+1","Slimebound:PressTheAttack","Slimebound:Gluttony","Slimebound:SplitBruiser","Slimebound:MassRepurpose+1","Slimebound:FirmFortitude","expansioncontent:Hexaburn","expansioncontent:LastStand","Slimebound:SlimeTap+1","Slimebound:MinionMaster","Slimebound:MegaLick+1","Slimebound:ComboTackle+1","Slimebound:LevelUp+1","CurseOfTheBell","CurseOfTheBell","Parasite","Slimebound:SamplingLick+1","Slimebound:Schlurp+1","Slimebound:LeechEnergy+1"],"relics":["Slimebound:AbsorbEndCombat","Slimebound:MaxSlimesRelic","Tiny Chest","Coffee Dripper","Red Mask","Medical Kit","sneckomod:BabySnecko","Sundial","Slimebound:AggressiveSlimeRelic","Philosopher\u0027s Stone","downfall:HeartBlessingRed","Dream Catcher","Bottled Lightning","Art of War","Bird Faced Urn","downfall:ExtraCursedBell","Lantern","Molten Egg 2","Peace Pipe","Question Card"],"acts_visited":["Exordium","TheCity","TheBeyond"],"potions_floor_usage":[48,50],"damage_taken":[{"damage":6,"enemies":"Cultist","floor":2,"turns":5},{"damage":3,"enemies":"Small Slimes","floor":3,"turns":3},{"damage":6,"enemies":"Jaw Worm","floor":4,"turns":4},{"damage":6,"enemies":"Blue Slaver","floor":6,"turns":3},{"damage":0,"enemies":"3 Louse","floor":8,"turns":2},{"damage":4,"enemies":"Lots of Slimes","floor":9,"turns":3},{"damage":0,"enemies":"Red Slaver","floor":11,"turns":3},{"damage":2,"enemies":"Exordium Thugs","floor":12,"turns":5},{"damage":3,"enemies":"3 Sentries","floor":14,"turns":13},{"damage":16,"enemies":"3 Louse","floor":15,"turns":4},{"damage":6,"enemies":"SI_SHIV_ARCHETYPE","floor":16,"turns":7},{"damage":18,"enemies":"3 Byrds","floor":19,"turns":4},{"damage":15,"enemies":"Shell Parasite","floor":20,"turns":4},{"damage":26,"enemies":"Masked Bandits","floor":21,"turns":4},{"damage":0,"enemies":"downfall:FleeingMerchant","floor":22,"turns":4},{"damage":0,"enemies":"Chosen and Byrds","floor":27,"turns":4},{"damage":15,"enemies":"Centurion and Healer","floor":28,"turns":4},{"damage":19,"enemies":"Shelled Parasite and Fungi","floor":29,"turns":4},{"damage":8,"enemies":"downfall:FleeingMerchant","floor":30,"turns":4},{"damage":4,"enemies":"Gremlin Leader","floor":31,"turns":7},{"damage":6,"enemies":"3 Cultists","floor":32,"turns":4},{"damage":25,"enemies":"WA_ARCHETYPE_CALM","floor":33,"turns":9},{"damage":11,"enemies":"Orb Walker","floor":37,"turns":3},{"damage":0,"enemies":"downfall:FleeingMerchant","floor":39,"turns":4},{"damage":54,"enemies":"Reptomancer","floor":42,"turns":5},{"damage":0,"enemies":"Reptomancer","floor":43,"turns":4},{"damage":14,"enemies":"3 Shapes","floor":45,"turns":2},{"damage":37,"enemies":"Writhing Mass","floor":47,"turns":5},{"damage":13,"enemies":"Nemesis","floor":48,"turns":3},{"damage":5,"enemies":"Transient","floor":49,"turns":5},{"damage":53,"enemies":"IC_BLOCK_ARCHETYPE","floor":50,"turns":7}],"seed_played":"8021179848770374939","potions_obtained":[{"floor":3,"key":"Slimebound:SlimyTonguePotion"},{"floor":8,"key":"Dexterity Potion"},{"floor":14,"key":"Guardian:BlockOnCardUsePotion"},{"floor":49,"key":"hexamod:SoulburnPotion"}],"is_trial":false,"path_per_floor":["R","M","M","M","?","M","T","M","M","R","M","M","R","E","M","B",null,"R","M","M","?","$","?","T","R","T","M","M","M","$","E","M","B",null,"R","?","M","T","$","R","T","E","?","R","M","?","M","E","M","B",null],"character_chosen":"SLIMEBOUND","items_purchased":["Slimebound:ItLooksTasty","Slimebound:MegaLick","Medical Kit","Slimebound:Gluttony"],"campfire_rested":0,"item_purchase_floors":[22,22,22,30],"current_hp_per_floor":[71,71,71,72,72,73,73,83,95,95,98,101,101,98,97,103,114,114,110,122,104,110,110,110,110,110,128,121,114,118,122,136,114,138,138,128,133,133,138,138,138,88,90,90,91,91,64,85,147,130],"gold":312,"neow_bonus":"TEN_PERCENT_HP_BONUS","is_daily":false,"chose_seed":false,"campfire_upgraded":7,"win_rate":0.0,"timestamp":1612147105,"path_taken":["R","M","?","M","?","M","T","M","M","R","M","M","R","E","M","BOSS","R","M","?","?","$","?","T","R","?","M","M","?","?","E","M","BOSS","R","?","M","?","$","R","T","E","?","R","?","?","M","E","M","BOSS"],"items_purchased_type":["Card","Card","Relic","Card"],"build_version":"2020-12-22","purchased_purges":1,"victory":true,"max_hp_per_floor":[71,71,71,74,74,77,77,83,95,95,98,101,101,101,110,114,114,114,122,122,126,126,126,126,126,126,130,134,138,138,138,138,138,138,138,138,138,138,138,138,138,138,138,138,147,147,147,147,147,151],"relic_stats":{"Peace Pipe":0,"Dream Catcher":0,"counters":[31,139],"Sundial":[2],"Bird Faced Urn":[26],"Tiny Chest":2,"Art of War":[10],"Medical Kit":[1],"Question Card":1,"obtain_stats":[{"Slimebound:AggressiveSlimeRelic":31,"Lantern":46,"downfall:HeartBlessingRed":35,"Medical Kit":22,"Question Card":48,"Peace Pipe":46,"sneckomod:BabySnecko":23,"Dream Catcher":38,"Slimebound:MaxSlimesRelic":7,"Sundial":26,"Bird Faced Urn":43,"Tiny Chest":14,"Philosopher\u0027s Stone":34,"Molten Egg 2":46,"Slimebound:AbsorbEndCombat":0,"Coffee Dripper":17,"Red Mask":21,"Art of War":42,"Bottled Lightning":41,"downfall:ExtraCursedBell":46},{"Slimebound:AggressiveSlimeRelic":20,"Lantern":27,"downfall:HeartBlessingRed":22,"Medical Kit":15,"Question Card":29,"Peace Pipe":27,"sneckomod:BabySnecko":15,"Dream Catcher":23,"Slimebound:MaxSlimesRelic":4,"Sundial":15,"Bird Faced Urn":26,"Tiny Chest":9,"Philosopher\u0027s Stone":22,"Molten Egg 2":27,"Slimebound:AbsorbEndCombat":0,"Coffee Dripper":11,"Red Mask":14,"Art of War":25,"Bottled Lightning":24,"downfall:ExtraCursedBell":27},{"Slimebound:AggressiveSlimeRelic":89,"Lantern":119,"downfall:HeartBlessingRed":102,"Medical Kit":66,"Question Card":127,"Peace Pipe":119,"sneckomod:BabySnecko":66,"Dream Catcher":105,"Slimebound:MaxSlimesRelic":15,"Sundial":66,"Bird Faced Urn":117,"Tiny Chest":39,"Philosopher\u0027s Stone":102,"Molten Egg 2":119,"Slimebound:AbsorbEndCombat":0,"Coffee Dripper":50,"Red Mask":62,"Art of War":114,"Bottled Lightning":109,"downfall:ExtraCursedBell":119}]},"card_choices":[{"not_picked":["Slimebound:GoopTackle","Slimebound:SplitBruiser"],"picked":"Slimebound:SplitLeeching","floor":2},{"not_picked":["Slimebound:GoopTackle","Slimebound:GoopSpray"],"picked":"Slimebound:MassFeed","floor":3},{"not_picked":["Slimebound:GoopTackle","Slimebound:FinishingTackle"],"picked":"Slimebound:SamplingLick","floor":4},{"not_picked":["Slimebound:PressTheAttack","Slimebound:SplitAcid"],"picked":"Slimebound:SplitMire","floor":6},{"not_picked":["Slimebound:GoopTackle","Slimebound:Overexert"],"picked":"Slimebound:LivingWall","floor":8},{"not_picked":["Slimebound:Prepare","Slimebound:GrowthPunch"],"picked":"Slimebound:Schlurp","floor":9},{"not_picked":["Slimebound:SlimeBrawl","Slimebound:Grow"],"picked":"Slimebound:Repurpose","floor":11},{"not_picked":["Slimebound:FinishingTackle","Slimebound:LeechEnergy"],"picked":"Slimebound:Repurpose","floor":12},{"not_picked":["Slimebound:ForwardTackle","Slimebound:FlameTackle"],"picked":"Slimebound:GoopSpray","floor":14},{"not_picked":["Slimebound:FinishingTackle","Slimebound:LeechingTouch"],"picked":"Slimebound:SlimeBarrage","floor":15},{"not_picked":["Slimebound:PrepareCrush","Slimebound:DouseInSlime"],"picked":"Slimebound:LeechLife","floor":16},{"not_picked":["Slimebound:ComboTackle","Slimebound:LeechingTouch"],"picked":"Slimebound:AcidTongue","floor":19},{"not_picked":["Slimebound:GrowthPunch","Slimebound:MegaLick"],"picked":"Slimebound:ItLooksTasty+1","floor":20},{"not_picked":["Slimebound:Schlurp","Slimebound:PressTheAttack"],"picked":"Slimebound:LevelUp+1","floor":21},{"not_picked":["Slimebound:SplitBruiser","Slimebound:PressTheAttack"],"picked":"Slimebound:MinionMaster","floor":22},{"not_picked":["Slimebound:Schlurp","Slimebound:SplitAcid"],"picked":"Slimebound:SlimeBarrage","floor":27},{"not_picked":["Slimebound:ItLooksTasty","Slimebound:SplitBruiser+1"],"picked":"Slimebound:HauntingLick+1","floor":28},{"not_picked":["Slimebound:RainOfGoop","Slimebound:Schlurp+1"],"picked":"Slimebound:PressTheAttack","floor":29},{"not_picked":["Slimebound:SamplingLick","Slimebound:GoopSpray","Slimebound:TongueLash"],"picked":"SKIP","floor":30},{"not_picked":["Slimebound:ComboTackle","Slimebound:GrowthPunch+1"],"picked":"Slimebound:SplitBruiser","floor":31},{"not_picked":["Slimebound:SplitAcid","Slimebound:LeechingTouch"],"picked":"Slimebound:MassRepurpose","floor":32},{"not_picked":["Slimebound:MassFeed","Slimebound:LeechLife"],"picked":"Slimebound:FirmFortitude","floor":33},{"not_picked":["expansioncontent:HyperBeam","expansioncontent:PolyBeam"],"picked":"expansioncontent:Hexaburn","floor":36},{"not_picked":["expansioncontent:DecaShield","expansioncontent:HyperBeam"],"picked":"expansioncontent:LastStand","floor":36},{"not_picked":["Slimebound:LeechEnergy+1","Slimebound:PressTheAttack+1"],"picked":"Slimebound:SlimeTap","floor":37},{"not_picked":["Slimebound:AcidTongue","Slimebound:LeechEnergy"],"picked":"Slimebound:MinionMaster","floor":39},{"not_picked":["Slimebound:GrowthPunch+1","Slimebound:ComboTackle+1"],"picked":"Slimebound:MegaLick+1","floor":42},{"not_picked":["Slimebound:FinishingTackle+1","Slimebound:Prepare+1"],"picked":"Slimebound:ComboTackle+1","floor":43},{"not_picked":["Slimebound:Prepare+1","Slimebound:GoopSpray"],"picked":"Slimebound:LevelUp+1","floor":45},{"not_picked":["Slimebound:MegaLick+1","Slimebound:Chomp+1"],"picked":"Slimebound:SamplingLick+1","floor":47},{"not_picked":["Slimebound:LeechLife+1","Slimebound:SlimeSpikes+1"],"picked":"Slimebound:Schlurp+1","floor":48},{"not_picked":["Slimebound:LeechingTouch+1","Slimebound:ViciousTackle+1","Slimebound:FinishingTackle+1"],"picked":"Slimebound:LeechEnergy+1","floor":49}],"player_experience":202667,"relics_obtained":[{"floor":7,"key":"Slimebound:MaxSlimesRelic"},{"floor":14,"key":"Tiny Chest"},{"floor":21,"key":"Red Mask"},{"floor":26,"key":"Sundial"},{"floor":31,"key":"Slimebound:AggressiveSlimeRelic"},{"floor":38,"key":"Dream Catcher"},{"floor":41,"key":"Bottled Lightning"},{"floor":42,"key":"Art of War"},{"floor":43,"key":"Bird Faced Urn"},{"floor":46,"key":"Lantern"},{"floor":46,"key":"Molten Egg 2"},{"floor":46,"key":"Peace Pipe"},{"floor":48,"key":"Question Card"}],"event_choices":[{"damage_healed":0,"gold_gain":0,"player_choice":"Fought Bandits","damage_taken":0,"max_hp_gain":0,"max_hp_loss":0,"event_name":"Masked Bandits","floor":21,"gold_loss":0}],"is_beta":false,"boss_relics":[{"not_picked":["bronze:MakeshiftBattery","Runic Pyramid"],"picked":"Coffee Dripper"},{"not_picked":["Runic Dome","Cursed Key"],"picked":"Philosopher\u0027s Stone"}],"items_purged_floors":[22],"is_endless":false,"potions_floor_spawned":[3,8,14,16,21,27,28,32,42,43,49],"ascension_level":0}}