{"host":"btk6hapgokl8j5e3","time":1612219034,"event":{"mods":["Act Like it!","BaseMod","BetterRewards","Colored Powertips","Downfall","Friendly Minions","GifTheSpireLib","Hallownest","Minty Spire (QoL Compilation)","StSLib","The Animator","The Bug Knight","The Necromancer"],"gold_per_floor":[115,115,115,40,40,40,54,88,88,114,125,125,138,158,158,258,258,276,276,26,26,45,79,79,98,123,140,151,181,192,203,203,301,301,314,1114,1133,1048,1048,1048,1048,1080,1080,1112,1112,622,633,651,651,651,651,651,164,198,198,198],"floor_reached":55,"language":"ENG","playtime":4310,"items_purged":["HollowMod:QuickDashStart","HollowMod:NailStrikeStart"],"score":788,"play_id":"f010162d-c1c4-4dcf-8976-895cad00f839","local_time":"20210201233714","is_ascension_mode":true,"campfire_choices":[{"data":"HollowMod:GrimmsGift","floor":6,"key":"SMITH"},{"data":"HollowMod:FocusHealStart","floor":12,"key":"SMITH"},{"data":"HollowMod:MantisMark","floor":15,"key":"SMITH"},{"data":"HollowMod:MantisMark","floor":24,"key":"SMITH"},{"data":"HollowMod:HerrahsAnger","floor":32,"key":"SMITH"},{"floor":40,"key":"RECALL"},{"data":"Hallownest:skillKingdomsEdgeMap","floor":45,"key":"SMITH"},{"floor":49,"key":"REST"},{"data":"Hallownest:skillGreenpathMap","floor":52,"key":"SMITH"}],"circlet_count":0,"master_deck":["HollowMod:NailStrikeStart","HollowMod:NailStrikeStart","HollowMod:QuickDashStart","HollowMod:QuickDashStart","HollowMod:FocusHealStart+1","HollowMod:PogoStrike","HollowMod:GrimmsGift+1","Purity","Hallownest:skillGreenpathMap+1","HollowMod:SoulSplash","HollowMod:MantisMark+1","HollowMod:MantisMark+1","HollowMod:HowlingWraiths","HollowMod:CloakDash","HollowMod:HerrahsAnger+1","HollowMod:SoulStrike+1","HollowMod:CycloneSlash+1","HollowMod:DungDefenderAura","HollowMod:PureVessel","HollowMod:NewLastStag","HollowMod:HowlingWraiths+1","Hallownest:skillKingdomsEdgeMap+1","HollowMod:MylasSalvation","HollowMod:MantisMark+1","HollowMod:MidwifesHunger+1","HollowMod:MidwifesHunger+1"],"relics":["HollowMod:VesselMask","Hallownest:DreamNailRelic","Vajra","Bird Faced Urn","HollowMod:LifeEnderRelic","Letter Opener","SlaversCollar","Hallownest:UnbreakableCardRelic","Gremlin Horn","Juzu Bracelet","Philosopher\u0027s Stone","Molten Egg 2","Eternal Feather","Bottled Lightning","Ornamental Fan","Bottled Tornado","Shuriken"],"acts_visited":["Hallownest:Greenpath","Hallownest:CityofTears","Hallownest:KingdomsEdge","TheEnding"],"potions_floor_usage":[14,22,25,31,33,33,35,50,55],"damage_taken":[{"damage":2,"enemies":"Hallownest:monsterHuskGuard","floor":1,"turns":4},{"damage":0,"enemies":"Hallownest:monsterHuskWarrior","floor":7,"turns":3},{"damage":3,"enemies":"Hallownest:eliteMossKnight","floor":8,"turns":5},{"damage":9,"enemies":"Hallownest:eliteVengeflyKing","floor":10,"turns":5},{"damage":5,"enemies":"2_ Uuma","floor":11,"turns":3},{"damage":0,"enemies":"Hallownest:monsterMossCharger","floor":13,"turns":3},{"damage":11,"enemies":"Hallownest:1_Ooma_and_2_Uuma","floor":14,"turns":6},{"damage":57,"enemies":"Hallownest:BossHornet","floor":16,"turns":8},{"damage":0,"enemies":"Hallownest:3_Youths","floor":18,"turns":4},{"damage":27,"enemies":"Hallownest:Flukemon_and_Top","floor":22,"turns":4},{"damage":4,"enemies":"Hallownest:Nosk","floor":23,"turns":6},{"damage":3,"enemies":"Hallownest:Warrior_and_Youth","floor":25,"turns":3},{"damage":29,"enemies":"Hallownest:3_Mistakes","floor":27,"turns":4},{"damage":10,"enemies":"Hallownest:monsterMisterMushroom","floor":28,"turns":5},{"damage":14,"enemies":"Hallownest:eliteSoulWarrior","floor":29,"turns":4},{"damage":6,"enemies":"Hallownest:monsterShrumalOgre","floor":30,"turns":4},{"damage":0,"enemies":"Hallownest:Warrior_and_Youth","floor":31,"turns":4},{"damage":41,"enemies":"Hallownest:BossMantisLord","floor":33,"turns":5},{"damage":34,"enemies":"Hallownest:2_Littles","floor":35,"turns":4},{"damage":12,"enemies":"Hallownest:3_Siblings","floor":37,"turns":3},{"damage":5,"enemies":"Hallownest:eliteHiveKnight","floor":42,"turns":6},{"damage":14,"enemies":"Hallownest:eliteCollector","floor":44,"turns":5},{"damage":34,"enemies":"Hallownest:2_Soldiers_and_1_Guardian","floor":47,"turns":3},{"damage":16,"enemies":"Hallownest:Slobbering_and_Violent","floor":48,"turns":4},{"damage":22,"enemies":"Hallownest:Radiance","floor":50,"turns":5},{"damage":46,"enemies":"Shield and Spear","floor":54,"turns":4},{"damage":95,"enemies":"The Heart","floor":55,"turns":3}],"seed_played":"3793337838127159695","potions_obtained":[{"floor":8,"key":"LiquidMemories"},{"floor":10,"key":"SteroidPotion"},{"floor":11,"key":"Guardian:BlockOnCardUsePotion"},{"floor":22,"key":"champ:CounterPotion"},{"floor":28,"key":"GamblersBrew"},{"floor":29,"key":"Regen Potion"},{"floor":31,"key":"ColorlessPotion"},{"floor":33,"key":"bronze:BurnAndBuffPotion"},{"floor":44,"key":"EssenceOfSteel"},{"floor":47,"key":"FairyPotion"}],"is_trial":false,"path_per_floor":["M","?","?","?","T","R","M","E","T","E","M","R","M","M","R","B",null,"M","?","?","?","M","E","R","M","T","M","M","E","M","M","R","B",null,"M","?","M","?","?","R","?","E","T","E","R","$","M","M","R","B",null,"R","$","E","B"],"character_chosen":"THE_BUGKNIGHT","items_purchased":["Ornamental Fan","HollowMod:MidwifesHunger+1","Bottled Tornado","HollowMod:MidwifesHunger+1"],"campfire_rested":1,"item_purchase_floors":[46,46,53,53],"current_hp_per_floor":[75,75,75,75,75,75,75,72,72,66,61,61,71,68,68,23,75,75,75,75,71,50,58,58,61,61,42,38,30,34,46,46,27,75,51,51,49,49,49,49,49,58,58,52,67,67,39,29,65,45,70,70,70,30,0,0],"gold":198,"neow_bonus":"","is_daily":false,"chose_seed":false,"campfire_upgraded":7,"win_rate":0.0,"timestamp":1612219034,"path_taken":["M","?","?","?","?","R","M","E","T","E","M","R","M","M","R","BOSS","M","?","?","?","M","E","R","?","T","M","M","E","M","M","R","BOSS","M","?","M","?","?","R","?","E","T","E","R","$","M","M","R","BOSS","R","$","E","BOSS"],"items_purchased_type":["Relic","Card","Relic","Card"],"build_version":"2020-12-22","purchased_purges":2,"victory":false,"max_hp_per_floor":[75,75,75,75,75,75,75,75,75,75,75,75,75,75,75,75,75,75,75,75,75,75,75,75,75,75,75,75,75,75,75,75,75,75,75,75,75,75,75,75,70,70,70,70,70,70,70,70,70,70,70,70,70,70,70,70],"card_choices":[{"not_picked":["HollowMod:DashSlash","HollowMod:CrystalDash"],"picked":"HollowMod:GrimmsGift","floor":1},{"not_picked":["Thinking Ahead","Magnetism"],"picked":"Purity","floor":3},{"not_picked":["HollowMod:HowlingWraiths","HollowMod:SiblingsShadow"],"picked":"HollowMod:SoulSplash","floor":7},{"not_picked":["HollowMod:DesolateDive","HollowMod:SoulVessel"],"picked":"HollowMod:LuriensSpire","floor":8},{"not_picked":["HollowMod:DashSlash","HollowMod:Weaversong"],"picked":"HollowMod:MantisMark","floor":10},{"not_picked":["HollowMod:CycloneSlash","HollowMod:GoodIntentions"],"picked":"HollowMod:MantisMark","floor":11},{"not_picked":["HollowMod:SoulShaman","HollowMod:HeavyBlow"],"picked":"HollowMod:HowlingWraiths","floor":13},{"not_picked":["HollowMod:SiblingsSouls","HollowMod:SoulStrike"],"picked":"HollowMod:CloakDash","floor":14},{"not_picked":["HollowMod:Hiveblood","HollowMod:PureVessel"],"picked":"HollowMod:HerrahsAnger","floor":16},{"not_picked":["HollowMod:MonarchWings","HollowMod:BrokenVessel"],"picked":"HollowMod:SoulStrike+1","floor":18},{"not_picked":["HollowMod:CornifersMapStart","HollowMod:GrimmsGift+1","HollowMod:DescendingDark"],"picked":"SKIP","floor":22},{"not_picked":["HollowMod:NewJinnsSoul","HollowMod:TaintedHusks","HollowMod:DreamGate"],"picked":"SKIP","floor":23},{"not_picked":["HollowMod:ShadowDash","HollowMod:VengefulVoid"],"picked":"HollowMod:CycloneSlash+1","floor":25},{"not_picked":["HollowMod:LifebloodCocoon","HollowMod:WraithStrike"],"picked":"HollowMod:DungDefenderAura","floor":27},{"not_picked":["HollowMod:GoodIntentions","HollowMod:CornifersMapStart","HollowMod:TaintedHusks+1"],"picked":"SKIP","floor":28},{"not_picked":["HollowMod:SharpenedShadows","HollowMod:NewJinnsSoul","HollowMod:BaldurShell+1"],"picked":"SKIP","floor":29},{"not_picked":["HollowMod:FastStrike","HollowMod:InfectedAttack+1"],"picked":"HollowMod:PureVessel","floor":30},{"not_picked":["HollowMod:NewJinnsSoul","HollowMod:SharpenedNail","HollowMod:ShadowDash"],"picked":"SKIP","floor":31},{"not_picked":["HollowMod:VengefulVoid+1","HollowMod:TaintedHusks","HollowMod:ShadowDash+1"],"picked":"SKIP","floor":35},{"not_picked":["HollowMod:LifebloodCocoon+1","HollowMod:MothsMistake"],"picked":"HollowMod:HowlingWraiths+1","floor":37},{"not_picked":["HollowMod:HuntersJournal","HollowMod:RecoilStrike+1","HollowMod:SoulSplash"],"picked":"SKIP","floor":42},{"not_picked":["HollowMod:HowlingWraiths+1","HollowMod:ChannelNail"],"picked":"HollowMod:MantisMark+1","floor":44},{"not_picked":["HollowMod:FallenFury+1","HollowMod:DreamGate+1","HollowMod:InfectedAttack+1"],"picked":"SKIP","floor":47},{"not_picked":["HollowMod:GoodIntentions+1","HollowMod:SoulStrike+1","HollowMod:NewJinnsSoul"],"picked":"SKIP","floor":48},{"not_picked":["HollowMod:ShadowDash+1","HollowMod:ChannelNail+1","HollowMod:DoubleDash"],"picked":"SKIP","floor":54}],"player_experience":435271,"relics_obtained":[{"floor":5,"key":"Vajra"},{"floor":8,"key":"Bird Faced Urn"},{"floor":9,"key":"HollowMod:LifeEnderRelic"},{"floor":10,"key":"Letter Opener"},{"floor":23,"key":"Gremlin Horn"},{"floor":29,"key":"Juzu Bracelet"},{"floor":42,"key":"Molten Egg 2"},{"floor":43,"key":"Eternal Feather"},{"floor":44,"key":"Bottled Lightning"},{"floor":54,"key":"Shuriken"}],"event_choices":[],"is_beta":false,"boss_relics":[{"not_picked":["Fusion Hammer","Calling Bell"],"picked":"SlaversCollar"},{"not_picked":["Empty Cage","SacredBark"],"picked":"Philosopher\u0027s Stone"}],"items_purged_floors":[46,53],"is_endless":false,"potions_floor_spawned":[8,10,11,22,28,29,30,31,33,44,47],"killed_by":"The Heart","ascension_level":2}}