{"host":"nnmmiiw4bez2c8ei","time":1612182426,"event":{"mods":["AchievementEnabler","BaseMod","Colored Map","Colored Powertips","Minty Spire (QoL Compilation)","Rare Cards Sparkle","StSLib"],"gold_per_floor":[109,34,109,109,61,61,97,137,161,179,179,179,199,235,235,366,666,690,690,701,701,701,701,701,701,724,752,474,489,489,515,515,615,615,633,652,670,670,683,683,360,388,469,498,498,517,29,43,43,43,43],"floor_reached":50,"language":"KOR","playtime":3035,"items_purged":["Defend_G","Injury","Strike_G","Backflip"],"score":766,"play_id":"f2512ced-af90-4fd6-8fc4-5123d07ec508","local_time":"20210201212706","is_ascension_mode":true,"campfire_choices":[{"data":"Blade Dance","floor":6,"key":"SMITH"},{"data":"Caltrops","floor":12,"key":"SMITH"},{"data":"Tools of the Trade","floor":15,"key":"SMITH"},{"data":"Terror","floor":23,"key":"SMITH"},{"floor":30,"key":"REST"},{"data":"Tactician","floor":32,"key":"SMITH"},{"data":"Cloak And Dagger","floor":40,"key":"SMITH"},{"data":"Sadistic Nature","floor":49,"key":"SMITH"}],"circlet_count":0,"master_deck":["Defend_G+1","Defend_G+1","Survivor","Neutralize","Outmaneuver","Blade Dance+1","Caltrops+1","Tools of the Trade+1","A Thousand Cuts","CurseOfTheBell","Acrobatics+1","Tactician+1","Masterful Stab","Terror+1","Cloak And Dagger+1","Blur+1","Infinite Blades+1","Backstab+1","Concentrate+1","Calculated Gamble+1","Escape Plan+1","Prepared+1","Escape Plan+1","Backflip+1","Burst","Sadistic Nature+1"],"relics":["Ring of the Snake","NeowsBlessing","Bloody Idol","Odd Mushroom","Shuriken","War Paint","PreservedInsect","Pen Nib","Calling Bell","Omamori","Eternal Feather","Old Coin","HornCleat","Nilry\u0027s Codex","Sundial","Regal Pillow","Pantograph","Boot","Pear","Astrolabe","Orrery","Snake Skull","Ninja Scroll","ClockworkSouvenir"],"acts_visited":["Exordium","TheCity","TheBeyond"],"potions_floor_usage":[27,36,44,46,50],"damage_taken":[{"damage":0,"enemies":"Jaw Worm","floor":1,"turns":1},{"damage":0,"enemies":"The Mushroom Lair","floor":7,"turns":1},{"damage":0,"enemies":"Gremlin Nob","floor":8,"turns":1},{"damage":0,"enemies":"Small Slimes","floor":10,"turns":3},{"damage":1,"enemies":"2 Louse","floor":13,"turns":2},{"damage":6,"enemies":"3 Sentries","floor":14,"turns":5},{"damage":36,"enemies":"The Guardian","floor":16,"turns":11},{"damage":22,"enemies":"Spheric Guardian","floor":18,"turns":4},{"damage":18,"enemies":"Chosen","floor":20,"turns":6},{"damage":4,"enemies":"Slavers","floor":27,"turns":5},{"damage":18,"enemies":"Centurion and Healer","floor":29,"turns":6},{"damage":0,"enemies":"Gremlin Leader","floor":31,"turns":5},{"damage":66,"enemies":"Champ","floor":33,"turns":12},{"damage":2,"enemies":"Orb Walker","floor":35,"turns":4},{"damage":18,"enemies":"3 Darklings","floor":36,"turns":6},{"damage":6,"enemies":"Transient","floor":37,"turns":5},{"damage":16,"enemies":"Spire Growth","floor":39,"turns":5},{"damage":0,"enemies":"Reptomancer","floor":42,"turns":5},{"damage":9,"enemies":"Nemesis","floor":44,"turns":7},{"damage":13,"enemies":"3 Darklings","floor":46,"turns":3},{"damage":12,"enemies":"Jaw Worm Horde","floor":48,"turns":3},{"damage":83,"enemies":"Donu and Deca","floor":50,"turns":6}],"seed_played":"8257021054683227900","potions_obtained":[{"floor":8,"key":"SteroidPotion"},{"floor":10,"key":"SmokeBomb"},{"floor":14,"key":"CultistPotion"},{"floor":18,"key":"EssenceOfSteel"},{"floor":20,"key":"GhostInAJar"},{"floor":33,"key":"AttackPotion"},{"floor":37,"key":"LiquidMemories"},{"floor":44,"key":"Energy Potion"}],"is_trial":false,"path_per_floor":["M","$","?","?","$","R","?","E","T","M","T","R","M","E","R","B",null,"M","?","M","?","?","R","?","T","T","E","$","M","R","E","R","B",null,"M","M","M","?","M","R","$","E","T","E","?","M","$","M","R","B"],"character_chosen":"THE_SILENT","items_purchased":["Blade Dance","Cloak And Dagger","Boot","Orrery","Swift Potion","Sadistic Nature","ClockworkSouvenir"],"campfire_rested":1,"item_purchase_floors":[5,28,28,41,41,47,47],"current_hp_per_floor":[70,70,59,59,59,59,59,59,59,59,59,59,58,52,52,16,70,48,48,35,35,35,47,31,31,36,37,37,24,70,80,80,19,80,80,67,66,66,55,67,67,72,77,73,73,65,65,58,73,0,0],"gold":43,"neow_bonus":"THREE_ENEMY_KILL","is_daily":false,"chose_seed":false,"campfire_upgraded":7,"win_rate":0.0,"timestamp":1612182426,"path_taken":["M","$","?","?","$","R","?","E","T","M","?","R","M","E","R","BOSS","M","?","M","?","?","R","?","?","T","E","$","M","R","E","R","BOSS","M","M","M","?","?","R","$","E","T","E","?","M","$","M","R","BOSS"],"items_purchased_type":["Card","Card","Relic","Relic","Potion","Card","Relic"],"build_version":"2020-12-22","purchased_purges":4,"victory":false,"max_hp_per_floor":[70,70,70,70,70,70,70,70,70,70,70,70,70,70,70,70,70,70,70,70,70,70,70,70,70,70,70,70,70,70,80,80,80,80,80,80,80,80,80,80,80,80,80,80,80,80,80,80,80,80,80],"card_choices":[{"not_picked":["Skewer","Flechettes"],"picked":"Outmaneuver","floor":1},{"not_picked":["Masterful Stab","Endless Agony"],"picked":"Backflip","floor":7},{"not_picked":["Underhanded Strike","Reflex"],"picked":"Caltrops","floor":8},{"not_picked":["Concentrate","Quick Slash","Flechettes"],"picked":"SKIP","floor":10},{"not_picked":["Endless Agony","Dagger Spray","Dagger Throw"],"picked":"SKIP","floor":13},{"not_picked":["Flechettes","Slice"],"picked":"Tools of the Trade","floor":14},{"not_picked":["Bullet Time","Malaise"],"picked":"A Thousand Cuts","floor":16},{"not_picked":["Prepared","Dagger Throw"],"picked":"Acrobatics+1","floor":18},{"not_picked":["Well Laid Plans+1","Backflip"],"picked":"Tactician","floor":20},{"not_picked":["Deadly Poison+1","Riddle With Holes","Dagger Spray"],"picked":"SKIP","floor":27},{"not_picked":["Malaise","Well Laid Plans"],"picked":"Blur+1","floor":29},{"not_picked":["Flying Knee","Deflect","Acrobatics"],"picked":"SKIP","floor":31},{"not_picked":["Choke+1","Infinite Blades","Caltrops+1"],"picked":"SKIP","floor":35},{"not_picked":["Outmaneuver","Catalyst+1","Masterful Stab"],"picked":"SKIP","floor":36},{"not_picked":["Quick Slash+1","Deadly Poison"],"picked":"Calculated Gamble+1","floor":37},{"not_picked":["Predator","Bane"],"picked":"Escape Plan+1","floor":39},{"not_picked":["Blade Dance+1","Dagger Spray"],"picked":"Prepared+1","floor":41},{"not_picked":["Deadly Poison","Quick Slash"],"picked":"Escape Plan+1","floor":41},{"not_picked":["Deadly Poison+1","Underhanded Strike"],"picked":"Night Terror","floor":41},{"not_picked":["Dagger Spray+1","Escape Plan+1"],"picked":"Backflip+1","floor":41},{"not_picked":["Deflect+1","Predator"],"picked":"Burst","floor":42},{"not_picked":["Dagger Throw+1","Sucker Punch+1","Finisher+1"],"picked":"SKIP","floor":44},{"not_picked":["Quick Slash+1","Blur","Sucker Punch"],"picked":"SKIP","floor":46},{"not_picked":["Blade Dance","Distraction","Endless Agony"],"picked":"SKIP","floor":48}],"player_experience":505328,"relics_obtained":[{"floor":7,"key":"Odd Mushroom"},{"floor":8,"key":"Shuriken"},{"floor":9,"key":"War Paint"},{"floor":11,"key":"PreservedInsect"},{"floor":14,"key":"Pen Nib"},{"floor":17,"key":"Omamori"},{"floor":17,"key":"Eternal Feather"},{"floor":17,"key":"Old Coin"},{"floor":24,"key":"Nilry\u0027s Codex"},{"floor":25,"key":"Sundial"},{"floor":26,"key":"Regal Pillow"},{"floor":27,"key":"Pantograph"},{"floor":31,"key":"Pear"},{"floor":42,"key":"Snake Skull"},{"floor":44,"key":"Ninja Scroll"}],"event_choices":[{"damage_healed":0,"gold_gain":75,"player_choice":"Gather Gold","damage_taken":11,"max_hp_gain":0,"max_hp_loss":0,"event_name":"World of Goop","floor":3,"gold_loss":0},{"damage_healed":0,"gold_gain":0,"player_choice":"Take Wound","damage_taken":0,"relics_obtained":["Golden Idol"],"max_hp_gain":0,"max_hp_loss":0,"event_name":"Golden Idol","floor":4,"gold_loss":0,"cards_obtained":["Injury"]},{"damage_healed":0,"gold_gain":0,"player_choice":"Fought Mushrooms","damage_taken":0,"max_hp_gain":0,"max_hp_loss":0,"event_name":"Mushrooms","floor":7,"gold_loss":0},{"damage_healed":0,"gold_gain":0,"player_choice":"Gave Idol","damage_taken":0,"relics_obtained":["Bloody Idol"],"max_hp_gain":0,"max_hp_loss":0,"event_name":"Forgotten Altar","floor":19,"relics_lost":["Golden Idol"],"gold_loss":0},{"damage_healed":0,"gold_gain":0,"player_choice":"Opened","damage_taken":0,"relics_obtained":["HornCleat"],"max_hp_gain":0,"max_hp_loss":0,"event_name":"The Mausoleum","floor":21,"gold_loss":0},{"damage_healed":0,"gold_gain":0,"cards_transformed":["Strike_G","Defend_G"],"player_choice":"Became Test Subject","damage_taken":0,"max_hp_gain":0,"max_hp_loss":0,"event_name":"Drug Dealer","floor":22,"gold_loss":0,"cards_obtained":["Masterful Stab","Terror"]},{"damage_healed":0,"gold_gain":0,"player_choice":"Obtained Book","damage_taken":16,"max_hp_gain":0,"max_hp_loss":0,"event_name":"Cursed Tome","floor":24,"gold_loss":0},{"cards_removed":["Defend_G"],"damage_healed":0,"gold_gain":0,"player_choice":"Purged","damage_taken":0,"max_hp_gain":0,"max_hp_loss":0,"event_name":"Purifier","floor":38,"gold_loss":0},{"cards_removed":["Night Terror"],"damage_healed":0,"gold_gain":0,"player_choice":"Removed Skill","damage_taken":0,"max_hp_gain":0,"max_hp_loss":0,"event_name":"Falling","floor":45,"gold_loss":0}],"is_beta":false,"boss_relics":[{"not_picked":["Runic Dome","Runic Pyramid"],"picked":"Calling Bell"},{"not_picked":["Pandora\u0027s Box","Philosopher\u0027s Stone"],"picked":"Astrolabe"}],"items_purged_floors":[2,28,41,47],"is_endless":false,"potions_floor_spawned":[8,10,14,16,18,20,33,37,44],"killed_by":"Donu and Deca","ascension_level":3}}