{"host":"d52brwsy6af8zvaq","time":1612143227,"event":{"mods":["AchievementEnabler","BaseMod","Bestiary","Highlight Path","Minty Spire (QoL Compilation)","Quick Restart","Relic Stats","ojb\u0027s Better Paths Mod"],"gold_per_floor":[110,185,20,30,30,68,24,52,52,52,93,93,143,168,168,168,168],"floor_reached":16,"language":"ENG","playtime":550,"items_purged":[],"score":216,"play_id":"8512dea9-d594-4a81-83ff-be73fdbf3a7a","local_time":"20210131183347","is_ascension_mode":true,"campfire_choices":[{"floor":10.0,"key":"REST"},{"floor":12,"key":"REST"},{"floor":15,"key":"REST"}],"circlet_count":0,"master_deck":["AscendersBane","Strike_G","Strike_G","Strike_G","Strike_G","Strike_G","Defend_G","Defend_G","Defend_G","Defend_G","Defend_G","Survivor","Neutralize","Blade Dance","Bouncing Flask","Footwork","PiercingWail","Corpse Explosion+1","Blade Dance+1","Prepared+1","Adrenaline+1","Dagger Spray"],"relics":["Black Star","Toxic Egg 2","CeramicFish","Vajra","Frozen Egg 2"],"acts_visited":[],"potions_floor_usage":[11],"damage_taken":[{"damage":6.0,"enemies":"Cultist","floor":1.0,"turns":6.0},{"damage":5.0,"enemies":"Jaw Worm","floor":4.0,"turns":5.0},{"damage":32.0,"enemies":"3 Sentries","floor":6.0,"turns":11.0},{"damage":1.0,"enemies":"Small Slimes","floor":8.0,"turns":4.0},{"damage":22,"enemies":"Lagavulin","floor":11,"turns":6},{"damage":7,"enemies":"Exordium Thugs","floor":14,"turns":3},{"damage":32,"enemies":"The Guardian","floor":16,"turns":9}],"seed_played":"-2747988263579615079","potions_obtained":[{"floor":4.0,"key":"SkillPotion"},{"floor":6.0,"key":"ColorlessPotion"}],"is_trial":false,"path_per_floor":["M","?","$","M","?","E","$","M","T","R","E","R","?","M","R","B"],"character_chosen":"THE_SILENT","items_purchased":["Bouncing Flask","Footwork","Blade Dance+1"],"campfire_rested":3,"item_purchase_floors":[3,3,7],"current_hp_per_floor":[53,42,42,37,37,5,5,4,4,23,1,20,20,13,32,0,0],"gold":168,"neow_bonus":"BOSS_RELIC","is_daily":false,"chose_seed":false,"campfire_upgraded":0,"win_rate":0.0,"timestamp":1612143227,"path_taken":["M","?","$","M","?","E","$","M","T","R","E","R","?","M","R","BOSS"],"items_purchased_type":["Card","Card","Card"],"build_version":"2020-12-22","purchased_purges":0,"victory":false,"max_hp_per_floor":[66,66,66,66,66,66,66,66,66,66,66,66,66,66,66,66,66],"relic_stats":{"counters":[7,44],"CeramicFish":45,"Black Star":2,"obtain_stats":[{"CeramicFish":6,"Vajra":11,"Black Star":0,"Toxic Egg 2":6,"Frozen Egg 2":11,"Ring of the Snake":0},{"CeramicFish":3,"Vajra":5,"Black Star":0,"Toxic Egg 2":3,"Frozen Egg 2":5,"Ring of the Snake":0},{"CeramicFish":22,"Vajra":32,"Black Star":0,"Toxic Egg 2":22,"Frozen Egg 2":32,"Ring of the Snake":0}]},"card_choices":[{"not_picked":["Bane","Reflex"],"picked":"Blade Dance","floor":1.0},{"not_picked":["Slice","Prepared"],"picked":"PiercingWail","floor":4.0},{"not_picked":["Choke","Dodge and Roll+1"],"picked":"Corpse Explosion+1","floor":6.0},{"not_picked":["Bane","Acrobatics+1"],"picked":"Prepared+1","floor":8.0},{"not_picked":["Expertise+1","All Out Attack"],"picked":"Adrenaline+1","floor":11},{"not_picked":["Reflex+1","Prepared+1"],"picked":"Dagger Spray","floor":14}],"player_experience":2093491,"relics_obtained":[{"floor":6.0,"key":"Toxic Egg 2"},{"floor":6.0,"key":"CeramicFish"},{"floor":11,"key":"Vajra"},{"floor":11,"key":"Frozen Egg 2"}],"event_choices":[{"damage_healed":0.0,"max_hp_gain":0.0,"max_hp_loss":0.0,"gold_gain":75.0,"event_name":"World of Goop","player_choice":"Gather Gold","floor":2.0,"gold_loss":0.0,"damage_taken":11.0},{"damage_healed":0.0,"max_hp_gain":0.0,"max_hp_loss":0.0,"gold_gain":0.0,"event_name":"Liars Game","player_choice":"Ignored","floor":5.0,"gold_loss":0.0,"damage_taken":0.0},{"damage_healed":0,"gold_gain":50,"player_choice":"Pray","damage_taken":0,"max_hp_gain":0,"max_hp_loss":0,"event_name":"Golden Shrine","floor":13,"gold_loss":0}],"is_beta":false,"boss_relics":[],"items_purged_floors":[],"is_endless":false,"potions_floor_spawned":[4,6],"killed_by":"The Guardian","ascension_level":20}}