{"host":"6p0attdrtjqaih7v","time":1612147483,"event":{"mods":["2.2 Compatiblity","AchievementEnabler","Bard","BaseMod","Better Skull","Better Third Choice","Colored Powertips","Downfall","Hermit","Highlight Path","Key Reminder","Minty Spire (QoL Compilation)","Permanent Neow","Quick Restart","Random Character Button","Relic Stats","Replay The Spire","Robot Space Explorer","StSLib","The Witch"],"gold_per_floor":[215,232,251,33,33,33,58,58,84,101,131,141,170,180,180,252,252,263,263,281,281,229,259,259,259,282,282,293,319,2,2,2,2,2],"floor_reached":33,"language":"ENG","playtime":1118,"items_purged":["Strike_R","Bite"],"score":591,"play_id":"2646e501-0c4c-4aec-9dba-c4d6f3508577","local_time":"20210131214443","is_ascension_mode":true,"campfire_choices":[{"data":"Inflame","floor":6,"key":"SMITH"},{"data":"Cleave","floor":8,"key":"SMITH"},{"data":"Bash","floor":15,"key":"SMITH"},{"data":"RitualDagger","floor":24,"key":"SMITH"},{"data":"Shockwave","floor":27,"key":"SMITH"},{"data":"Sword Boomerang","floor":32,"key":"SMITH"}],"circlet_count":0,"master_deck":["AscendersBane","Defend_R","Defend_R","Defend_R","Defend_R","Bash+1","Cleave+1","Shockwave+1","Twin Strike","Inflame+1","Sword Boomerang+1","ReplayTheSpireMod:Limb From Limb","Replay:Undeath\u0027s Touch","True Grit","Reaper","Havoc+1","RitualDagger+1","Power Through","Slimebound:CheckThePlaybook","downfall:Icky","Bite","Bite","Bite","Bite","Shockwave"],"relics":["Burning Blood","Dream Catcher","Anchor","Another Sword","hexamod:CandleOfCauterizing","Coffee Dripper","Omamori","Nunchaku","Potion Belt","Replay:Baseball"],"acts_visited":["Exordium","TheCity"],"potions_floor_usage":[7,11,16,20,23,28,33],"damage_taken":[{"damage":18,"enemies":"Jaw Worm","floor":1,"turns":7},{"damage":2,"enemies":"Cultist","floor":2,"turns":4},{"damage":3,"enemies":"2 Louse","floor":3,"turns":2},{"damage":8,"enemies":"Gremlin Nob","floor":7,"turns":4},{"damage":7,"enemies":"Exordium Wildlife","floor":10,"turns":4},{"damage":10,"enemies":"3 Sentries","floor":11,"turns":3},{"damage":0,"enemies":"Large Slime","floor":12,"turns":3},{"damage":14,"enemies":"Replay:BlueRogue","floor":13,"turns":4},{"damage":0,"enemies":"3 Louse","floor":14,"turns":3},{"damage":24,"enemies":"Hexaghost","floor":16,"turns":5},{"damage":19,"enemies":"Spheric Guardian","floor":18,"turns":4},{"damage":20,"enemies":"3 Byrds","floor":20,"turns":4},{"damage":15,"enemies":"Book of Stabbing","floor":23,"turns":3},{"damage":0,"enemies":"Snecko","floor":28,"turns":2},{"damage":61,"enemies":"Collector","floor":33,"turns":5}],"seed_played":"2505496907699070","potions_obtained":[{"floor":2,"key":"LiquidMemories"},{"floor":3,"key":"SneckoOil"},{"floor":5,"key":"Flashbang"},{"floor":7,"key":"Energy Potion"},{"floor":12,"key":"DuplicationPotion"},{"floor":16,"key":"Weak Potion"},{"floor":18,"key":"HeartOfIron"},{"floor":20,"key":"FearPotion"}],"is_trial":false,"path_per_floor":["M","M","M","$","?","R","E","R","T","M","E","M","E","M","R","B",null,"M","?","M","?","?","E","R","?","T","R","M","T","$","$","R","B"],"character_chosen":"IRONCLAD","items_purchased":["Inflame","Explosive Potion","Replay:Baseball","SkillPotion"],"campfire_rested":0,"item_purchase_floors":[4,4,30,30],"current_hp_per_floor":[56,60,63,63,63,63,61,61,61,60,56,62,54,60,60,42,67,54,48,46,46,66,64,64,52,52,52,52,52,52,52,52,0,0],"gold":2,"neow_bonus":"HUNDRED_GOLD","is_daily":false,"chose_seed":false,"campfire_upgraded":6,"win_rate":0.0,"timestamp":1612147483,"path_taken":["M","M","M","$","?","R","E","R","T","?","E","M","E","M","R","BOSS","M","?","M","?","?","E","R","?","T","R","M","?","?","$","R","BOSS"],"items_purchased_type":["Card","Potion","Relic","Potion"],"build_version":"2020-12-22","purchased_purges":2,"victory":false,"max_hp_per_floor":[75,75,75,75,75,75,75,75,75,75,75,75,75,75,75,75,75,75,75,75,75,75,75,75,52,52,52,52,52,52,52,52,52,52],"relic_stats":{"Dream Catcher":0,"Nunchaku":[2],"counters":[15,57],"obtain_stats":[{"Potion Belt":29,"Dream Catcher":7,"Anchor":9,"hexamod:CandleOfCauterizing":13,"Nunchaku":26,"Replay:Baseball":30,"Another Sword":11,"Coffee Dripper":17,"Omamori":23,"Burning Blood":0},{"Potion Belt":14,"Dream Catcher":4,"Anchor":4,"hexamod:CandleOfCauterizing":8,"Nunchaku":13,"Replay:Baseball":14,"Another Sword":6,"Coffee Dripper":10,"Omamori":13,"Burning Blood":0},{"Potion Belt":52,"Dream Catcher":17,"Anchor":17,"hexamod:CandleOfCauterizing":31,"Nunchaku":50,"Replay:Baseball":52,"Another Sword":24,"Coffee Dripper":39,"Omamori":50,"Burning Blood":0}],"Burning Blood":78},"card_choices":[{"not_picked":["Body Slam","Pummel"],"picked":"Cleave","floor":1},{"not_picked":["ReplayTheSpireMod:Limb From Limb","Havoc"],"picked":"Shockwave","floor":2},{"not_picked":["Iron Wave","Dual Wield"],"picked":"Twin Strike","floor":3},{"not_picked":["Iron Wave","Dual Wield","Body Slam"],"picked":"SKIP","floor":7},{"not_picked":["Rage","Thunderclap"],"picked":"Sword Boomerang","floor":10},{"not_picked":["Thunderclap","Reckless Charge"],"picked":"ReplayTheSpireMod:Limb From Limb","floor":11},{"not_picked":["Massacre","Warcry","Clash"],"picked":"SKIP","floor":12},{"not_picked":["Body Slam","Clash"],"picked":"Replay:Undeath\u0027s Touch","floor":13},{"not_picked":["Barricade","Intimidate"],"picked":"True Grit","floor":14},{"not_picked":["Offering","Corruption"],"picked":"Reaper","floor":16},{"not_picked":["Anger","ReplayTheSpireMod:Strike From Hell"],"picked":"Havoc+1","floor":18},{"not_picked":["Uppercut","Flex"],"picked":"Power Through","floor":20},{"not_picked":["Havoc","Headbutt","Body Slam"],"picked":"SKIP","floor":23},{"not_picked":["Clothesline","Clash"],"picked":"Shockwave","floor":28}],"player_experience":1008982,"relics_obtained":[{"floor":7,"key":"Dream Catcher"},{"floor":9,"key":"Anchor"},{"floor":11,"key":"Another Sword"},{"floor":13,"key":"hexamod:CandleOfCauterizing"},{"floor":23,"key":"Omamori"},{"floor":26,"key":"Nunchaku"},{"floor":29,"key":"Potion Belt"}],"event_choices":[{"damage_healed":0,"gold_gain":0,"player_choice":"Got Potions","damage_taken":0,"max_hp_gain":0,"max_hp_loss":0,"event_name":"Lab","floor":5,"gold_loss":0},{"damage_healed":0,"gold_gain":0,"player_choice":"Joined the Cult","damage_taken":6,"max_hp_gain":0,"max_hp_loss":0,"event_name":"Nest","floor":19,"gold_loss":0,"cards_obtained":["RitualDagger"]},{"damage_healed":0,"gold_gain":0,"player_choice":"Became a vampire","damage_taken":0,"max_hp_gain":0,"max_hp_loss":23,"event_name":"Vampires","floor":25,"gold_loss":0,"cards_obtained":["Bite","Bite","Bite","Bite","Bite"]}],"is_beta":false,"boss_relics":[{"not_picked":["Replay:Wanted Poster","ReplayTheSpireMod:DimensionalGlitch"],"picked":"Coffee Dripper"}],"items_purged_floors":[4,30],"is_endless":false,"potions_floor_spawned":[2,3,7,12,16,18,20],"killed_by":"Collector","ascension_level":20}}