{"host":"2q4w55ev63ot6isg","time":1612199622,"event":{"mods":["Aspiration","BaseMod","Downfall","Hubris","Marisa????????","Minty Spire (QoL Compilation)","Replay The Spire","StSLib","The Cursed","The Jungle","The Servant 0.9.4"],"gold_per_floor":[119,119,132,132,149,2,33,33,111,121,61,76,102,113,113,218,218,232,246,521,150,168,168,196,206,206,225,225,225,225,256,256,352,352,365,365,7,23,35,68,68,68,93,0,16,16,16,70,70,70],"floor_reached":51,"language":"ENG","playtime":2091,"items_purged":["Regret","Shame"],"score":1198,"play_id":"a0d93388-7280-40f5-bd0c-1b0a321bffb4","local_time":"20210201091342","is_ascension_mode":true,"campfire_choices":[{"data":"Feed","floor":8,"key":"SMITH"},{"floor":15,"key":"REST"},{"floor":23,"key":"REST"},{"floor":28,"key":"REST"},{"floor":30,"key":"REST"},{"data":"Eclipse","floor":32,"key":"SMITH"},{"data":"Feel No Pain","floor":42,"key":"SMITH"},{"data":"Eclipse","floor":47,"key":"SMITH"},{"data":"Armaments","floor":49,"key":"SMITH"}],"circlet_count":0,"master_deck":["Strike_R","Strike_R","Strike_R","Strike_R","Defend_R","Defend_R","Defend_R","Defend_R","Bash","Feed+1","Shrug It Off","Heavy Blade","Armaments","Replay:Parry+1","Armaments+1","Armaments+1","Metallicize","Eclipse+1","Armaments+1","ReplayTheSpireMod:Brewmster","Secret Technique","Master of Strategy","Jack Of All Trades+1","Feel No Pain+1","Havoc","Inflame","Hemogenesis","Demon Form","Eclipse+1","Flame Barrier+1","True Grit","Limit Break","Madness","Madness","hubris:Wrath","Metallicize+1","Injury","Replay:Undeath\u0027s Touch+1"],"relics":["Cursed Key","Mercury Hourglass","Toolbox","Blue Doll","Snack Pack","Letter Opener","hubris:Backtick","Dead Branch","ReplayTheSpireMod:ShopPack","Bag of Preparation","Gremlin Food","Bag of Marbles","ChewingGum","hubris:CrystalStatue","Vajra","ReplayFunnel","Red Mask","Replay:Rubber Ducky","Magic Flower"],"acts_visited":["Exordium","TheCity","TheBeyond"],"potions_floor_usage":[7,7,7,7,13,13,16,16,16,16,16,16,18,22,22,24,24,24,33,33,33,33,50],"damage_taken":[{"damage":3,"enemies":"2 Louse","floor":1,"turns":3},{"damage":2,"enemies":"Jaw Worm","floor":3,"turns":3},{"damage":0,"enemies":"Cultist","floor":5,"turns":2},{"damage":16,"enemies":"3 Sentries","floor":7,"turns":7},{"damage":23,"enemies":"Exordium Wildlife","floor":10,"turns":7},{"damage":4,"enemies":"Red Slaver","floor":12,"turns":4},{"damage":20,"enemies":"Lagavulin","floor":13,"turns":6},{"damage":13,"enemies":"Large Slime","floor":14,"turns":6},{"damage":3,"enemies":"Slime Boss","floor":16,"turns":8},{"damage":0,"enemies":"Chosen","floor":18,"turns":4},{"damage":0,"enemies":"3 Byrds","floor":19,"turns":3},{"damage":52,"enemies":"Shelled Parasite and Fungi","floor":22,"turns":4},{"damage":39,"enemies":"Gremlin Leader","floor":24,"turns":6},{"damage":18,"enemies":"3 Cultists","floor":25,"turns":3},{"damage":0,"enemies":"Cultist and Chosen","floor":27,"turns":5},{"damage":0,"enemies":"Book of Stabbing","floor":31,"turns":1},{"damage":10,"enemies":"Collector","floor":33,"turns":7},{"damage":0,"enemies":"Orb Walker","floor":35,"turns":1},{"damage":0,"enemies":"3 Shapes","floor":38,"turns":2},{"damage":0,"enemies":"Transient","floor":39,"turns":5},{"damage":3,"enemies":"Giant Head","floor":40,"turns":5},{"damage":10,"enemies":"Writhing Mass","floor":45,"turns":3},{"damage":1,"enemies":"2 Orb Walkers","floor":48,"turns":2},{"damage":0,"enemies":"Donu and Deca","floor":50,"turns":3}],"seed_played":"3625327755508403604","potions_obtained":[{"floor":3,"key":"Strength Potion"},{"floor":12,"key":"AttackPotion"},{"floor":14,"key":"BloodPotion"},{"floor":22,"key":"ElixirPotion"},{"floor":25,"key":"Elixir"},{"floor":27,"key":"ElixirPotion"},{"floor":33,"key":"LiquidBronze"}],"is_trial":false,"path_per_floor":["M","?","M","T","M","$","E","R","T","M","$","M","E","M","R","B",null,"M","M","?","$","M","R","E","M","T","M","R","?","R","E","R","B",null,"M","?","$","M","M","E","?","R","T","?","M","T","R","?","R","B",null],"character_chosen":"IRONCLAD","items_purchased":["Toolbox","Replay:Parry+1","ReplayTheSpireMod:ShopPack","ReplayTheSpireMod:Brewmster","hubris:CrystalStatue"],"campfire_rested":4,"item_purchase_floors":[6,11,21,21,37],"current_hp_per_floor":[69,69,70,70,73,73,60,60,60,41,41,37,23,12,39,56,84,86,86,86,86,38,65,34,18,18,20,47,47,74,78,78,75,89,91,91,91,93,93,93,81,81,81,81,79,79,79,82,82,93],"gold":70,"neow_bonus":"BOSS_RELIC","is_daily":false,"chose_seed":false,"campfire_upgraded":5,"win_rate":0.0,"timestamp":1612199622,"path_taken":["M","?","M","?","M","$","E","R","T","?","$","M","E","M","R","BOSS","M","M","?","$","?","R","E","M","T","M","R","?","R","E","R","BOSS","M","?","$","?","M","E","?","R","T","?","?","?","R","?","R","BOSS"],"items_purchased_type":["Relic","Card","Relic","Card","Relic"],"build_version":"2020-12-22","purchased_purges":2,"victory":true,"max_hp_per_floor":[80,80,83,83,86,86,89,89,89,93,93,93,93,93,93,93,93,93,93,93,93,93,93,93,93,93,93,93,93,93,93,93,93,93,93,93,93,93,93,93,93,93,93,93,93,93,93,93,93,93],"card_choices":[{"not_picked":["Havoc","Headbutt","Wild Strike"],"picked":"SKIP","floor":1},{"not_picked":["Defy Death","Sword Boomerang"],"picked":"Shrug It Off","floor":3},{"not_picked":["Disarm","ReplayTheSpireMod:Stacked"],"picked":"Heavy Blade","floor":5},{"not_picked":["hubris:SharpeningStone","Replay:Undeath\u0027s Touch","hubris:ReadiedAction"],"picked":"SKIP","floor":7},{"not_picked":["Evolve","Thunderclap"],"picked":"Armaments","floor":10},{"not_picked":["hubris:ReadiedAction","Second Wind"],"picked":"Armaments","floor":12},{"not_picked":["Cleave","Dual Wield"],"picked":"Armaments","floor":13},{"not_picked":["Heavy Blade","Twin Strike"],"picked":"Metallicize","floor":14},{"not_picked":["Immolate","Feed"],"picked":"Eclipse","floor":16},{"not_picked":["Perfected Strike","Run Through"],"picked":"Armaments+1","floor":18},{"not_picked":["Clothesline","Evolve","Clash"],"picked":"SKIP","floor":19},{"not_picked":["Crow Ritual","ReplayTheSpireMod:Brewmster"],"picked":"Secret Technique","floor":21},{"not_picked":["PanicButton","Bandage Up"],"picked":"Master of Strategy","floor":21},{"not_picked":["Replay:BasicMightCard","Deep Breath"],"picked":"Jack Of All Trades","floor":21},{"not_picked":["Run Through","Searing Blow"],"picked":"Feel No Pain","floor":22},{"not_picked":["Heavy Blade","Entrench"],"picked":"Havoc","floor":24},{"not_picked":["True Grit","Perfected Strike"],"picked":"Inflame","floor":25},{"not_picked":["Body Slam","Run Through"],"picked":"Hemogenesis","floor":27},{"not_picked":["Run Through","Twin Strike"],"picked":"Demon Form","floor":31},{"not_picked":["Berserk","Immolate"],"picked":"Eclipse","floor":33},{"not_picked":["Headbutt+1","Iron Wave+1","Armaments"],"picked":"SKIP","floor":35},{"not_picked":["Blood for Blood+1","Sever Soul"],"picked":"Flame Barrier+1","floor":38},{"not_picked":["Anger","Iron Wave+1"],"picked":"True Grit","floor":39},{"not_picked":["Spot Weakness+1","ReplayTheSpireMod:Strike From Hell+1"],"picked":"Limit Break","floor":40},{"not_picked":["Dropkick","Inflame+1"],"picked":"Metallicize+1","floor":45},{"not_picked":["Heavy Blade","ReplayTheSpireMod:Strike From Hell+1"],"picked":"Replay:Undeath\u0027s Touch+1","floor":48}],"player_experience":197009,"relics_obtained":[{"floor":4,"key":"Mercury Hourglass"},{"floor":7,"key":"Blue Doll"},{"floor":9,"key":"Snack Pack"},{"floor":13,"key":"Letter Opener"},{"floor":24,"key":"Bag of Preparation"},{"floor":26,"key":"Gremlin Food"},{"floor":31,"key":"Bag of Marbles"},{"floor":40,"key":"Vajra"},{"floor":43,"key":"ReplayFunnel"},{"floor":46,"key":"Replay:Rubber Ducky"},{"floor":48,"key":"Magic Flower"}],"event_choices":[{"damage_healed":0,"gold_gain":0,"cards_transformed":["Strike_R"],"player_choice":"Change","damage_taken":0,"max_hp_gain":0,"max_hp_loss":0,"event_name":"Living Wall","floor":2,"gold_loss":0,"cards_obtained":["Feed"]},{"damage_healed":0,"gold_gain":275,"player_choice":"Desecrate","damage_taken":0,"max_hp_gain":0,"max_hp_loss":0,"event_name":"Golden Shrine","floor":20,"gold_loss":0,"cards_obtained":["Regret"]},{"cards_removed":["downfall:Bewildered"],"damage_healed":0,"gold_gain":0,"player_choice":"Purged","damage_taken":0,"max_hp_gain":0,"max_hp_loss":0,"event_name":"Purifier","floor":36,"gold_loss":0},{"damage_healed":0,"gold_gain":0,"player_choice":"Embrace Madness","damage_taken":12,"max_hp_gain":0,"max_hp_loss":0,"event_name":"Winding Halls","floor":41,"gold_loss":0,"cards_obtained":["Madness","Madness"]},{"damage_healed":0,"gold_gain":0,"player_choice":"Paid","damage_taken":0,"relics_obtained":["Red Mask"],"max_hp_gain":0,"max_hp_loss":0,"event_name":"Tomb of Lord Red Mask","floor":44,"gold_loss":93},{"damage_healed":0,"gold_gain":0,"player_choice":"Fight","damage_taken":0,"max_hp_gain":0,"max_hp_loss":0,"event_name":"Mysterious Sphere","floor":48,"gold_loss":0}],"is_beta":false,"boss_relics":[{"not_picked":["Replay:Ancient Bell","Ooze Armor"],"picked":"hubris:Backtick"},{"not_picked":["Pandora\u0027s Box","Runic Cube"],"picked":"ChewingGum"}],"items_purged_floors":[21,37],"is_endless":false,"potions_floor_spawned":[3,12,14,22,25,27,33,38,40],"ascension_level":6}}