{"host":"p8f0otjoacyb9giz","time":1612197543,"event":{"mods":["AchievementEnabler","BaseMod","Downfall","Minty Spire (QoL Compilation)","StSLib"],"gold_per_floor":[99,127,148,168,268,296,296,305,330,348,382,182,222,260,291,303,303,303],"floor_reached":16,"language":"ENG","playtime":615,"items_purged":[],"score":155,"play_id":"9217cecf-263d-4784-bbb7-3c4b8aba0d7e","local_time":"20210201193903","is_ascension_mode":true,"campfire_choices":[{"floor":1,"key":"RECALL"},{"data":"sneckomod:Unknown2Cost","floor":12,"key":"SMITH"}],"circlet_count":0,"master_deck":["sneckomod:Strike+1","sneckomod:Strike","sneckomod:Strike","sneckomod:Defend","sneckomod:Defend","sneckomod:Defend+1","sneckomod:TailWhip","sneckomod:SnekBite+1","sneckomod:Unknown","sneckomod:Unknown","CurseOfTheBell","sneckomod:Unknown2Cost+1","sneckomod:UnknownCommonAttack","sneckomod:RainOfDice","sneckomod:DiceBlock","downfall:Malfunctioning","sneckomod:UnknownRareAttack","sneckomod:WideSting","sneckomod:SnekBeam","sneckomod:SnekBeam","sneckomod:Unknown1Cost"],"relics":["Calling Bell","CeramicFish","Sundial","champ:DeflectingBracers","Bottled Lightning","downfall:HeartBlessingRed","downfall:HeartBlessingBlue","MawBank"],"acts_visited":["Exordium"],"potions_floor_usage":[9,13,13,16],"damage_taken":[{"damage":4,"enemies":"2 Louse","floor":2,"turns":2},{"damage":8,"enemies":"Jaw Worm","floor":3,"turns":4},{"damage":7,"enemies":"Small Slimes","floor":4,"turns":3},{"damage":9,"enemies":"Red Slaver","floor":6,"turns":3},{"damage":8,"enemies":"Lots of Slimes","floor":9,"turns":3},{"damage":0,"enemies":"Exordium Wildlife","floor":10,"turns":3},{"damage":16,"enemies":"Gremlin Nob","floor":11,"turns":4},{"damage":0,"enemies":"3 Sentries","floor":13,"turns":4},{"damage":22,"enemies":"Exordium Thugs","floor":14,"turns":3},{"damage":12,"enemies":"2 Fungi Beasts","floor":15,"turns":2},{"damage":3,"enemies":"SI_SHIV_ARCHETYPE","floor":16,"turns":5}],"seed_played":"2084734462331855483","potions_obtained":[{"floor":4,"key":"Explosive Potion"},{"floor":9,"key":"Explosive Potion"},{"floor":10,"key":"Energy Potion"},{"floor":11,"key":"FearPotion"},{"floor":15,"key":"LiquidBronze"}],"is_trial":false,"path_per_floor":["R","M","M","M","?","M","T","?","M","M","E","R","E","M","M","B"],"character_chosen":"THE_SNECKO","items_purchased":[],"campfire_rested":0,"item_purchase_floors":[],"current_hp_per_floor":[90,86,78,71,71,62,62,62,54,54,38,48,48,26,14,11,11,11],"gold":303,"neow_bonus":"BOSS_RELIC","is_daily":false,"chose_seed":false,"campfire_upgraded":1,"win_rate":0.0,"timestamp":1612197543,"path_taken":["R","M","M","M","?","M","T","?","M","M","E","R","E","M","M","BOSS"],"items_purchased_type":[],"build_version":"2020-12-22","purchased_purges":0,"victory":false,"max_hp_per_floor":[90,90,90,90,90,90,90,90,90,90,90,100,100,100,100,100,100,100],"card_choices":[{"not_picked":["sneckomod:UnknownWeak","sneckomod:UnknownX"],"picked":"sneckomod:Unknown2Cost","floor":2},{"not_picked":["sneckomod:MixItUp","sneckomod:UnknownCommonAttack","sneckomod:Rotation"],"picked":"SKIP","floor":3},{"not_picked":["sneckomod:MixItUp","sneckomod:Rotation"],"picked":"sneckomod:UnknownCommonAttack","floor":3},{"not_picked":["sneckomod:DiceBlock","sneckomod:SoulDraw"],"picked":"sneckomod:RainOfDice","floor":4},{"not_picked":["sneckomod:UnknownDraw","sneckomod:SoulCleanse"],"picked":"sneckomod:DiceBlock","floor":6},{"not_picked":["sneckomod:DiceBlock","sneckomod:WideSting"],"picked":"sneckomod:UnknownRareAttack","floor":9},{"not_picked":["sneckomod:SoulRoll","sneckomod:UnknownCommonAttack","sneckomod:TrashToTreasure"],"picked":"SKIP","floor":10},{"not_picked":["sneckomod:RainOfDice","sneckomod:UnknownBlock"],"picked":"sneckomod:WideSting","floor":11},{"not_picked":["sneckomod:SoulRoll","sneckomod:Unknown0Cost"],"picked":"sneckomod:SnekBeam","floor":13},{"not_picked":["sneckomod:DiceBlock","sneckomod:Nope"],"picked":"sneckomod:SnekBeam","floor":14},{"not_picked":["sneckomod:MasterEye","sneckomod:DefensiveFlair"],"picked":"sneckomod:Unknown1Cost","floor":15}],"player_experience":430629,"relics_obtained":[{"floor":0,"key":"CeramicFish"},{"floor":0,"key":"Sundial"},{"floor":0,"key":"champ:DeflectingBracers"},{"floor":11,"key":"Bottled Lightning"},{"floor":13,"key":"MawBank"}],"event_choices":[],"is_beta":false,"boss_relics":[],"items_purged_floors":[],"is_endless":false,"potions_floor_spawned":[4,9,10,11,15],"killed_by":"SI_SHIV_ARCHETYPE","ascension_level":2}}