{"host":"2se5dq1do2gp0x9k","time":1612143731,"event":{"mods":["AchievementEnabler","BaseMod","Block Reminder","Colored Map","Colored Powertips","Minty Spire (QoL Compilation)","Relic Stats","StSLib","SuperFastMode"],"gold_per_floor":[114,114,131,56,56,87,87,237,237,16,91,118,118,33,33,131,131,96,112,112,127,152,152,152,152],"floor_reached":24,"language":"ENG","playtime":477,"items_purged":["Strike_G","Doubt"],"score":484,"play_id":"a58f46a8-7d06-4504-a7c6-987af8db1919","local_time":"20210131174211","is_ascension_mode":true,"campfire_choices":[{"data":"Deadly Poison","floor":7,"key":"SMITH"},{"data":"Catalyst","floor":15,"key":"SMITH"},{"floor":23,"key":"REST"}],"circlet_count":0,"master_deck":["AscendersBane","Strike_G","Strike_G","Strike_G","Strike_G","Defend_G","Defend_G","Defend_G","Defend_G","Defend_G","Survivor","Neutralize","Deadly Poison+1","Bouncing Flask","Bane","Dagger Spray","Catalyst+1","Footwork","Noxious Fumes","Wraith Form v2","Leg Sweep+1","Deadly Poison+1","Deadly Poison"],"relics":["Ring of the Snake","NeowsBlessing","Golden Idol","Tiny Chest","PreservedInsect","Toy Ornithopter","Philosopher\u0027s Stone"],"acts_visited":["Exordium","TheCity"],"potions_floor_usage":[19,21],"damage_taken":[{"damage":0.0,"enemies":"2 Louse","floor":1.0,"turns":1.0},{"damage":0,"enemies":"Cultist","floor":3,"turns":1},{"damage":0,"enemies":"Lagavulin","floor":6,"turns":1},{"damage":12,"enemies":"The Guardian","floor":16,"turns":7},{"damage":22,"enemies":"2 Thieves","floor":18,"turns":5},{"damage":19,"enemies":"3 Byrds","floor":19,"turns":6},{"damage":0,"enemies":"Centurion and Healer","floor":21,"turns":5},{"damage":15,"enemies":"Cultist and Chosen","floor":22,"turns":6},{"damage":39,"enemies":"Book of Stabbing","floor":24,"turns":3}],"seed_played":"624132526022655725","potions_obtained":[{"floor":1.0,"key":"DuplicationPotion"},{"floor":16,"key":"DistilledChaos"},{"floor":22,"key":"Regen Potion"}],"is_trial":false,"path_per_floor":["M","?","M","$","?","E","R","?","T","$","?","T","?","$","R","B",null,"M","M","?","M","M","R","E"],"character_chosen":"THE_SILENT","items_purchased":["Catalyst","Footwork","Noxious Fumes"],"campfire_rested":1,"item_purchase_floors":[10,10,14],"current_hp_per_floor":[59,59,59,59,59,59,59,59,59,59,48,48,22,22,22,10,48,26,12,24,29,14,32,0,0],"gold":152,"neow_bonus":"THREE_ENEMY_KILL","is_daily":false,"chose_seed":false,"campfire_upgraded":2,"win_rate":0.0,"timestamp":1612143731,"path_taken":["M","?","?","$","?","E","R","?","T","?","?","?","?","$","R","BOSS","M","M","?","M","M","R","E"],"items_purchased_type":["Card","Card","Card"],"build_version":"2020-12-22","purchased_purges":2,"victory":false,"max_hp_per_floor":[66,66,66,66,60,60,60,60,60,60,60,60,60,60,60,60,60,60,60,60,60,60,60,60,60],"relic_stats":{"counters":[9,35],"Golden Idol":42,"Tiny Chest":1,"PreservedInsect":42,"obtain_stats":[{"NeowsBlessing":0,"Golden Idol":5,"Tiny Chest":6,"Philosopher\u0027s Stone":17,"PreservedInsect":12,"Toy Ornithopter":13,"Ring of the Snake":0},{"NeowsBlessing":0,"Golden Idol":2,"Tiny Chest":3,"Philosopher\u0027s Stone":4,"PreservedInsect":3,"Toy Ornithopter":3,"Ring of the Snake":0},{"NeowsBlessing":0,"Golden Idol":2,"Tiny Chest":3,"Philosopher\u0027s Stone":10,"PreservedInsect":3,"Toy Ornithopter":3,"Ring of the Snake":0}],"Toy Ornithopter":10,"Ring of the Snake":[18]},"card_choices":[{"not_picked":["Noxious Fumes","Deflect"],"picked":"Deadly Poison","floor":1.0},{"not_picked":["Blade Dance","Terror"],"picked":"Bane","floor":3},{"not_picked":["Backflip","Backstab"],"picked":"Dagger Spray","floor":6},{"not_picked":["Glass Knife","Doppelganger"],"picked":"Wraith Form v2","floor":16},{"not_picked":["Skewer","Dagger Throw"],"picked":"Leg Sweep+1","floor":18},{"not_picked":["Acrobatics","Concentrate"],"picked":"Deadly Poison+1","floor":19},{"not_picked":["Flying Knee","Blade Dance"],"picked":"Deadly Poison","floor":21},{"not_picked":["Quick Slash+1","Heel Hook","Sucker Punch"],"picked":"SKIP","floor":22}],"player_experience":4033568,"relics_obtained":[{"floor":6,"key":"Tiny Chest"},{"floor":12,"key":"PreservedInsect"}],"event_choices":[{"damage_healed":0,"gold_gain":0,"player_choice":"1 cards matched","damage_taken":0,"max_hp_gain":0,"max_hp_loss":0,"event_name":"Match and Keep!","floor":2,"gold_loss":0,"cards_obtained":["Bouncing Flask"]},{"damage_healed":0,"gold_gain":0,"player_choice":"Lose Max HP","damage_taken":0,"relics_obtained":["Golden Idol"],"max_hp_gain":0,"max_hp_loss":6,"event_name":"Golden Idol","floor":5,"gold_loss":0},{"damage_healed":0,"gold_gain":150,"player_choice":"AGREE","damage_taken":0,"max_hp_gain":0,"max_hp_loss":0,"event_name":"Liars Game","floor":8,"gold_loss":0,"cards_obtained":["Doubt"]},{"damage_healed":0,"gold_gain":75,"player_choice":"Gather Gold","damage_taken":11,"max_hp_gain":0,"max_hp_loss":0,"event_name":"World of Goop","floor":11,"gold_loss":0},{"damage_healed":0,"gold_gain":0,"player_choice":"Success","damage_taken":26,"relics_obtained":["Toy Ornithopter"],"max_hp_gain":0,"max_hp_loss":0,"event_name":"Scrap Ooze","floor":13,"gold_loss":0},{"damage_healed":12,"gold_gain":0,"player_choice":"Heal","damage_taken":0,"max_hp_gain":0,"max_hp_loss":0,"event_name":"The Library","floor":20,"gold_loss":0}],"is_beta":false,"boss_relics":[{"not_picked":["HoveringKite","Tiny House"],"picked":"Philosopher\u0027s Stone"}],"items_purged_floors":[4,10],"is_endless":false,"potions_floor_spawned":[1,16,18,22],"killed_by":"Book of Stabbing","ascension_level":20}}