{"host":"cfluht5kr2kfk9p9","time":1612192597,"event":{"mods":["ATMod(阿瑾Mod)","Act Like it!","Arknights","BaseMod","Gensokyo","Highlight Path","Minty Spire (QoL Compilation)","Quick Restart","Rare Cards Sparkle","Reimu（博丽灵梦）","Relic Stats","RumiaBox-露米娅的神秘盒子","Spicy Shops","StSLib","TestMod","【功能Mod】混沌之环修复补丁"],"gold_per_floor":[112,512,512,525,540,572,572,604,676,85,111,161,211,222,222,319,319,337,110,128,140,190,190,219,219,266,316,356,0,105,129,129,283,283,318,242,336,386,436,436,494,544,544,595,703,762,509,541,541,666,666,666,246,324,349],"floor_reached":56,"language":"ZHS","playtime":2752,"items_purged":["ats:Strike S","ats:Fractured Body+1","ats:Strike C+1","ats:Armor Crushing Shot"],"score":1876,"play_id":"711f1f5b-4246-4273-902f-aaae78a30df0","local_time":"20210201231637","is_ascension_mode":true,"campfire_choices":[{"data":"ats:Emotion Absorption","floor":7.0,"key":"SMITH"},{"data":"ats:Absolute Focus","floor":15.0,"key":"SMITH"},{"data":"ats:Phantom","floor":23.0,"key":"SMITH"},{"data":"ats:Durian","floor":25.0,"key":"SMITH"},{"data":"ats:Assault Order","floor":32.0,"key":"SMITH"},{"data":"ats:Echo Reverb","floor":40,"key":"SMITH"},{"floor":49,"key":"RECALL"},{"data":"ats:Curse Doll","floor":52,"key":"SMITH"}],"circlet_count":0,"master_deck":["ats:Defend+1","ats:Defend+1","ats:Defend+1","ats:Emotion Absorption+1","AT_ShadowStep+1","ats:Sashimi Platter+1","ats:Absolute Focus+1","ats:Closed Bolt Burst Fire+1","ats:Apocalypse+1","ats:Durian+1","ats:Literary Storm+1","ats:Shadow Raid+1","ats:Phantom+1","ats:Serious Mode+1","ats:Assault Order+1","ats:Curse Doll+1","ats:Chain Hook"],"relics":["ats:Sanity","testmod-TestBox","testmod-HeartOfStrike","NeowsBlessing","Baka","SsserpentHead","ats:Originium","TungstenRod","Happy Flower","Question Card","GodSword7","AT_ChloranthyRing","Juzu Bracelet","GodSword6","ClockworkSouvenir","Medical Kit","AT_RedNoBalance","AT_MibuBalloonWealth","Blue Candle","Sundial","ats:Tactical Delivery","GodSword5","StrikeDummy","Gensokyo:EmptyGrave","ats:Lavender","FossilizedHelix","Boot","Omamori","AT_SilvercatRing","Pocketwatch","Anchor"],"acts_visited":["Exordium","Exordium","Gensokyo:Gensokyoer","TheEnding"],"potions_floor_usage":[55,55,55,55],"damage_taken":[{"damage":0.0,"enemies":"Small Slimes","floor":1.0,"turns":1.0},{"damage":0.0,"enemies":"2 Louse","floor":4.0,"turns":1.0},{"damage":0.0,"enemies":"Cultist","floor":5.0,"turns":1.0},{"damage":10.0,"enemies":"Gremlin Nob","floor":6.0,"turns":3.0},{"damage":18.0,"enemies":"3 Sentries","floor":8.0,"turns":3.0},{"damage":17.0,"enemies":"Gremlin Nob","floor":11.0,"turns":3.0},{"damage":0.0,"enemies":"2 Fungi Beasts","floor":14.0,"turns":2.0},{"damage":13.0,"enemies":"Slime Boss","floor":16.0,"turns":5.0},{"damage":0.0,"enemies":"Gensokyo:2_Gloops","floor":18.0,"turns":2.0},{"damage":0.0,"enemies":"Gensokyo:Chomper","floor":20.0,"turns":3.0},{"damage":0.0,"enemies":"Gensokyo:Slime_Group","floor":21.0,"turns":3.0},{"damage":5.0,"enemies":"Gensokyo:Reisen","floor":24.0,"turns":4.0},{"damage":0.0,"enemies":"Gensokyo:Koishi","floor":28.0,"turns":2.0},{"damage":10.0,"enemies":"Gensokyo:Reisen","floor":30.0,"turns":1.0},{"damage":30.0,"enemies":"Gensokyo:Mirror_and_Dog","floor":31.0,"turns":3.0},{"damage":117.0,"enemies":"Gensokyo:Eternal_Rivals","floor":33.0,"turns":10.0},{"damage":28.0,"enemies":"Gensokyo:AncientGuardian","floor":35.0,"turns":5.0},{"damage":16.0,"enemies":"Gensokyo:3_Boulders","floor":37.0,"turns":4.0},{"damage":48,"enemies":"Gensokyo:Marisa","floor":41,"turns":4},{"damage":13,"enemies":"Gensokyo:Doremy","floor":44,"turns":4},{"damage":6,"enemies":"Gensokyo:4_Bats","floor":45,"turns":2},{"damage":33,"enemies":"Gensokyo:Marisa","floor":46,"turns":2},{"damage":20,"enemies":"Gensokyo:Doremy","floor":48,"turns":3},{"damage":0,"enemies":"Gensokyo:Yuyuko","floor":50,"turns":2},{"damage":130,"enemies":"Shield and Spear","floor":54,"turns":10},{"damage":90,"enemies":"The Heart","floor":55,"turns":6}],"seed_played":"-4185214381074953671","potions_obtained":[{"floor":1.0,"key":"SpeedPotion"},{"floor":4.0,"key":"EssenceOfSteel"},{"floor":8.0,"key":"ats:Emergency Sanity Potion"},{"floor":20.0,"key":"testmod-SpacePotion"},{"floor":30.0,"key":"Swift Potion"},{"floor":33.0,"key":"LiquidMemories"},{"floor":41,"key":"Block Potion"},{"floor":46,"key":"GrandPatriotsElixir:ReiMu"},{"floor":48,"key":"AttackPotion"}],"is_trial":false,"path_per_floor":["M","?","?","M","M","E","R","E","T","$","E","?","?","M","R","B",null,"M","$","M","M","?","R","E","R","T","?","E","?","E","M","R","B",null,"M","COS","M","?","?","R","E","?","T","E","M","E","$","E","R","B",null,"R","$","E","B",null],"character_chosen":"DOCTOR_CLASS","items_purchased":["GodSword7","AT_ChloranthyRing","ats:Closed Bolt Burst Fire","Juzu Bracelet","ClockworkSouvenir","Omamori","Pocketwatch"],"campfire_rested":0,"item_purchase_floors":[10,10,10,10,19,47,53],"current_hp_per_floor":[72,72,72,72,72,71,71,65,65,65,66,47,52,61,61,78,100,107,107,107,107,107,107,107,107,107,107,80,80,70,107,107,78,100,107,107,107,87,87,87,59,59,59,69,99,99,99,99,99,99,99,99,99,99,99],"gold":349,"neow_bonus":"THREE_ENEMY_KILL","is_daily":false,"chose_seed":false,"campfire_upgraded":7,"win_rate":0.0,"timestamp":1612192597,"path_taken":["M","?","?","M","M","E","R","E","T","$","E","?","?","M","R","BOSS","M","$","M","M","?","R","E","R","T","?","E","?","E","M","R","BOSS","M","COS","M","?","?","R","E","?","T","E","M","E","$","E","R","BOSS","R","$","E","BOSS"],"items_purchased_type":["Relic","Relic","Card","Relic","Relic","Relic","Relic"],"build_version":"2020-12-22","purchased_purges":4,"victory":true,"max_hp_per_floor":[72,72,72,102,102,102,102,102,102,102,102,102,107,107,107,107,107,107,107,107,107,107,107,107,107,107,107,107,107,107,107,107,107,107,107,107,107,107,107,107,107,99,99,99,99,99,99,99,99,99,99,99,99,99,99],"relic_stats":{"SsserpentHead":400,"Happy Flower":[26],"counters":[26,89],"Sundial":[16],"Blue Candle":[0],"Juzu Bracelet":1,"Question Card":22,"Medical Kit":[9],"Boot":[0],"obtain_stats":[{"testmod-HeartOfStrike":0,"AT_ATBox":0,"AT_MibuBalloonWealth":26,"Juzu Bracelet":10,"Boot":46,"ClockworkSouvenir":19,"SsserpentHead":3,"Frozen Eye":28,"Sundial":30,"ats:Sanity":0,"AT_RedNoBalance":28,"AT_ChloranthyRing":10,"testmod-TestBox":0,"NeowsBlessing":0,"Happy Flower":8,"ats:Lavender":44,"Astrolabe":17,"Blue Candle":28,"AT_SilverBalance":24,"Baka":1,"Omamori":47,"AT_SilvercatRing":48,"Question Card":9,"Medical Kit":22,"Gensokyo:EmptyGrave":42,"Anchor":54,"ats:Originium":6,"GodSword7":10,"ats:Tactical Delivery":34,"GodSword6":11,"GodSword5":38,"StrikeDummy":41,"TungstenRod":6,"FossilizedHelix":45,"Pocketwatch":53},{"testmod-HeartOfStrike":0,"AT_ATBox":0,"AT_MibuBalloonWealth":12,"Juzu Bracelet":5,"Boot":22,"ClockworkSouvenir":9,"SsserpentHead":1,"Frozen Eye":12,"Sundial":14,"ats:Sanity":0,"AT_RedNoBalance":13,"AT_ChloranthyRing":5,"testmod-TestBox":0,"NeowsBlessing":0,"Happy Flower":5,"ats:Lavender":20,"Astrolabe":8,"Blue Candle":13,"AT_SilverBalance":12,"Baka":1,"Omamori":22,"AT_SilvercatRing":23,"Question Card":5,"Medical Kit":11,"Gensokyo:EmptyGrave":19,"Anchor":25,"ats:Originium":4,"GodSword7":5,"ats:Tactical Delivery":16,"GodSword6":6,"GodSword5":18,"StrikeDummy":19,"TungstenRod":4,"FossilizedHelix":21,"Pocketwatch":24},{"testmod-HeartOfStrike":0,"AT_ATBox":0,"AT_MibuBalloonWealth":31,"Juzu Bracelet":9,"Boot":68,"ClockworkSouvenir":21,"SsserpentHead":1,"Frozen Eye":31,"Sundial":34,"ats:Sanity":0,"AT_RedNoBalance":31,"AT_ChloranthyRing":9,"testmod-TestBox":0,"NeowsBlessing":0,"Happy Flower":9,"ats:Lavender":64,"Astrolabe":19,"Blue Candle":33,"AT_SilverBalance":31,"Baka":1,"Omamori":68,"AT_SilvercatRing":71,"Question Card":9,"Medical Kit":27,"Gensokyo:EmptyGrave":60,"Anchor":83,"ats:Originium":6,"GodSword7":9,"ats:Tactical Delivery":47,"GodSword6":12,"GodSword5":56,"StrikeDummy":60,"TungstenRod":6,"FossilizedHelix":65,"Pocketwatch":73}],"TungstenRod":155,"Pocketwatch":[6]},"card_choices":[{"not_picked":["ats:Red Shift","ats:Shell Defense"],"picked":"ats:Sashimi Platter","floor":1.0},{"not_picked":["ats:Guard Mode","ats:Leaping Hammer","ats:Beaten Up"],"picked":"SKIP","floor":4.0},{"not_picked":["ats:Hammer On","ats:Flame Of Heaven","ats:Consecutive Shot Auto"],"picked":"SKIP","floor":5.0},{"not_picked":["ats:Poison Spread","ats:Burning Ground"],"picked":"ats:Closed Bolt Burst Fire","floor":6.0},{"not_picked":["ats:Charging Defense","ats:Encircling Forest"],"picked":"ats:Absolute Focus","floor":8.0},{"not_picked":["ats:Consecutive Shot Auto","ats:Blood Oath","ats:Sunburst"],"picked":"ats:Apocalypse","floor":11.0},{"not_picked":["ats:Consecutive Shot Auto","ats:Blood Oath","ats:Apocalypse"],"picked":"ats:Durian","floor":14.0},{"not_picked":["ats:Roar Of Ursus","ats:Durian","ats:Ambush"],"picked":"ats:Echo Reverb","floor":16.0},{"not_picked":["ats:Powerful Strike","ats:Leaping Hammer","ats:Apocalypse"],"picked":"ats:Phantom","floor":18.0},{"not_picked":["ats:Explosion Area Strengthen","ats:Shadow Raid","ats:Guard Mode","ats:Absolute Focus"],"picked":"SKIP","floor":20.0},{"not_picked":["ats:Very Hot Blade+1","ats:Shell Defense","ats:Blood Oath","ats:Poison Spread"],"picked":"SKIP","floor":21.0},{"not_picked":["ats:Thermite Blade","ats:Hammer On","ats:Sunburst+1"],"picked":"ats:Serious Mode","floor":24.0},{"not_picked":["ats:Roar Of Ursus","ats:Flexible Camouflage","ats:Composite Medical Shells+1","ats:Consecutive Shot Auto"],"picked":"SKIP","floor":28.0},{"not_picked":["ats:Leaping Hammer","ats:Flexible Camouflage+1","ats:Consecutive Shot Auto"],"picked":"ats:Assault Order","floor":30.0},{"not_picked":["ats:Shell Defense","ats:Literary Storm","ats:Absolute Focus"],"picked":"ats:Curse Doll","floor":31.0},{"not_picked":["ats:Explosion Area Strengthen+1","ats:Shell Defense+1","ats:Assault Order+1"],"picked":"ats:Chain Hook","floor":35.0},{"not_picked":["ats:Beaten Up","ats:Support Order+1","ats:Revitalization+1","ats:Phantom"],"picked":"SKIP","floor":35.0},{"not_picked":["ats:Thorns","ats:Healing Strengthening","ats:Absolute Focus+1","ats:Powerful Strike+1"],"picked":"SKIP","floor":35.0},{"not_picked":["ats:Durian","ats:Leaping Hammer","ats:Explosion Area Strengthen+1","ats:Thermite Blade+1"],"picked":"SKIP","floor":35.0},{"not_picked":["ats:Leaping Hammer+1","ats:Flexible Camouflage","ats:Guard Mode","ats:Song Of Battle"],"picked":"SKIP","floor":37.0},{"not_picked":["ats:Curse Doll","ats:Closed Bolt Burst Fire","ats:Flexible Camouflage","ats:Song Of Battle+1"],"picked":"SKIP","floor":41},{"not_picked":["ats:Part Time Job","ats:Rat Pack","ats:Poison Spread+1","ats:Ignite"],"picked":"SKIP","floor":44},{"not_picked":["ats:Phantom","ats:Revitalization+1","ats:Leaping Hammer","ats:Guard Mode+1"],"picked":"SKIP","floor":45},{"not_picked":["ats:Healing Drone+1","ats:Consecutive Shot Auto","ats:Shell Defense","ats:True Silver Slash"],"picked":"SKIP","floor":46},{"not_picked":["ats:Song Of Battle","ats:Explosion Area Strengthen","ats:Red Shift","ats:Ignite"],"picked":"SKIP","floor":48},{"not_picked":["ats:Hammer On+1","ats:Guard Mode+1","ats:Very Hot Blade","ats:Echo Reverb"],"picked":"SKIP","floor":54}],"player_experience":74611,"relics_obtained":[{"floor":1.0,"key":"Baka"},{"floor":6.0,"key":"ats:Originium"},{"floor":6.0,"key":"TungstenRod"},{"floor":8.0,"key":"ats:Originium"},{"floor":8.0,"key":"Happy Flower"},{"floor":9.0,"key":"Question Card"},{"floor":11.0,"key":"ats:Originium"},{"floor":11.0,"key":"GodSword6"},{"floor":24.0,"key":"ats:Originium"},{"floor":24.0,"key":"AT_SilverBalance"},{"floor":26.0,"key":"AT_MibuBalloonWealth"},{"floor":28.0,"key":"Blue Candle"},{"floor":30.0,"key":"Sundial"},{"floor":41,"key":"StrikeDummy"},{"floor":44,"key":"ats:Lavender"},{"floor":46,"key":"Boot"},{"floor":48,"key":"AT_SilvercatRing"},{"floor":54,"key":"Anchor"}],"event_choices":[{"damage_healed":0.0,"max_hp_gain":0.0,"max_hp_loss":0.0,"gold_gain":400.0,"event_name":"恩洛斯的盘子","player_choice":"Sell","floor":2.0,"relics_lost":["AT_ATBox"],"gold_loss":0.0,"damage_taken":0.0},{"damage_healed":0.0,"max_hp_gain":0.0,"max_hp_loss":0.0,"gold_gain":0.0,"event_name":"FaceTrader","player_choice":"Trade","floor":3.0,"gold_loss":0.0,"damage_taken":0.0,"relics_obtained":["SsserpentHead"]},{"damage_healed":0.0,"max_hp_gain":0.0,"max_hp_loss":0.0,"gold_gain":0.0,"event_name":"Shining Light","player_choice":"Entered Light","floor":12.0,"gold_loss":0.0,"damage_taken":20.0,"cards_upgraded":["ats:Sashimi Platter","AT_ShadowStep"]},{"damage_healed":0.0,"max_hp_gain":5.0,"max_hp_loss":0.0,"gold_gain":0.0,"event_name":"Big Fish","player_choice":"Donut","floor":13.0,"gold_loss":0.0,"damage_taken":0.0},{"damage_healed":0.0,"max_hp_gain":0.0,"max_hp_loss":0.0,"gold_gain":0.0,"event_name":"给自己的盒子","player_choice":"Swap Relic","floor":22.0,"relics_lost":["Astrolabe"],"gold_loss":0.0,"damage_taken":0.0,"relics_obtained":["Medical Kit"]}],"is_beta":false,"boss_relics":[{"not_picked":["Fusion Hammer","Empty Cage"],"picked":"Astrolabe"},{"not_picked":["testmod-SaigiyounoYou","Philosopher\u0027s Stone"],"picked":"ats:Tactical Delivery"}],"items_purged_floors":[19,47,53,53],"is_endless":false,"potions_floor_spawned":[1,4,8,20,24,30,33,41,46,48],"ascension_level":5}}