{"host":"vqd8yewason9t24a","time":1612203246,"event":{"mods":["AchievementEnabler","Act Like it!","Aspiration","BaseMod","Better Match","Better Note","BetterRewards","Block Reminder","Card Forge","Colored Map","Colored Powertips","Conspire","DeckTracker","Downfall","Energized Spire","Friendly Minions","Highlight Path","Hubris","Infinite Spire","Minty Spire (QoL Compilation)","Quick Restart","READ ME - Guardian Mod","Rare Cards Sparkle","Relic Stats","Replay The Spire","Spikes Relics","StSLib","SuperFastMode","Waifu the Spire"],"gold_per_floor":[199,212,212,212,387,422,495,288,302,312,12,12,12,29,44,144,144,144,155,155,170,170,181,181,193,193,212,232,259,276,64,75,176,176,176,194,194,194,378,400,426,467,493,493,513,544,544,591,622,642,642,642],"floor_reached":50,"language":"ENG","playtime":9852,"items_purged":[],"score":573,"play_id":"fb7e6498-56f9-4d21-81b9-e56a3966755a","local_time":"20210201101406","is_ascension_mode":false,"campfire_choices":[{"floor":1.0,"key":"RECALL"},{"floor":11.0,"key":"REST"},{"data":"champ:IronFortress","floor":13.0,"key":"SMITH"},{"floor":18.0,"key":"REST"},{"floor":35.0,"key":"REST"}],"circlet_count":0,"master_deck":["champ:Strike+3","champ:Strike+3","champ:Strike+3","champ:Strike+3","champ:Defend+3","champ:Defend+3","champ:Defend+3","champ:Defend+3","champ:Execute+1","champ:Taunt+1","champ:Shatter+1","champ:DeathBlow+1","champ:Circumvent+1","champ:ShieldWall+1","champ:ShieldWall+1","champ:GutPunch+1","champ:PreciseThrust+1","champ:IronFortress+1","champ:StanceDance+1","champ:GutPunch+1","champ:HeavySlash+1","champ:EnGarde+1","champ:BerserkersShout+1","champ:UltimateStance+1","infinitespire:OneForAll+1","champ:SkillfulDodge+1","Metallicize+1","Life Link+1","Immolate+1","champ:Encircle+1","champ:Haymaker+1","Sword Boomerang+1","Reaper+1","infinitespire:Punishment+1","Combust+1","infinitespire:SealOfDarkness+","Entrench+1","Thunderclap+1","Cleave+1","champ:Backstep+1","Blood for Blood+1"],"relics":["champ:ChampionCrown","Hammer of Thor","Seething Fire","Anvil of the Gods","hubris:Icosahedron","hubris:Towel","Replay:Wax Seal","downfall:HeartBlessingRed","downfall:HeartBlessingGreen","downfall:HeartBlessingBlue","aspiration:IroncladSkillbook","Lizard Tail","Girya","Happy Flower","Sozu","Ring of Fury","ReplayTheSpireMod:Ring of Collecting","Replay:Bandana","ReplayTheSpireMod:Ring of Exchange","Regal Pillow","Simple Rune","Ring of Misfortune","Gremlin Food"],"acts_visited":["Exordium","TheCity","TheBeyond"],"potions_floor_usage":[50,50],"damage_taken":[{"damage":17.0,"enemies":"2 Louse","floor":2.0,"turns":3.0},{"damage":55.0,"enemies":"Lagavulin","floor":6.0,"turns":6.0},{"damage":27.0,"enemies":"downfall:FleeingMerchant","floor":8.0,"turns":4.0},{"damage":25.0,"enemies":"Small Slimes","floor":9.0,"turns":3.0},{"damage":10.0,"enemies":"Cultist","floor":10.0,"turns":3.0},{"damage":22.0,"enemies":"Blue Slaver","floor":14.0,"turns":3.0},{"damage":15.0,"enemies":"Large Slime","floor":15.0,"turns":3.0},{"damage":81.0,"enemies":"SI_SHIV_ARCHETYPE","floor":16.0,"turns":9.0},{"damage":27.0,"enemies":"Shell Parasite","floor":19.0,"turns":3.0},{"damage":35.0,"enemies":"Chosen","floor":21.0,"turns":3.0},{"damage":30.0,"enemies":"Centurion and Healer","floor":23.0,"turns":5.0},{"damage":21.0,"enemies":"Snake Plant","floor":25.0,"turns":2.0},{"damage":33.0,"enemies":"Chosen and Byrds","floor":27.0,"turns":5.0},{"damage":10.0,"enemies":"Cultist and Chosen","floor":28.0,"turns":5.0},{"damage":35.0,"enemies":"conspire:Head Lice","floor":29.0,"turns":4.0},{"damage":33.0,"enemies":"Snake Plant","floor":30.0,"turns":3.0},{"damage":30.0,"enemies":"downfall:FleeingMerchant","floor":31.0,"turns":4.0},{"damage":28.0,"enemies":"Centurion and Healer","floor":32.0,"turns":5.0},{"damage":91.0,"enemies":"DF_ARCHETYPE_CLAW","floor":33.0,"turns":9.0},{"damage":28.0,"enemies":"3 Darklings","floor":36.0,"turns":3.0},{"damage":56.0,"enemies":"downfall:FleeingMerchant","floor":39.0,"turns":4.0},{"damage":45.0,"enemies":"infinitespire:Three Voidlings","floor":40.0,"turns":3.0},{"damage":130.0,"enemies":"Nightmare","floor":42.0,"turns":7.0},{"damage":10.0,"enemies":"3 Shapes","floor":43.0,"turns":3.0},{"damage":37.0,"enemies":"Transient","floor":45.0,"turns":5.0},{"damage":17,"enemies":"Sphere and 2 Shapes","floor":46,"turns":3},{"damage":52,"enemies":"4 Shapes","floor":48,"turns":3},{"damage":17,"enemies":"3 Darklings","floor":49,"turns":3},{"damage":59,"enemies":"IC_BLOCK_ARCHETYPE","floor":50,"turns":2}],"seed_played":"1798825719260483284","potions_obtained":[{"floor":9.0,"key":"SteroidPotion"},{"floor":10.0,"key":"hexamod:SoulburnPotion"},{"floor":19.0,"key":"Block Potion"},{"floor":21.0,"key":"Fire Potion"},{"floor":33.0,"key":"champ:CounterPotion"}],"is_trial":false,"path_per_floor":["R","M","?","?","?","E","T","$","M","M","R","?","R","M","M","B",null,"R","M","?","M","?","M","T","M","?","M","M","E","M","$","M","B",null,"R","M","?","?","$","?","T","NM","M","T","M","M","?","M","M","B"],"character_chosen":"THE_CHAMP","items_purchased":["champ:ShieldWall","champ:GutPunch","FairyPotion","Happy Flower","champ:Haymaker","Replay:Bandana"],"campfire_rested":3,"item_purchase_floors":[8,8,8,31,31,39],"current_hp_per_floor":[90,83,83,83,83,58,58,56,41,41,81,100,100,93,93,72,100,100,92,92,86,89,78,78,61,61,52,56,55,41,30,26,8,103,103,94,94,94,101,84,84,59,63,63,74,69,69,36,38,0,0,0],"gold":642,"neow_bonus":"HUNDRED_GOLD","is_daily":false,"chose_seed":false,"campfire_upgraded":1,"win_rate":0.0,"timestamp":1612203246,"path_taken":["R","M","?","?","?","E","T","$","M","?","R","?","R","M","M","BOSS","R","M","?","M","?","M","T","M","?","M","M","E","M","$","M","BOSS","R","M","?","?","$","?","T","NM","M","?","?","M","?","M","M","BOSS"],"items_purchased_type":["Card","Card","Potion","Relic","Card","Relic"],"build_version":"2020-12-22","purchased_purges":0,"victory":false,"max_hp_per_floor":[90,90,90,90,90,90,90,90,90,90,100,100,100,100,100,100,100,100,100,100,100,103,103,103,103,103,103,103,103,103,103,103,103,103,103,103,103,103,103,103,103,103,103,103,103,103,103,103,103,103,103,103],"relic_stats":{"Sozu":1,"Lizard Tail":51,"Regal Pillow":0,"Happy Flower":[16],"counters":[29,118],"obtain_stats":[{"Gremlin Food":44,"Girya":29,"ReplayTheSpireMod:Ring of Exchange":41,"Regal Pillow":41,"downfall:HeartBlessingRed":11,"Happy Flower":31,"champ:ChampionCrown":0,"downfall:HeartBlessingGreen":11,"Hammer of Thor":0,"Seething Fire":0,"hubris:Towel":4,"aspiration:IroncladSkillbook":17,"Sozu":34,"Lizard Tail":24,"Replay:Bandana":39,"hubris:Icosahedron":3,"Anvil of the Gods":0,"downfall:HeartBlessingBlue":11,"ReplayTheSpireMod:Ring of Collecting":37,"Ring of Misfortune":44,"Ring of Fury":37,"Simple Rune":42,"Replay:Wax Seal":6},{"Gremlin Food":24,"Girya":15,"ReplayTheSpireMod:Ring of Exchange":22,"Regal Pillow":22,"downfall:HeartBlessingRed":5,"Happy Flower":17,"champ:ChampionCrown":0,"downfall:HeartBlessingGreen":5,"Hammer of Thor":0,"Seething Fire":0,"hubris:Towel":1,"aspiration:IroncladSkillbook":8,"Sozu":19,"Lizard Tail":11,"Replay:Bandana":21,"hubris:Icosahedron":1,"Anvil of the Gods":0,"downfall:HeartBlessingBlue":5,"ReplayTheSpireMod:Ring of Collecting":20,"Ring of Misfortune":24,"Ring of Fury":20,"Simple Rune":23,"Replay:Wax Seal":2},{"Gremlin Food":102,"Girya":61,"ReplayTheSpireMod:Ring of Exchange":92,"Regal Pillow":92,"downfall:HeartBlessingRed":19,"Happy Flower":68,"champ:ChampionCrown":0,"downfall:HeartBlessingGreen":19,"Hammer of Thor":0,"Seething Fire":0,"hubris:Towel":3,"aspiration:IroncladSkillbook":34,"Sozu":82,"Lizard Tail":45,"Replay:Bandana":89,"hubris:Icosahedron":3,"Anvil of the Gods":0,"downfall:HeartBlessingBlue":19,"ReplayTheSpireMod:Ring of Collecting":85,"Ring of Misfortune":102,"Ring of Fury":85,"Simple Rune":99,"Replay:Wax Seal":9}]},"card_choices":[{"not_picked":["champ:CalledShot","champ:CrownThrow"],"picked":"champ:Shatter","floor":2.0},{"not_picked":["champ:EnGarde","champ:ViciousMockery"],"picked":"champ:DeathBlow","floor":6.0},{"not_picked":["champ:RisingSlash","champ:FancyFootwork"],"picked":"champ:Circumvent","floor":8.0},{"not_picked":["champ:GutPunch","champ:BerserkersShout"],"picked":"champ:PreciseThrust","floor":9.0},{"not_picked":["champ:FocusedBerserking","champ:StanceDance"],"picked":"champ:IronFortress","floor":10.0},{"not_picked":["champ:Duel","champ:DefensiveStyle"],"picked":"champ:StanceDance","floor":14.0},{"not_picked":["champ:Haymaker","champ:EnGarde"],"picked":"champ:GutPunch","floor":15.0},{"not_picked":["champ:LastStand","champ:MurderStrike"],"picked":"champ:HeavySlash","floor":16.0},{"not_picked":["Perfected Strike","Clothesline","champ:BerserkersShout+1"],"picked":"champ:EnGarde","floor":19.0},{"not_picked":["Hemokinesis","Perfected Strike","Twin Strike"],"picked":"champ:BerserkersShout","floor":21.0},{"not_picked":["Perfected Strike","champ:EnGarde","champ:TornadoPunch+1"],"picked":"champ:UltimateStance","floor":23.0},{"not_picked":["champ:Backstep","champ:TornadoPunch","Sword Boomerang+1"],"picked":"infinitespire:OneForAll","floor":25.0},{"not_picked":["Demonic Infusion","Clash","Clothesline"],"picked":"champ:SkillfulDodge","floor":27.0},{"not_picked":["champ:PreemptiveStrike","champ:BladeFlurry","champ:ViciousMockery+1"],"picked":"Metallicize","floor":28.0},{"not_picked":["Second Wind","Dark Embrace","champ:SwordThrow"],"picked":"Life Link+1","floor":29.0},{"not_picked":["champ:Circumvent+1","Cleave","Warcry+1"],"picked":"Immolate","floor":30.0},{"not_picked":["champ:CrookedStrike","champ:DeathBlow","True Grit"],"picked":"champ:Encircle+1","floor":31.0},{"not_picked":["champ:EnragedBash","True Grit","Replay:Undeath\u0027s Touch+1"],"picked":"Sword Boomerang","floor":32.0},{"not_picked":["Berserk","hubris:StunningStrike","Exhume"],"picked":"Reaper","floor":33.0},{"not_picked":["champ:FlashCut+1","Havoc+1","Uppercut+1","Headbutt+1"],"picked":"SKIP","floor":36.0},{"not_picked":["infinitespire:Execution","ReplayTheSpireMod:Chaos Vortex"],"picked":"infinitespire:Punishment","floor":38.0},{"not_picked":["ReplayTheSpireMod:Strike From Hell","champ:EnGarde","ReplayTheSpireMod:Stacked"],"picked":"Combust+1","floor":39.0},{"not_picked":["ReplayTheSpireMod:Echoes of Time","ReplayTheSpireMod:Haul"],"picked":"infinitespire:SealOfDarkness+","floor":42.0},{"not_picked":["True Grit","champ:Circumvent+1","Defy Death"],"picked":"Entrench+1","floor":42.0},{"not_picked":["Absolvement+1","Body Slam+1","Shockwave+1","Sentinel+1"],"picked":"SKIP","floor":43.0},{"not_picked":["Flex+1","champ:StanceDance+1","Clash+1"],"picked":"Thunderclap","floor":45},{"not_picked":["hubris:ReadiedAction","champ:FanOfKnives+1","Armaments+1"],"picked":"Cleave+1","floor":46},{"not_picked":["champ:GutPunch","Spot Weakness","champ:IronFortress+1"],"picked":"champ:Backstep+1","floor":48},{"not_picked":["champ:HeartStrike+1","Bludgeon","champ:DefensiveShout+1"],"picked":"Blood for Blood+1","floor":49}],"player_experience":582682,"relics_obtained":[{"floor":6.0,"key":"Replay:Wax Seal"},{"floor":24.0,"key":"Lizard Tail"},{"floor":29.0,"key":"Girya"},{"floor":37.0,"key":"Ring of Fury"},{"floor":37.0,"key":"ReplayTheSpireMod:Ring of Collecting"},{"floor":41.0,"key":"ReplayTheSpireMod:Ring of Exchange"},{"floor":41.0,"key":"Regal Pillow"},{"floor":42.0,"key":"Simple Rune"},{"floor":44.0,"key":"Ring of Misfortune"},{"floor":44.0,"key":"Gremlin Food"}],"event_choices":[{"damage_healed":33.0,"max_hp_gain":0.0,"max_hp_loss":0.0,"gold_gain":0.0,"event_name":"Big Fish","player_choice":"Banana","floor":12.0,"gold_loss":0.0,"damage_taken":0.0},{"damage_healed":0.0,"max_hp_gain":0.0,"max_hp_loss":0.0,"gold_gain":0.0,"event_name":"betterNote:BetterNote","player_choice":"Ignored","floor":20.0,"gold_loss":0.0,"damage_taken":0.0,"cards_obtained":["Slimebound:SlimeSpikes"]},{"damage_healed":0,"gold_gain":0,"player_choice":"Got Potions","damage_taken":0,"max_hp_gain":0,"max_hp_loss":0,"event_name":"Lab","floor":47,"gold_loss":0}],"is_beta":false,"boss_relics":[{"not_picked":["energizedSpire:DeadBattery","Honey Jar"],"picked":"aspiration:IroncladSkillbook"},{"not_picked":["conspire:SlowCooker","conspire:RoyalGoblet"],"picked":"Sozu"}],"items_purged_floors":[],"is_endless":true,"potions_floor_spawned":[6,9,10,15,19,21,27,28,33,36,43,45,46],"killed_by":"IC_BLOCK_ARCHETYPE","ascension_level":0}}