{"host":"dv93mabv568wiefh","time":1612148652,"event":{"mods":["BaseMod","Better Altar","Better Match","Better Note","Better Sensory Stone","Better Skull","Better Third Choice","Hermit","Hubris","Infinite Spire","Marisa????????","Minty Spire (QoL Compilation)","Rare Cards Sparkle","Replay The Spire","StSLib","The Construct"],"gold_per_floor":[111,111,122,122,137,163,163,192,241,260,70,70,70,90,90,192,242,257,257,84,84,84,84],"floor_reached":22,"language":"ENG","playtime":1597,"items_purged":[],"score":202,"play_id":"598fd026-c97d-463f-b794-b7ab0db2f112","local_time":"20210131220412","is_ascension_mode":true,"campfire_choices":[{"floor":7,"key":"REST"},{"floor":13,"key":"REST"},{"floor":15,"key":"REST"}],"circlet_count":0,"master_deck":["hermit:Strike_Hermit+1","hermit:Strike_Hermit+1","hermit:Strike_Hermit+1","hermit:Strike_Hermit+1","hermit:Defend_Hermit","hermit:Defend_Hermit","hermit:Defend_Hermit","hermit:Defend_Hermit","hermit:Snapshot","hermit:Covet","hubris:Disease","hermit:Reprieve","hermit:GhostlyPresence","hermit:TrackingShot","hermit:LoneWolf","hermit:TakeAim+1","hermit:Brawl+1","hermit:FinalCanter","hermit:PistolWhip","hermit:Headshot","hermit:Dissolve","hermit:TrackingShot","hermit:ShadowCloak+1","hermit:TakeAim+1","hermit:GoldenBullet","hermit:Feint"],"relics":["hermit:Momento","Replay:Bottled Eggs","Matryoshka","Potion Belt","hubris:ToyBattleship","Tiny House","ReplayTheSpireMod:TigerMarble","hubris:Spice"],"acts_visited":["Exordium","TheCity"],"potions_floor_usage":[6,16,18],"damage_taken":[{"damage":3,"enemies":"Jaw Worm","floor":1,"turns":4},{"damage":5,"enemies":"Small Slimes","floor":3,"turns":4},{"damage":0,"enemies":"Cultist","floor":5,"turns":3},{"damage":39,"enemies":"Lagavulin","floor":6,"turns":12},{"damage":30,"enemies":"Replay:BlueRogue","floor":8,"turns":7},{"damage":19,"enemies":"Exordium Thugs","floor":10,"turns":6},{"damage":13,"enemies":"Blue Slaver","floor":14,"turns":5},{"damage":34,"enemies":"Slime Boss","floor":16,"turns":8},{"damage":78,"enemies":"3 Byrds","floor":18,"turns":8},{"damage":12,"enemies":"Chosen","floor":22,"turns":4}],"seed_played":"7762796009642263148","potions_obtained":[{"floor":5,"key":"SkillPotion"},{"floor":14,"key":"Milkshake"},{"floor":17,"key":"SteroidPotion"}],"is_trial":false,"path_per_floor":["M","?","M","?","M","E","R","E","T","M","$","?","R","M","R","B",null,"M","T","$","?","M"],"character_chosen":"HERMIT","items_purchased":["hermit:FinalCanter","hermit:PistolWhip","hermit:TakeAim+1","hermit:GoldenBullet","hermit:Feint"],"campfire_rested":3,"item_purchase_floors":[11,11,20,20,20],"current_hp_per_floor":[72,72,67,67,67,32,54,24,24,9,9,9,31,26,48,18,80,2,10,10,10,0,0],"gold":84,"neow_bonus":"THREE_RARE_CARDS","is_daily":false,"chose_seed":false,"campfire_upgraded":0,"win_rate":0.0,"timestamp":1612148652,"path_taken":["M","?","M","?","M","E","R","E","T","M","$","?","R","M","R","BOSS","M","?","?","?","?"],"items_purchased_type":["Card","Card","Card","Card","Card"],"build_version":"2020-12-22","purchased_purges":0,"victory":false,"max_hp_per_floor":[75,75,75,75,75,75,75,75,75,75,75,75,75,75,75,75,80,80,88,88,88,88,88],"card_choices":[{"not_picked":["hermit:Adapt","hermit:BlackWind"],"picked":"hermit:Reprieve","floor":0},{"not_picked":["hermit:Quickdraw","hermit:Headshot"],"picked":"hermit:GhostlyPresence","floor":1},{"not_picked":["hermit:HoleUp","hermit:Midnight"],"picked":"hermit:TrackingShot","floor":3},{"not_picked":["hermit:SprayPray","hermit:ItchyTrigger"],"picked":"hermit:LoneWolf","floor":5},{"not_picked":["hermit:FullyLoaded","hermit:TrackingShot","hermit:BodyArmor"],"picked":"SKIP","floor":6},{"not_picked":["hermit:FlashPowder","hermit:FatalDesire"],"picked":"hermit:TakeAim","floor":8},{"not_picked":["hermit:CalledShot","hermit:Snipe"],"picked":"hermit:Brawl","floor":10},{"not_picked":["hermit:TrackingShot","hermit:Desperado"],"picked":"hermit:Headshot","floor":14},{"not_picked":["hermit:FinalCanter","hermit:BlackWind"],"picked":"hermit:Dissolve","floor":16},{"not_picked":["hermit:Feint","hermit:DeadMansHand"],"picked":"hermit:TrackingShot","floor":17},{"not_picked":["hermit:Snipe","hermit:HoleUp"],"picked":"hermit:ShadowCloak+1","floor":18}],"player_experience":906097,"relics_obtained":[{"floor":6,"key":"Replay:Bottled Eggs"},{"floor":8,"key":"Matryoshka"},{"floor":9,"key":"Potion Belt"},{"floor":9,"key":"hubris:ToyBattleship"},{"floor":19,"key":"ReplayTheSpireMod:TigerMarble"},{"floor":19,"key":"hubris:Spice"}],"event_choices":[{"damage_healed":0,"gold_gain":0,"player_choice":"Ignored","damage_taken":122,"max_hp_gain":0,"max_hp_loss":0,"event_name":"betterThird:BetterSerpent","floor":4,"gold_loss":0},{"damage_healed":0,"gold_gain":0,"player_choice":"Ignored","damage_taken":0,"max_hp_gain":0,"max_hp_loss":0,"event_name":"Fountain of Cleansing","floor":12,"gold_loss":0}],"is_beta":false,"boss_relics":[{"not_picked":["hubris:RunicObelisk","hubris:BlackHole"],"picked":"Tiny House"}],"items_purged_floors":[],"is_endless":false,"potions_floor_spawned":[5,14],"killed_by":"Chosen","ascension_level":1}}