{"host":"ixpjvd0r4p7lnmut","time":1612165383,"event":{"mods":["Act Like it!","BaseMod","Block Reminder","Colored Map","Colored Powertips","Minty Spire (QoL Compilation)","Rare Cards Sparkle","Relic Stats","StSLib","The Bug Knight"],"gold_per_floor":[118,132,149,37,56,56,10,21,47,47,47,47,78,96,96,191,191,201,217,217,217],"floor_reached":20,"language":"ENG","playtime":917,"items_purged":[],"score":176,"play_id":"0c3df592-0eb9-4423-a4a8-7658b887afba","local_time":"20210131234303","is_ascension_mode":false,"campfire_choices":[{"data":"HollowMod:BrokenVessel","floor":6,"key":"SMITH"},{"floor":10,"key":"REST"},{"data":"HollowMod:QuirrelsAssistance","floor":15,"key":"SMITH"}],"circlet_count":0,"master_deck":["HollowMod:NailStrikeStart","HollowMod:NailStrikeStart","HollowMod:NailStrikeStart","HollowMod:NailStrikeStart","HollowMod:QuickDashStart","HollowMod:QuickDashStart","HollowMod:QuickDashStart","HollowMod:QuickDashStart","HollowMod:FocusHealStart+1","HollowMod:PogoStrike","HollowMod:SharpenedNail","HollowMod:MothsMistake","HollowMod:SharpenedNail","HollowMod:BrokenVessel+1","HollowMod:QuirrelsAssistance+1","HollowMod:HeavyBlow","HollowMod:CycloneSlash","HollowMod:SoulVessel","HollowMod:DashSlash","HollowMod:ChannelNail","HollowMod:Weaversong","HollowMod:InfectedCysts","HollowMod:RecoilStrike"],"relics":["HollowMod:VesselMask","Boot","Omamori","Nunchaku","Runic Pyramid"],"acts_visited":["Exordium","TheCity"],"potions_floor_usage":[5,13,16],"damage_taken":[{"damage":1,"enemies":"Cultist","floor":1,"turns":4},{"damage":19,"enemies":"Jaw Worm","floor":2,"turns":4},{"damage":13,"enemies":"2 Louse","floor":3,"turns":2},{"damage":17,"enemies":"Looter","floor":5,"turns":4},{"damage":9,"enemies":"Exordium Wildlife","floor":8,"turns":3},{"damage":10,"enemies":"Gremlin Nob","floor":13,"turns":4},{"damage":9,"enemies":"Blue Slaver","floor":14,"turns":4},{"damage":49,"enemies":"HollowMod:FalseKnight","floor":16,"turns":10},{"damage":46,"enemies":"Spheric Guardian","floor":18,"turns":6},{"damage":31,"enemies":"2 Thieves","floor":19,"turns":4},{"damage":24,"enemies":"Cultist and Chosen","floor":20,"turns":4}],"seed_played":"-4702738091071631579","potions_obtained":[{"floor":2,"key":"Weak Potion"},{"floor":5,"key":"FearPotion"},{"floor":13,"key":"AttackPotion"}],"is_trial":false,"path_per_floor":["M","M","M","$","M","R","$","M","T","R","$","?","E","M","R","B",null,"M","M","M"],"character_chosen":"THE_BUGKNIGHT","items_purchased":["HollowMod:BrokenVessel","HollowMod:QuirrelsAssistance","HollowMod:CycloneSlash"],"campfire_rested":1,"item_purchase_floors":[4,4,7],"current_hp_per_floor":[75,66,59,59,52,52,52,49,49,71,71,71,61,62,62,25,75,35,10,0,0],"gold":217,"neow_bonus":"UPGRADE_CARD","is_daily":false,"chose_seed":false,"campfire_upgraded":2,"win_rate":0.0,"timestamp":1612165383,"path_taken":["M","M","M","?","M","R","$","M","T","R","$","?","E","M","R","BOSS","M","M","M"],"items_purchased_type":["Card","Card","Card"],"build_version":"2020-12-22","purchased_purges":0,"victory":false,"max_hp_per_floor":[75,75,75,75,75,75,75,75,75,75,75,75,75,75,75,75,75,75,75,75,75],"relic_stats":{"Nunchaku":[5],"counters":[11,49],"Boot":[12],"obtain_stats":[{"Nunchaku":13,"HollowMod:VesselMask":0,"Omamori":12,"Boot":9,"Runic Pyramid":17},{"Nunchaku":6,"HollowMod:VesselMask":0,"Omamori":5,"Boot":5,"Runic Pyramid":8},{"Nunchaku":21,"HollowMod:VesselMask":0,"Omamori":17,"Boot":17,"Runic Pyramid":35}]},"card_choices":[{"not_picked":["HollowMod:VengefulVoid","HollowMod:NewLittleFool"],"picked":"HollowMod:SharpenedNail","floor":1},{"not_picked":["HollowMod:QuirrelsAssistance","HollowMod:SiblingsSouls"],"picked":"HollowMod:MothsMistake","floor":2},{"not_picked":["HollowMod:CornifersMapStart","HollowMod:LifebloodCocoon"],"picked":"HollowMod:SharpenedNail","floor":3},{"not_picked":["HollowMod:QuirrelsAssistance","HollowMod:TaintedHusks"],"picked":"HollowMod:HeavyBlow","floor":5},{"not_picked":["HollowMod:CornifersMapStart","HollowMod:QuirrelsAssistance"],"picked":"HollowMod:SoulVessel","floor":8},{"not_picked":["HollowMod:BlackTendrils","HollowMod:HeavyBlow"],"picked":"HollowMod:DashSlash","floor":13},{"not_picked":["HollowMod:MonarchWings","HollowMod:HuntersJournal"],"picked":"HollowMod:ChannelNail","floor":14},{"not_picked":["HollowMod:NewInfectedGuardian","HollowMod:VoidDash"],"picked":"HollowMod:Weaversong","floor":16},{"not_picked":["HollowMod:SoulStrike","HollowMod:LifebloodCocoon"],"picked":"HollowMod:InfectedCysts","floor":18},{"not_picked":["HollowMod:CoiledNail","HollowMod:DreamGate+1"],"picked":"HollowMod:RecoilStrike","floor":19}],"player_experience":140877,"relics_obtained":[{"floor":9,"key":"Boot"},{"floor":13,"key":"Nunchaku"}],"event_choices":[{"damage_healed":0,"gold_gain":0,"player_choice":"Searched \u00272\u0027 times","damage_taken":0,"relics_obtained":["Omamori"],"max_hp_gain":0,"max_hp_loss":0,"event_name":"Dead Adventurer","floor":12,"gold_loss":0}],"is_beta":false,"boss_relics":[{"not_picked":["Runic Dome","Coffee Dripper"],"picked":"Runic Pyramid"}],"items_purged_floors":[],"is_endless":false,"potions_floor_spawned":[2,5,13],"killed_by":"Cultist and Chosen","ascension_level":0}}