{"host":"3a1ypf1irl30q4k8","time":1612193034,"event":{"mods":["AchievementEnabler","BaseMod","Bestiary","Colored Map","Minty Spire (QoL Compilation)","Relic Stats"],"gold_per_floor":[115,135,154,154,154,181,25,36,61,61,80,110,110,130,130,225,225,238,21,21,33,33,59,59,92,119,159,159,178,178,178,178,282,282,297,316,316,6,6,37,66,90,123,123,149,2,2,29,29,29,29,29,14,48,48],"floor_reached":56,"language":"ENG","playtime":4590,"items_purged":["Strike_G","Shame"],"score":1387,"play_id":"e1d94c9f-2bdd-45ed-9b60-3ca3c0b8d6d8","local_time":"20210201152354","is_ascension_mode":true,"campfire_choices":[{"floor":10.0,"key":"REST"},{"data":"Footwork","floor":13.0,"key":"SMITH"},{"data":"PiercingWail","floor":15.0,"key":"SMITH"},{"data":"Footwork","floor":24.0,"key":"SMITH"},{"data":"Corpse Explosion","floor":28.0,"key":"SMITH"},{"floor":30.0,"key":"REST"},{"data":"Well Laid Plans","floor":32.0,"key":"SMITH"},{"floor":44.0,"key":"REST"},{"floor":47.0,"key":"RECALL"},{"data":"Night Terror","floor":49.0,"key":"SMITH"},{"data":"After Image","floor":52.0,"key":"SMITH"}],"circlet_count":0,"master_deck":["Defend_G","Defend_G+1","Survivor","Neutralize","Burst+1","Leg Sweep+1","Dash+1","Crippling Poison+1","Poisoned Stab","PiercingWail+1","Tools of the Trade","Footwork+1","PiercingWail+1","Cloak And Dagger","Terror","Night Terror+1","Acrobatics","Well Laid Plans+1","Eviscerate","Deadly Poison","Footwork+1","Corpse Explosion+1","Deadly Poison+1","Bane+1","After Image+1","PiercingWail","Die Die Die+1","Backflip+1","Blur+1","Parasite","Outmaneuver+1","Bane+1","Dodge and Roll","PiercingWail"],"relics":["Astrolabe","PreservedInsect","Centennial Puzzle","Cursed Key","Bag of Marbles","Question Card","Molten Egg 2","CeramicFish","Turnip","Philosopher\u0027s Stone","Toy Ornithopter","Strawberry","Happy Flower","War Paint","Oddly Smooth Stone"],"acts_visited":["Exordium","TheCity","TheBeyond","TheEnding"],"potions_floor_usage":[55],"damage_taken":[{"damage":0.0,"enemies":"2 Louse","floor":1.0,"turns":4.0},{"damage":0.0,"enemies":"Small Slimes","floor":2.0,"turns":5.0},{"damage":0.0,"enemies":"Cultist","floor":3.0,"turns":4.0},{"damage":36.0,"enemies":"Gremlin Nob","floor":6.0,"turns":7.0},{"damage":0.0,"enemies":"2 Fungi Beasts","floor":8.0,"turns":4.0},{"damage":1.0,"enemies":"Blue Slaver","floor":11.0,"turns":5.0},{"damage":3.0,"enemies":"Lagavulin","floor":12.0,"turns":6.0},{"damage":0.0,"enemies":"Lots of Slimes","floor":14.0,"turns":1.0},{"damage":5.0,"enemies":"Hexaghost","floor":16.0,"turns":11.0},{"damage":0.0,"enemies":"Chosen","floor":18.0,"turns":6.0},{"damage":3.0,"enemies":"3 Byrds","floor":21.0,"turns":6.0},{"damage":4.0,"enemies":"Slavers","floor":23.0,"turns":5.0},{"damage":7.0,"enemies":"Gremlin Leader","floor":25.0,"turns":5.0},{"damage":0.0,"enemies":"Slavers","floor":27.0,"turns":3.0},{"damage":26.0,"enemies":"Sentry and Sphere","floor":29.0,"turns":6.0},{"damage":16.0,"enemies":"Champ","floor":33.0,"turns":12.0},{"damage":21.0,"enemies":"Orb Walker","floor":35.0,"turns":6.0},{"damage":4.0,"enemies":"3 Shapes","floor":36.0,"turns":4.0},{"damage":23.0,"enemies":"Reptomancer","floor":40.0,"turns":6.0},{"damage":7.0,"enemies":"Jaw Worm Horde","floor":41.0,"turns":3.0},{"damage":8.0,"enemies":"Sphere and 2 Shapes","floor":42.0,"turns":3.0},{"damage":0.0,"enemies":"Maw","floor":45.0,"turns":8.0},{"damage":0.0,"enemies":"4 Shapes","floor":48.0,"turns":1.0},{"damage":35.0,"enemies":"Awakened One","floor":50.0,"turns":15.0},{"damage":25,"enemies":"Shield and Spear","floor":54,"turns":7},{"damage":50,"enemies":"The Heart","floor":55,"turns":14}],"seed_played":"3522377396034123872","potions_obtained":[{"floor":6.0,"key":"Poison Potion"},{"floor":14.0,"key":"SpeedPotion"},{"floor":16.0,"key":"SpeedPotion"},{"floor":21.0,"key":"Poison Potion"},{"floor":25.0,"key":"Dexterity Potion"},{"floor":27.0,"key":"LiquidBronze"},{"floor":33.0,"key":"SpeedPotion"},{"floor":35.0,"key":"Explosive Potion"},{"floor":40.0,"key":"BlessingOfTheForge"},{"floor":45.0,"key":"LiquidMemories"}],"is_trial":false,"path_per_floor":["M","M","M","?","?","E","$","M","T","R","M","E","R","M","R","B",null,"M","$","?","M","?","E","R","E","T","E","R","M","R","?","R","B",null,"M","M","?","$","?","E","M","M","T","R","M","$","R","M","R","B",null,"R","$","E","B",null],"character_chosen":"THE_SILENT","items_purchased":["Footwork","Well Laid Plans","Bag of Marbles","Die Die Die+1","Toy Ornithopter","War Paint","Dodge and Roll"],"campfire_rested":3,"item_purchase_floors":[7,19,19,38,38,46,53],"current_hp_per_floor":[70,70,70,63,63,27,27,27,27,48,47,44,44,44,44,39,70,70,70,70,67,67,63,63,56,56,56,56,30,51,80,80,64,80,59,55,55,55,55,44,37,34,34,60,60,60,60,65,65,35,87,87,87,62,17],"gold":48,"neow_bonus":"BOSS_RELIC","is_daily":false,"chose_seed":false,"campfire_upgraded":7,"win_rate":0.0,"timestamp":1612193034,"path_taken":["M","M","M","?","?","E","$","M","T","R","M","E","R","M","R","BOSS","M","$","?","M","?","E","R","E","T","E","R","M","R","?","R","BOSS","M","?","?","$","?","E","?","M","T","R","M","?","R","M","R","BOSS","R","$","E","BOSS"],"items_purchased_type":["Card","Card","Relic","Card","Relic","Relic","Card"],"build_version":"2020-12-22","purchased_purges":2,"victory":true,"max_hp_per_floor":[70,70,70,70,70,70,70,70,70,70,70,70,70,70,70,70,70,70,70,70,70,70,70,70,70,70,70,70,70,70,80,80,80,80,80,80,80,80,80,87,87,87,87,87,87,87,87,87,87,87,87,87,87,87,87],"relic_stats":{"Centennial Puzzle":[42],"Happy Flower":[15],"counters":[26,157],"Astrolabe":["Burst","Leg Sweep","Dash"],"CeramicFish":108,"PreservedInsect":277,"Turnip":[20],"War Paint":["PiercingWail","Defend_G"],"Cursed Key":2,"Question Card":15,"obtain_stats":[{"Happy Flower":43,"Astrolabe":0,"CeramicFish":26,"Oddly Smooth Stone":54,"PreservedInsect":6,"War Paint":46,"Cursed Key":17,"Question Card":23,"Centennial Puzzle":12,"Strawberry":40,"Molten Egg 2":25,"Philosopher\u0027s Stone":34,"Turnip":27,"Bag of Marbles":19,"Toy Ornithopter":38,"Ring of the Snake":0},{"Happy Flower":21,"Astrolabe":0,"CeramicFish":13,"Oddly Smooth Stone":25,"PreservedInsect":4,"War Paint":22,"Cursed Key":9,"Question Card":12,"Centennial Puzzle":7,"Strawberry":19,"Molten Egg 2":13,"Philosopher\u0027s Stone":16,"Turnip":14,"Bag of Marbles":10,"Toy Ornithopter":18,"Ring of the Snake":0},{"Happy Flower":112,"Astrolabe":0,"CeramicFish":69,"Oddly Smooth Stone":143,"PreservedInsect":20,"War Paint":120,"Cursed Key":47,"Question Card":64,"Centennial Puzzle":35,"Strawberry":106,"Molten Egg 2":69,"Philosopher\u0027s Stone":90,"Turnip":72,"Bag of Marbles":53,"Toy Ornithopter":100,"Ring of the Snake":0}],"Toy Ornithopter":25},"card_choices":[{"not_picked":["Slice","Underhanded Strike"],"picked":"Crippling Poison","floor":1.0},{"not_picked":["Catalyst","Dodge and Roll"],"picked":"Poisoned Stab","floor":2.0},{"not_picked":["Dash","Riddle With Holes"],"picked":"PiercingWail","floor":3.0},{"not_picked":["Prepared","Sucker Punch"],"picked":"Tools of the Trade","floor":6.0},{"not_picked":["Poisoned Stab","Quick Slash"],"picked":"PiercingWail","floor":8.0},{"not_picked":["Dash","Calculated Gamble"],"picked":"Cloak And Dagger","floor":11.0},{"not_picked":["Choke","Distraction"],"picked":"Quick Slash","floor":12.0},{"not_picked":["Outmaneuver","Poisoned Stab"],"picked":"Terror","floor":14.0},{"not_picked":["A Thousand Cuts","Malaise"],"picked":"Night Terror","floor":16.0},{"not_picked":["Prepared","Sucker Punch"],"picked":"Acrobatics","floor":18.0},{"not_picked":["Calculated Gamble","Blade Dance"],"picked":"Eviscerate","floor":21.0},{"not_picked":["Blade Dance","Dagger Spray"],"picked":"Footwork","floor":23.0},{"not_picked":["Riddle With Holes+1","Skewer+1","Deflect"],"picked":"Corpse Explosion","floor":25.0},{"not_picked":["Acrobatics+1","Finisher+1","Dagger Throw+1"],"picked":"Deadly Poison+1","floor":27.0},{"not_picked":["Dodge and Roll","Quick Slash+1","Finisher+1"],"picked":"Bane+1","floor":29.0},{"not_picked":["Doppelganger","Tools of the Trade","Venomology"],"picked":"After Image","floor":33.0},{"not_picked":["Blade Dance","Dagger Throw+1","Footwork","Underhanded Strike+1"],"picked":"SKIP","floor":35.0},{"not_picked":["Cloak And Dagger+1","Dagger Throw+1","Dagger Spray+1"],"picked":"PiercingWail","floor":36.0},{"not_picked":["Burst","Prepared","Dodge and Roll","Dagger Throw+1"],"picked":"SKIP","floor":40.0},{"not_picked":["Outmaneuver+1","Flying Knee+1","Blade Dance+1"],"picked":"Backflip+1","floor":41.0},{"not_picked":["Bane+1","Prepared+1","Escape Plan+1"],"picked":"Blur+1","floor":42.0},{"not_picked":["Deflect","Skewer+1","A Thousand Cuts"],"picked":"Outmaneuver+1","floor":45.0},{"not_picked":["Dagger Spray+1","Well Laid Plans+1","Leg Sweep"],"picked":"Bane+1","floor":48.0},{"not_picked":["Backstab+1","Outmaneuver","Sucker Punch+1"],"picked":"PiercingWail","floor":54}],"player_experience":1274959,"relics_obtained":[{"floor":6.0,"key":"PreservedInsect"},{"floor":12.0,"key":"Centennial Puzzle"},{"floor":23.0,"key":"Question Card"},{"floor":25.0,"key":"Molten Egg 2"},{"floor":26.0,"key":"CeramicFish"},{"floor":27.0,"key":"Turnip"},{"floor":40.0,"key":"Strawberry"},{"floor":43.0,"key":"Happy Flower"},{"floor":54,"key":"Oddly Smooth Stone"}],"event_choices":[{"cards_removed":["Defend_G"],"damage_healed":0.0,"max_hp_gain":0.0,"max_hp_loss":0.0,"gold_gain":0.0,"event_name":"Golden Wing","player_choice":"Card Removal","floor":4.0,"gold_loss":0.0,"damage_taken":7.0},{"damage_healed":0.0,"max_hp_gain":0.0,"max_hp_loss":0.0,"gold_gain":0.0,"event_name":"Living Wall","player_choice":"Grow","floor":5.0,"gold_loss":0.0,"damage_taken":0.0,"cards_upgraded":["Crippling Poison"]},{"cards_removed":["Strike_G"],"damage_healed":0.0,"max_hp_gain":0.0,"max_hp_loss":0.0,"gold_gain":0.0,"event_name":"Back to Basics","player_choice":"Elegance","floor":20.0,"gold_loss":0.0,"damage_taken":0.0},{"damage_healed":0.0,"max_hp_gain":0.0,"max_hp_loss":0.0,"gold_gain":0.0,"cards_transformed":["Defend_G","Strike_G"],"event_name":"Drug Dealer","player_choice":"Became Test Subject","floor":22.0,"gold_loss":0.0,"damage_taken":0.0,"cards_obtained":["A Thousand Cuts","Deadly Poison"]},{"cards_removed":["A Thousand Cuts"],"damage_healed":19.0,"max_hp_gain":10.0,"max_hp_loss":0.0,"gold_gain":0.0,"event_name":"Bonfire Elementals","player_choice":"Offered Rare","floor":31.0,"gold_loss":0.0,"damage_taken":0.0},{"damage_healed":0.0,"max_hp_gain":0.0,"max_hp_loss":0.0,"gold_gain":0.0,"event_name":"Tomb of Lord Red Mask","player_choice":"Ignored","floor":37.0,"gold_loss":0.0,"damage_taken":0.0},{"cards_removed":["Quick Slash"],"damage_healed":0.0,"max_hp_gain":0.0,"max_hp_loss":0.0,"gold_gain":0.0,"event_name":"Purifier","player_choice":"Purged","floor":39.0,"gold_loss":0.0,"damage_taken":0.0}],"is_beta":false,"boss_relics":[{"not_picked":["Tiny House","Busted Crown"],"picked":"Cursed Key"},{"not_picked":["Pandora\u0027s Box","Runic Pyramid"],"picked":"Philosopher\u0027s Stone"}],"items_purged_floors":[7,38],"is_endless":false,"potions_floor_spawned":[6,14,16,21,25,27,33,35,40,45],"ascension_level":3}}