{"host":"wuernuywc9gl215o","time":1612177558,"event":{"mods":["AchievementEnabler","BaseMod","Block Reminder","Key Reminder","Minty Spire (QoL Compilation)","Permanent Neow","Potion Indicator Mod","Quick Restart","Relic Stats"],"gold_per_floor":[318,20,36,46,64,98,98,129,156,156,166,189,222,242,242,347,347,367,367,367,377,391,391,418,418,418,434,404,17,32,46,46,144,144,156,174,192,212,231,231,12,43,117,117,148,148,148,164,164,164,164,164,19,49,49],"floor_reached":56,"language":"ENG","playtime":4242,"items_purged":["Strike_G"],"score":1679,"play_id":"a9822319-05dc-4c47-a4a7-e97bd5aefa2c","local_time":"20210201110558","is_ascension_mode":true,"campfire_choices":[{"floor":7.0,"key":"REST"},{"data":"Storm of Steel","floor":10.0,"key":"SMITH"},{"floor":15.0,"key":"REST"},{"floor":23.0,"key":"REST"},{"floor":25.0,"key":"REST"},{"floor":32.0,"key":"DIG"},{"floor":40.0,"key":"DIG"},{"floor":44.0,"key":"RECALL"},{"floor":47.0,"key":"REST"},{"floor":49.0,"key":"DIG"},{"floor":52.0,"key":"DIG"}],"circlet_count":0,"master_deck":["Strike_G","Strike_G","Strike_G","Strike_G","Defend_G","Defend_G","Defend_G","Defend_G","Defend_G","Survivor","Neutralize","Blade Dance","Infinite Blades","Accuracy","Underhanded Strike","Backstab","Storm of Steel+1","Crippling Poison","Predator","Slice","Corpse Explosion","Bane+1","RitualDagger","PiercingWail","Distraction","Finisher","Tactician","Dodge and Roll","Blade Dance","Bouncing Flask","Noxious Fumes","After Image","Backflip+1","Flechettes+1","Riddle With Holes+1","Outmaneuver+1","PiercingWail+1","Caltrops","After Image","Outmaneuver+1"],"relics":["Ring of the Snake","Old Coin","Regal Pillow","ClockworkSouvenir","Shovel","Pen Nib","Omamori","Odd Mushroom","Blood Vial","Snecko Eye","Boot","InkBottle","Meat on the Bone","Anchor","Fusion Hammer","Mummified Hand","Membership Card","Snake Skull","The Courier","PreservedInsect","Bag of Preparation","Bottled Lightning","Strawberry","Happy Flower"],"acts_visited":["Exordium","TheCity","TheBeyond","TheEnding"],"potions_floor_usage":[55,55,55,55,55],"damage_taken":[{"damage":0.0,"enemies":"Cultist","floor":1.0,"turns":4.0},{"damage":0.0,"enemies":"Jaw Worm","floor":3.0,"turns":4.0},{"damage":0.0,"enemies":"2 Louse","floor":4.0,"turns":3.0},{"damage":1.0,"enemies":"Large Slime","floor":5.0,"turns":4.0},{"damage":32.0,"enemies":"Gremlin Nob","floor":6.0,"turns":5.0},{"damage":17.0,"enemies":"Lagavulin","floor":8.0,"turns":5.0},{"damage":0.0,"enemies":"3 Louse","floor":11.0,"turns":2.0},{"damage":0.0,"enemies":"The Mushroom Lair","floor":12.0,"turns":3.0},{"damage":14.0,"enemies":"Gremlin Nob","floor":13.0,"turns":4.0},{"damage":0.0,"enemies":"Gremlin Gang","floor":14.0,"turns":4.0},{"damage":18.0,"enemies":"Slime Boss","floor":16.0,"turns":8.0},{"damage":9.0,"enemies":"Shell Parasite","floor":18.0,"turns":5.0},{"damage":23.0,"enemies":"Spheric Guardian","floor":21.0,"turns":4.0},{"damage":4.0,"enemies":"Snecko","floor":22.0,"turns":3.0},{"damage":36.0,"enemies":"Gremlin Leader","floor":24.0,"turns":6.0},{"damage":8.0,"enemies":"Chosen and Byrds","floor":27.0,"turns":4.0},{"damage":0.0,"enemies":"3 Cultists","floor":30.0,"turns":2.0},{"damage":8.0,"enemies":"Cultist and Chosen","floor":31.0,"turns":3.0},{"damage":56.0,"enemies":"Automaton","floor":33.0,"turns":8.0},{"damage":0.0,"enemies":"3 Shapes","floor":35.0,"turns":4.0},{"damage":0.0,"enemies":"3 Darklings","floor":36.0,"turns":2.0},{"damage":3.0,"enemies":"Maw","floor":37.0,"turns":6.0},{"damage":30.0,"enemies":"Transient","floor":38.0,"turns":5.0},{"damage":5.0,"enemies":"Spire Growth","floor":39.0,"turns":5.0},{"damage":4.0,"enemies":"Giant Head","floor":42.0,"turns":5.0},{"damage":25.0,"enemies":"Reptomancer","floor":45.0,"turns":4.0},{"damage":7.0,"enemies":"3 Darklings","floor":48.0,"turns":3.0},{"damage":41.0,"enemies":"Donu and Deca","floor":50.0,"turns":5.0},{"damage":27.0,"enemies":"Shield and Spear","floor":54.0,"turns":4.0},{"damage":36,"enemies":"The Heart","floor":55,"turns":8}],"seed_played":"2986965725858009434","potions_obtained":[{"floor":3.0,"key":"SkillPotion"},{"floor":6.0,"key":"Dexterity Potion"},{"floor":8.0,"key":"Strength Potion"},{"floor":13.0,"key":"EssenceOfSteel"},{"floor":14.0,"key":"Poison Potion"},{"floor":18.0,"key":"ColorlessPotion"},{"floor":21.0,"key":"SkillPotion"},{"floor":27.0,"key":"Explosive Potion"},{"floor":28.0,"key":"LiquidMemories"},{"floor":28.0,"key":"SteroidPotion"},{"floor":30.0,"key":"Regen Potion"},{"floor":31.0,"key":"Weak Potion"},{"floor":33.0,"key":"Fruit Juice"},{"floor":38.0,"key":"BlessingOfTheForge"},{"floor":39.0,"key":"EntropicBrew"},{"floor":42.0,"key":"BlessingOfTheForge"},{"floor":45.0,"key":"Block Potion"},{"floor":48.0,"key":"Energy Potion"},{"floor":54.0,"key":"Explosive Potion"}],"is_trial":false,"path_per_floor":["M","$","M","M","M","E","R","E","T","R","M","?","E","M","R","B",null,"M","?","?","M","M","R","E","R","T","M","?","$","M","M","R","B",null,"M","M","M","M","M","R","$","E","T","R","E","?","R","M","R","B",null,"R","$","E","B",null],"character_chosen":"THE_SILENT","items_purchased":["Regal Pillow","ClockworkSouvenir","Dodge and Roll","Meat on the Bone","Blade Dance","Membership Card","Snake Skull","Caltrops","After Image","Strawberry"],"campfire_rested":5,"item_purchase_floors":[2,2,29,29,29,41,41,53,53,53],"current_hp_per_floor":[63,63,63,63,62,30,66,49,49,49,49,49,35,37,70,52,66,59,53,53,32,30,66,32,68,68,62,62,62,64,63,63,21,58,60,62,61,45,47,47,47,45,45,45,34,34,70,64,64,37,63,63,70,45,23],"gold":49,"neow_bonus":"ONE_RARE_RELIC","is_daily":false,"chose_seed":false,"campfire_upgraded":1,"win_rate":0.0,"timestamp":1612177558,"path_taken":["M","$","M","M","M","E","R","E","T","R","?","?","E","M","R","BOSS","M","?","?","M","M","R","E","R","T","M","?","$","M","M","R","BOSS","M","M","?","M","M","R","$","E","T","R","E","?","R","M","R","BOSS","R","$","E","BOSS"],"items_purchased_type":["Relic","Relic","Card","Relic","Card","Relic","Relic","Card","Card","Relic"],"build_version":"2020-12-22","purchased_purges":1,"victory":true,"max_hp_per_floor":[70,70,70,70,70,70,70,70,70,70,70,70,70,70,70,70,70,70,70,70,70,70,70,70,70,70,70,70,70,70,70,70,70,70,70,70,70,70,75,75,75,75,75,75,75,71,71,71,71,71,71,71,78,78,78],"relic_stats":{"Regal Pillow":72,"Happy Flower":[2],"counters":[30,132],"Pen Nib":[38],"Snake Skull":[83],"PreservedInsect":77,"Bag of Preparation":[3],"Boot":[76],"Blood Vial":39,"Shovel":4,"Mummified Hand":[51],"Snecko Eye":[186,173,176,176],"obtain_stats":[{"Regal Pillow":2,"Snake Skull":41,"Bag of Preparation":49,"Boot":24,"Old Coin":0,"ClockworkSouvenir":2,"Blood Vial":13,"Shovel":6,"Mummified Hand":40,"Strawberry":53,"Fusion Hammer":34,"InkBottle":26,"Ring of the Snake":0,"Happy Flower":54,"Pen Nib":8,"The Courier":42,"PreservedInsect":45,"Omamori":9,"Odd Mushroom":12,"keyreminder:keyreminder":43,"Anchor":32,"Snecko Eye":17,"Membership Card":41,"Bottled Lightning":52,"Meat on the Bone":29},{"Regal Pillow":1,"Snake Skull":24,"Bag of Preparation":27,"Boot":15,"Old Coin":0,"ClockworkSouvenir":1,"Blood Vial":9,"Shovel":5,"Mummified Hand":24,"Strawberry":28,"Fusion Hammer":19,"InkBottle":15,"Ring of the Snake":0,"Happy Flower":29,"Pen Nib":6,"The Courier":25,"PreservedInsect":26,"Omamori":6,"Odd Mushroom":8,"keyreminder:keyreminder":25,"Anchor":18,"Snecko Eye":11,"Membership Card":24,"Bottled Lightning":28,"Meat on the Bone":16},{"Regal Pillow":4,"Snake Skull":103,"Bag of Preparation":115,"Boot":64,"Old Coin":0,"ClockworkSouvenir":4,"Blood Vial":34,"Shovel":20,"Mummified Hand":103,"Strawberry":120,"Fusion Hammer":81,"InkBottle":64,"Ring of the Snake":0,"Happy Flower":124,"Pen Nib":25,"The Courier":108,"PreservedInsect":112,"Omamori":25,"Odd Mushroom":30,"keyreminder:keyreminder":108,"Anchor":73,"Snecko Eye":46,"Membership Card":103,"Bottled Lightning":120,"Meat on the Bone":68}],"InkBottle":[45],"Ring of the Snake":[60],"Meat on the Bone":60},"card_choices":[{"not_picked":["Bane","Caltrops"],"picked":"Blade Dance","floor":1.0},{"not_picked":["Poisoned Stab","PiercingWail"],"picked":"Infinite Blades","floor":3.0},{"not_picked":["Blade Dance","Skewer"],"picked":"Accuracy","floor":4.0},{"not_picked":["Eviscerate","Distraction"],"picked":"Underhanded Strike","floor":5.0},{"not_picked":["Setup","Prepared"],"picked":"Backstab","floor":6.0},{"not_picked":["Eviscerate","Deadly Poison"],"picked":"Storm of Steel","floor":8.0},{"not_picked":["Choke","Backflip"],"picked":"Crippling Poison","floor":11.0},{"not_picked":["All Out Attack","Prepared"],"picked":"Predator","floor":13.0},{"not_picked":["Acrobatics","Flying Knee"],"picked":"Slice","floor":14.0},{"not_picked":["Envenom","Die Die Die"],"picked":"Corpse Explosion","floor":16.0},{"not_picked":["Prepared+1","Reflex"],"picked":"Bane+1","floor":18.0},{"not_picked":["Poisoned Stab+1","Dagger Throw"],"picked":"PiercingWail","floor":21.0},{"not_picked":["Deadly Poison","Caltrops"],"picked":"Distraction","floor":22.0},{"not_picked":["Storm of Steel","Catalyst+1"],"picked":"Finisher","floor":24.0},{"not_picked":["Deflect","Well Laid Plans"],"picked":"Tactician","floor":27.0},{"not_picked":["Blur","Deadly Poison"],"picked":"Bouncing Flask","floor":30.0},{"not_picked":["Finisher","Caltrops"],"picked":"Noxious Fumes","floor":31.0},{"not_picked":["Night Terror","Venomology"],"picked":"After Image","floor":33.0},{"not_picked":["PiercingWail","Prepared"],"picked":"Backflip+1","floor":35.0},{"not_picked":["Poisoned Stab","Bane+1","Distraction"],"picked":"SKIP","floor":36.0},{"not_picked":["Dagger Spray","Bouncing Flask+1"],"picked":"Flechettes+1","floor":37.0},{"not_picked":["Heel Hook","Deflect+1"],"picked":"Riddle With Holes+1","floor":38.0},{"not_picked":["Caltrops","Blade Dance","Quick Slash"],"picked":"SKIP","floor":39.0},{"not_picked":["Quick Slash","Unload"],"picked":"Outmaneuver+1","floor":42.0},{"not_picked":["Deflect","Flying Knee"],"picked":"PiercingWail+1","floor":45.0},{"not_picked":["Poisoned Stab+1","Quick Slash+1","Infinite Blades+1"],"picked":"SKIP","floor":48.0},{"not_picked":["Prepared","Sucker Punch+1"],"picked":"Outmaneuver+1","floor":54.0}],"player_experience":741100,"relics_obtained":[{"floor":6.0,"key":"Shovel"},{"floor":8.0,"key":"Pen Nib"},{"floor":9.0,"key":"Omamori"},{"floor":12.0,"key":"Odd Mushroom"},{"floor":13.0,"key":"Blood Vial"},{"floor":24.0,"key":"Boot"},{"floor":26.0,"key":"InkBottle"},{"floor":32.0,"key":"Anchor"},{"floor":40.0,"key":"Mummified Hand"},{"floor":42.0,"key":"The Courier"},{"floor":45.0,"key":"PreservedInsect"},{"floor":49.0,"key":"Bag of Preparation"},{"floor":52.0,"key":"Bottled Lightning"},{"floor":54.0,"key":"Happy Flower"}],"event_choices":[{"damage_healed":0.0,"max_hp_gain":0.0,"max_hp_loss":0.0,"gold_gain":0.0,"event_name":"Mushrooms","player_choice":"Fought Mushrooms","floor":12.0,"gold_loss":0.0,"damage_taken":0.0},{"damage_healed":0.0,"max_hp_gain":0.0,"max_hp_loss":0.0,"gold_gain":0.0,"event_name":"Nest","player_choice":"Joined the Cult","floor":19.0,"gold_loss":0.0,"damage_taken":6.0,"cards_obtained":["RitualDagger"]},{"damage_healed":0.0,"max_hp_gain":0.0,"max_hp_loss":0.0,"gold_gain":0.0,"event_name":"Ghosts","player_choice":"Ignored","floor":20.0,"gold_loss":0.0,"damage_taken":0.0},{"damage_healed":0.0,"max_hp_gain":0.0,"max_hp_loss":0.0,"gold_gain":0.0,"event_name":"The Woman in Blue","player_choice":"Bought 2 Potions","floor":28.0,"gold_loss":0.0,"damage_taken":0.0},{"damage_healed":0.0,"max_hp_gain":0.0,"max_hp_loss":4.0,"gold_gain":0.0,"event_name":"Winding Halls","player_choice":"Max HP","floor":46.0,"gold_loss":0.0,"damage_taken":0.0}],"is_beta":false,"boss_relics":[{"not_picked":["Ring of the Serpent","SacredBark"],"picked":"Snecko Eye"},{"not_picked":["Cursed Key","Runic Pyramid"],"picked":"Fusion Hammer"}],"items_purged_floors":[29],"is_endless":false,"potions_floor_spawned":[3,6,8,13,14,18,21,27,30,31,33,38,39,42,45,48,54],"ascension_level":9}}