{"host":"b2j09bgckbzjrujr","time":1612149661,"event":{"mods":["AchievementEnabler","Act Like it!","Aspiration","BaseMod","BetterRewards","Colored Map","Colored Powertips","Conspire","Friendly Minions","Infinite Spire","Marisa£®ÏF”Í°°ƒß¿Ì…≥£©","Minty Spire (QoL Compilation)","Quick Restart","Rare Cards Sparkle","Reimu£®≤©¿ˆ¡È√Œ£©","Remilia£®¿Ÿ√◊¿Ú—«£©","Replay The Spire","Shop Mod","StSLib","SuperFastMode","TestMod","The Cursed","The Jungle","The Servant 0.9.4","Waifu the Spire","Youmu£®ªÍ∆«—˝√Œ£©","Yuyuko","[IsaacMod]“‘»ˆº‚À˛","°æπ¶ƒ‹Mod°øªÏ„Á÷Æª∑–ﬁ∏¥≤π∂°"],"gold_per_floor":[116,131,131,144,217,245,245,280,280,280,280,291,37,71,71,169,169,179,179,179,199,136,167,167,177,250,250,283,298,331,346,346,447,447,447],"floor_reached":34,"language":"ZHS","playtime":956,"items_purged":["Envy_TH","Strike_R","Pain","Strike_R"],"score":923,"play_id":"bfcfc0fd-0901-49c5-a81b-075fd2eb818f","local_time":"20210201112101","is_ascension_mode":true,"campfire_choices":[{"data":"HalloweenModCandy","floor":7.0,"key":"SMITH"},{"data":"ReplayTheSpireMod:Haul","floor":7.0,"key":"SMITH"},{"floor":15.0,"key":"REST"},{"data":"ReplayTheSpireMod:Black Plague","floor":24.0,"key":"SMITH"},{"data":"HalloweenModTrick","floor":24.0,"key":"SMITH"},{"floor":32.0,"key":"RECALL"}],"circlet_count":0,"master_deck":["Strike_R","Strike_R","Defend_R","Defend_R","Defend_R","Defend_R","Bash","HalloweenModCandy+1","HalloweenModTrick+1","Writhe","ReplayTheSpireMod:Faulty Equipment","ReplayTheSpireMod:Haul+1","HalloweenModTrick","HalloweenModTrick","CurseOfTheBell","HalloweenModTrick+1","ReplayTheSpireMod:Black Plague+1","HalloweenModGhostCostume+1","HalloweenModTrick+1"],"relics":["Burning Blood","aspiration:StickyExplosives_weak","aspiration:ChemicalBlood","ReplayTheSpireMod:CursedCoin","MerchantsRug","testmod-Fortitude","Letter Opener","Replay:Arrowhead","theJungle:ShellPeas","Blue Kimono (Sakura)","HalloweenModHalloween","Blue Candle","PreservedInsect","infinitespire:Beetle Shell","CrazyTorch:ReiMu","testmod-TestBox","RuthlessExorcism:ReiMu","Pen Nib","Calling Bell","Mastiff:ReiMu","Tea:ReiMu","testmod-RainbowHikingShoes","WarpedTongs","aspiration:KMNothing","aspiration:KMNothing","aspiration:KMNothing","aspiration:KMNothing","aspiration:KMNothing"],"acts_visited":["Exordium","TheCity"],"potions_floor_usage":[],"damage_taken":[{"damage":0.0,"enemies":"Small Slimes","floor":1.0,"turns":3.0},{"damage":12.0,"enemies":"2 Louse","floor":2.0,"turns":4.0},{"damage":1.0,"enemies":"Cultist","floor":4.0,"turns":3.0},{"damage":11.0,"enemies":"3 Sentries","floor":6.0,"turns":3.0},{"damage":9.0,"enemies":"Lagavulin","floor":8.0,"turns":3.0},{"damage":14.0,"enemies":"Blue Slaver","floor":12.0,"turns":2.0},{"damage":27.0,"enemies":"Nightmare","floor":14.0,"turns":5.0},{"damage":15.0,"enemies":"The Guardian","floor":16.0,"turns":5.0},{"damage":3.0,"enemies":"2 Thieves","floor":18.0,"turns":2.0},{"damage":1.0,"enemies":"3 Byrds","floor":21.0,"turns":1.0},{"damage":2.0,"enemies":"Slavers","floor":23.0,"turns":1.0},{"damage":5.0,"enemies":"Centurion and Healer","floor":25.0,"turns":2.0},{"damage":2.0,"enemies":"Gremlin Leader","floor":28.0,"turns":2.0},{"damage":2.0,"enemies":"Shelled Parasite and Fungi","floor":29.0,"turns":2.0},{"damage":2.0,"enemies":"Book of Stabbing","floor":30.0,"turns":2.0},{"damage":2.0,"enemies":"Cultist and Chosen","floor":31.0,"turns":1.0},{"damage":38.0,"enemies":"Automaton","floor":33.0,"turns":5.0}],"seed_played":"-6515631862819125382","potions_obtained":[{"floor":1.0,"key":"ZuzhouPotion:ReiMu"},{"floor":4.0,"key":"Energy Potion"},{"floor":8.0,"key":"FearPotion"},{"floor":14.0,"key":"FearPotion"},{"floor":16.0,"key":"Dexterity Potion"},{"floor":18.0,"key":"LifebloodPotion"}],"is_trial":false,"path_per_floor":["M","M","?","M","?","E","R","E","T","?","?","M","$","NM","R","B",null,"M","?","AVR","M","$","E","R","M","T","?","E","M","E","M","R","B",null],"character_chosen":"IRONCLAD","items_purchased":["aspiration:StickyExplosives_weak","aspiration:ChemicalBlood","ReplayTheSpireMod:CursedCoin","MerchantsRug","RuthlessExorcism:ReiMu","aspiration:KMNothing","aspiration:KMNothing","aspiration:KMNothing"],"campfire_rested":1,"item_purchase_floors":[0,0,0,0,13,22,22,22],"current_hp_per_floor":[38,36,36,45,45,44,44,45,45,45,45,37,37,28,52,55,74,80,80,180,180,80,80,80,80,80,80,80,80,80,80,80,48,48,48],"gold":447,"neow_bonus":"","is_daily":false,"chose_seed":false,"campfire_upgraded":4,"win_rate":0.0,"timestamp":1612149661,"path_taken":["M","M","?","M","?","E","R","E","T","?","?","M","$","NM","R","BOSS","M","?","AVR","?","$","E","R","M","T","?","E","M","E","M","R","BOSS"],"items_purchased_type":["Relic","Relic","Relic","Relic","Relic","Relic","Relic","Relic"],"build_version":"2020-12-22","purchased_purges":4,"victory":false,"max_hp_per_floor":[80,80,80,80,80,80,80,80,80,80,80,80,80,80,80,80,80,80,80,180,180,80,80,80,80,80,80,80,80,80,80,80,80,80,80],"card_choices":[{"not_picked":["HalloweenModGhostCostume","HalloweenModTrick"],"picked":"HalloweenModCandy","floor":1.0},{"not_picked":["HalloweenModCandy","HalloweenModGhostCostume"],"picked":"HalloweenModTrick","floor":2.0},{"not_picked":["infinitespire:UltimateForm","infinitespire:Execution"],"picked":"ReplayTheSpireMod:Haul","floor":3.0},{"not_picked":["HalloweenModCandy","HalloweenModGhostCostume"],"picked":"HalloweenModTrick","floor":4.0},{"not_picked":["HalloweenModGhostCostume","HalloweenModCandy"],"picked":"HalloweenModTrick","floor":6.0},{"not_picked":["HalloweenModGhostCostume","HalloweenModTrick","HalloweenModCandy"],"picked":"SKIP","floor":8.0},{"not_picked":["HalloweenModGhostCostume","HalloweenModCandy","HalloweenModTrick"],"picked":"SKIP","floor":12.0},{"not_picked":["HalloweenModTrick","HalloweenModCandy","HalloweenModGhostCostume"],"picked":"SKIP","floor":14.0},{"not_picked":["HalloweenModCandy","HalloweenModGhostCostume"],"picked":"HalloweenModTrick+1","floor":18.0},{"not_picked":["HalloweenModTrick","HalloweenModCandy","HalloweenModGhostCostume"],"picked":"SKIP","floor":21.0},{"not_picked":["HalloweenModTrick","HalloweenModCandy"],"picked":"HalloweenModGhostCostume+1","floor":23.0},{"not_picked":["HalloweenModTrick","HalloweenModGhostCostume","HalloweenModCandy"],"picked":"SKIP","floor":25.0},{"not_picked":["HalloweenModTrick","HalloweenModGhostCostume","HalloweenModCandy"],"picked":"SKIP","floor":25.0},{"not_picked":["HalloweenModTrick","HalloweenModGhostCostume","HalloweenModCandy"],"picked":"SKIP","floor":28.0},{"not_picked":["HalloweenModCandy+1","HalloweenModGhostCostume","HalloweenModTrick"],"picked":"SKIP","floor":29.0},{"not_picked":["HalloweenModCandy","HalloweenModTrick","HalloweenModGhostCostume"],"picked":"SKIP","floor":30.0},{"not_picked":["HalloweenModTrick","HalloweenModGhostCostume","HalloweenModCandy+1"],"picked":"SKIP","floor":31.0},{"not_picked":["HalloweenModCandy","HalloweenModGhostCostume"],"picked":"HalloweenModTrick+1","floor":33.0}],"player_experience":69618,"relics_obtained":[{"floor":6.0,"key":"PreservedInsect"},{"floor":8.0,"key":"infinitespire:Beetle Shell"},{"floor":9.0,"key":"CrazyTorch:ReiMu"},{"floor":14.0,"key":"Pen Nib"},{"floor":17.0,"key":"Mastiff:ReiMu"},{"floor":17.0,"key":"Tea:ReiMu"},{"floor":17.0,"key":"testmod-RainbowHikingShoes"},{"floor":23.0,"key":"aspiration:KMNothing"},{"floor":30.0,"key":"aspiration:KMNothing"}],"event_choices":[{"damage_healed":0.0,"max_hp_gain":0.0,"max_hp_loss":0.0,"gold_gain":73.0,"event_name":"Golden Wing","player_choice":"Gained Gold","floor":5.0,"gold_loss":0.0,"damage_taken":0.0},{"cards_removed":["Strike_R"],"damage_healed":0.0,"max_hp_gain":0.0,"max_hp_loss":0.0,"gold_gain":0.0,"event_name":"Living Wall","player_choice":"Forget","floor":10.0,"gold_loss":0.0,"damage_taken":0.0},{"damage_healed":0.0,"max_hp_gain":0.0,"max_hp_loss":0.0,"gold_gain":0.0,"event_name":"∏¯◊‘º∫µƒ∫–◊”","player_choice":"Swap Relic","floor":11.0,"relics_lost":["testmod-TestBox"],"gold_loss":0.0,"damage_taken":0.0,"relics_obtained":["testmod-TestBox"]},{"damage_healed":0.0,"max_hp_gain":0.0,"max_hp_loss":0.0,"gold_gain":0.0,"event_name":"Accursed Blacksmith","player_choice":"Rummage","floor":19.0,"gold_loss":0.0,"damage_taken":0.0,"relics_obtained":["WarpedTongs"],"cards_obtained":["Pain"]},{"damage_healed":0.0,"max_hp_gain":0.0,"max_hp_loss":0.0,"gold_gain":0.0,"event_name":"conspire:Investor","player_choice":"Leave","floor":27.0,"gold_loss":0.0,"damage_taken":0.0}],"is_beta":false,"boss_relics":[{"not_picked":["aspiration:FutureDiary","Philosopher\u0027s Stone"],"picked":"Calling Bell"}],"items_purged_floors":[0,13,20,22],"is_endless":true,"potions_floor_spawned":[1,4,8,16,18,23,25,30,31],"ascension_level":7}}