{"host":"v01bqsqy2z1qiiuc","time":1612159713,"event":{"mods":["BaseMod","Better Note","Colored Map","Highlight Path","Minty Spire (QoL Compilation)","Permanent Neow","StSLib"],"gold_per_floor":[115,135,147,72,82,113,113,113,161,188,188,188,188,188,188,307,307,321,411,436,436,22,22,65,65,145,166,23,23,38,56,56,176,176,190,190,204,117,138,138,158,158,181,201,220,57,78,78,78,78],"floor_reached":51,"language":"ENG","playtime":8443,"items_purged":["Parasite","Injury"],"score":652,"play_id":"fda726b1-486b-425e-8214-9a6acc1a4738","local_time":"20210131220833","is_ascension_mode":false,"campfire_choices":[{"data":"Noxious Fumes","floor":7.0,"key":"SMITH"},{"floor":11.0,"key":"REST"},{"data":"Deflect","floor":13.0,"key":"SMITH"},{"data":"Poisoned Stab","floor":15.0,"key":"SMITH"},{"data":"Bullet Time","floor":23.0,"key":"SMITH"},{"data":"Footwork","floor":25.0,"key":"SMITH"},{"data":"Storm of Steel","floor":29.0,"key":"SMITH"},{"data":"Leg Sweep","floor":32.0,"key":"SMITH"},{"data":"Backflip","floor":40,"key":"SMITH"},{"floor":42,"key":"REST"},{"data":"Infinite Blades","floor":49,"key":"SMITH"}],"circlet_count":0,"master_deck":["Strike_G","Strike_G","Strike_G","Strike_G","Strike_G","Defend_G","Defend_G","Defend_G","Defend_G","Defend_G","Survivor","Neutralize","Backflip+1","Noxious Fumes+1","Bullet Time+1","Deflect+1","Poisoned Stab+1","Storm of Steel+1","Leg Sweep+1","Strike_G","Footwork+1","Blade Dance+1","Burst+1","CurseOfTheBell","Noxious Fumes+1","Apotheosis+1","Madness+1","Backflip+1","Madness+1","Blur+1","Dodge and Roll+1","Infinite Blades+1","Blind+1","Accuracy+1"],"relics":["Ring of the Snake","Ginger","Singing Bowl","PreservedInsect","Blood Vial","Blue Candle","Golden Idol","WristBlade","Eternal Feather","Bottled Lightning","Toxic Egg 2","Lee\u0027s Waffle","Calling Bell","Dream Catcher","White Beast Statue","TungstenRod","Vajra"],"acts_visited":["Exordium","TheCity","TheBeyond"],"potions_floor_usage":[41,41,44,45,47,50,50],"damage_taken":[{"damage":0.0,"enemies":"Small Slimes","floor":1.0,"turns":5.0},{"damage":0.0,"enemies":"Jaw Worm","floor":2.0,"turns":5.0},{"damage":4.0,"enemies":"Cultist","floor":3.0,"turns":5.0},{"damage":0.0,"enemies":"Exordium Wildlife","floor":5.0,"turns":4.0},{"damage":21.0,"enemies":"Lagavulin","floor":6.0,"turns":8.0},{"damage":12.0,"enemies":"Gremlin Nob","floor":10.0,"turns":4.0},{"damage":39.0,"enemies":"Slime Boss","floor":16.0,"turns":13.0},{"damage":5.0,"enemies":"Chosen","floor":18.0,"turns":4.0},{"damage":11.0,"enemies":"Spheric Guardian","floor":20.0,"turns":5.0},{"damage":22.0,"enemies":"Gremlin Leader","floor":24.0,"turns":5.0},{"damage":0.0,"enemies":"Snake Plant","floor":27.0,"turns":5.0},{"damage":9.0,"enemies":"3 Cultists","floor":30.0,"turns":4.0},{"damage":0.0,"enemies":"Chosen and Byrds","floor":31.0,"turns":4.0},{"damage":72.0,"enemies":"Collector","floor":33.0,"turns":11.0},{"damage":6,"enemies":"3 Shapes","floor":35,"turns":6},{"damage":1,"enemies":"Orb Walker","floor":37,"turns":2},{"damage":13,"enemies":"3 Darklings","floor":39,"turns":7},{"damage":21,"enemies":"Spire Growth","floor":41,"turns":7},{"damage":47,"enemies":"4 Shapes","floor":44,"turns":8},{"damage":17,"enemies":"Transient","floor":45,"turns":5},{"damage":10,"enemies":"Spire Growth","floor":47,"turns":8},{"damage":64,"enemies":"Awakened One","floor":50,"turns":15}],"seed_played":"-2733372193757262203","potions_obtained":[{"floor":1.0,"key":"SkillPotion"},{"floor":3.0,"key":"DuplicationPotion"},{"floor":6.0,"key":"Weak Potion"},{"floor":16.0,"key":"Fruit Juice"},{"floor":20.0,"key":"Fire Potion"},{"floor":24.0,"key":"LiquidBronze"},{"floor":27.0,"key":"DistilledChaos"},{"floor":33.0,"key":"Regen Potion"},{"floor":35,"key":"Dexterity Potion"},{"floor":37,"key":"Weak Potion"},{"floor":39,"key":"BlessingOfTheForge"},{"floor":41,"key":"ColorlessPotion"},{"floor":44,"key":"AttackPotion"},{"floor":45,"key":"SkillPotion"},{"floor":47,"key":"SteroidPotion"}],"is_trial":false,"path_per_floor":["M","M","M","$","M","E","R","?","T","E","R","?","R","?","R","B",null,"M","?","M","?","$","R","E","R","T","M","$","R","M","M","R","B",null,"M","?","M","$","M","R","M","R","T","M","M","$","M","?","R","B",null],"character_chosen":"THE_SILENT","items_purchased":["Eternal Feather","Footwork","Lee\u0027s Waffle","Madness+1","Infinite Blades","Blind+1"],"campfire_rested":2,"item_purchase_floors":[22,22,28,38,46,46],"current_hp_per_floor":[70,70,66,66,66,45,45,45,45,37,57,57,57,57,57,20,69,71,59,50,50,50,62,44,56,56,58,85,85,78,80,87,17,89,83,76,77,77,66,84,65,93,93,48,35,35,27,85,85,36],"gold":78,"neow_bonus":"ONE_RARE_RELIC","is_daily":false,"chose_seed":false,"campfire_upgraded":9,"win_rate":0.0,"timestamp":1612159713,"path_taken":["M","M","M","$","M","E","R","?","T","E","R","?","R","?","R","BOSS","M","?","M","?","$","R","E","R","T","M","?","R","M","M","R","BOSS","M","?","M","$","M","R","M","R","T","M","M","$","M","?","R","BOSS"],"items_purchased_type":["Relic","Card","Relic","Card","Card","Card"],"build_version":"2020-12-22","purchased_purges":2,"victory":true,"max_hp_per_floor":[70,70,70,67,67,67,67,67,67,69,69,69,69,69,69,69,69,76,76,76,76,76,76,78,78,78,78,85,85,87,87,87,89,89,89,91,91,91,91,91,91,93,93,95,97,97,97,85,85,85],"card_choices":[{"not_picked":["Deadly Poison","Sucker Punch"],"picked":"Backflip","floor":1.0},{"not_picked":["Poisoned Stab","Dagger Throw"],"picked":"Noxious Fumes","floor":2.0},{"not_picked":["Noxious Fumes","All Out Attack"],"picked":"Bullet Time","floor":3.0},{"not_picked":["Catalyst","Cloak And Dagger"],"picked":"Deflect","floor":5.0},{"not_picked":["Well Laid Plans","Blur"],"picked":"Poisoned Stab","floor":6.0},{"not_picked":["Heel Hook","Unload","Slice"],"picked":"Singing Bowl","floor":10.0},{"not_picked":["Malaise","Doppelganger"],"picked":"Storm of Steel","floor":16.0},{"not_picked":["Caltrops","Dodge and Roll","Choke"],"picked":"Singing Bowl","floor":18.0},{"not_picked":["Dagger Throw","Bane"],"picked":"Leg Sweep","floor":20.0},{"not_picked":["Cloak And Dagger","Acrobatics+1","All Out Attack"],"picked":"Singing Bowl","floor":24.0},{"not_picked":["Heel Hook","PiercingWail+1"],"picked":"Blade Dance+1","floor":27.0},{"not_picked":["Acrobatics+1","Poisoned Stab","Prepared+1"],"picked":"Singing Bowl","floor":30.0},{"not_picked":["Predator","Underhanded Strike+1"],"picked":"Burst+1","floor":31.0},{"not_picked":["Burst+1","Malaise+1","Storm of Steel+1"],"picked":"Singing Bowl","floor":33.0},{"not_picked":["Endless Agony","Crippling Poison+1"],"picked":"Noxious Fumes+1","floor":35},{"not_picked":["Jack Of All Trades+1","Swift Strike"],"picked":"Apotheosis+1","floor":36},{"not_picked":["Metamorphosis+1","Dark Shackles+1","Mind Blast"],"picked":"Singing Bowl","floor":36},{"not_picked":["Blind+1","Finesse+1"],"picked":"Madness+1","floor":36},{"not_picked":["Predator","Deflect+1"],"picked":"Backflip+1","floor":37},{"not_picked":["Sucker Punch","Finisher"],"picked":"Blur+1","floor":39},{"not_picked":["Acrobatics+1","Riddle With Holes"],"picked":"Dodge and Roll+1","floor":41},{"not_picked":["Deflect+1","Calculated Gamble+1","Flying Knee+1"],"picked":"Singing Bowl","floor":42},{"not_picked":["Deflect+1","Predator","Backflip+1"],"picked":"Singing Bowl","floor":44},{"not_picked":["Glass Knife","Flying Knee+1","Caltrops"],"picked":"Singing Bowl","floor":45},{"not_picked":["Endless Agony","Prepared+1"],"picked":"Accuracy+1","floor":47}],"player_experience":533024,"relics_obtained":[{"floor":6.0,"key":"Singing Bowl"},{"floor":9.0,"key":"Blood Vial"},{"floor":10.0,"key":"Blue Candle"},{"floor":24.0,"key":"Bottled Lightning"},{"floor":26.0,"key":"Toxic Egg 2"},{"floor":34.0,"key":"Dream Catcher"},{"floor":34.0,"key":"White Beast Statue"},{"floor":34.0,"key":"TungstenRod"},{"floor":43,"key":"Vajra"}],"event_choices":[{"damage_healed":0.0,"max_hp_gain":0.0,"max_hp_loss":0.0,"gold_gain":0.0,"event_name":"Dead Adventurer","player_choice":"Searched \u00271\u0027 times","floor":8.0,"gold_loss":0.0,"damage_taken":0.0,"relics_obtained":["PreservedInsect"]},{"damage_healed":0.0,"max_hp_gain":0.0,"max_hp_loss":0.0,"gold_gain":0.0,"event_name":"Golden Wing","player_choice":"Ignored","floor":12.0,"gold_loss":0.0,"damage_taken":0.0},{"damage_healed":0.0,"max_hp_gain":0.0,"max_hp_loss":0.0,"gold_gain":0.0,"event_name":"Golden Idol","player_choice":"Take Wound","floor":14.0,"gold_loss":0.0,"damage_taken":0.0,"relics_obtained":["Golden Idol"],"cards_obtained":["Injury"]},{"damage_healed":0.0,"max_hp_gain":0.0,"max_hp_loss":0.0,"gold_gain":90.0,"event_name":"Knowing Skull","player_choice":"GOLD ","floor":19.0,"potions_obtained":[],"gold_loss":0.0,"damage_taken":12.0,"cards_obtained":[]},{"cards_removed":["Injury"],"damage_healed":0.0,"max_hp_gain":0.0,"max_hp_loss":0.0,"gold_gain":0.0,"event_name":"betterNote:BetterNote","player_choice":"Take \u0026 Give","floor":21.0,"gold_loss":0.0,"damage_taken":0.0,"cards_obtained":["Strike_G"]},{"damage_healed":0,"gold_gain":0,"player_choice":"Memory 3","damage_taken":10,"max_hp_gain":0,"max_hp_loss":0,"event_name":"SensoryStone","floor":36,"gold_loss":0},{"damage_healed":85,"gold_gain":0,"player_choice":"Heal","damage_taken":0,"max_hp_gain":0,"max_hp_loss":12,"event_name":"The Moai Head","floor":48,"gold_loss":0}],"is_beta":false,"boss_relics":[{"not_picked":["Velvet Choker","Runic Dome"],"picked":"WristBlade"},{"not_picked":["Tiny House","Black Star"],"picked":"Calling Bell"}],"items_purged_floors":[4,22],"is_endless":false,"potions_floor_spawned":[1,3,6,16,20,24,27,33,35,37,39,41,44,45,47],"ascension_level":0}}