{"host":"15dd7v8o90xso62x","time":1612181134,"event":{"mods":["BaseMod","Minty Spire (QoL Compilation)","Quick Restart","StSLib","SuperFastMode"],"gold_per_floor":[114,39,39,39,39,39,78,78,78,119,138,154,177,177,177,177,177],"floor_reached":16,"language":"KOR","playtime":246,"items_purged":["Defend_G"],"score":316,"play_id":"82b2206e-8332-4ef0-9660-9bab3f4cac40","local_time":"20210201210534","is_ascension_mode":true,"campfire_choices":[{"floor":6,"key":"REST"},{"data":"Neutralize","floor":8,"key":"SMITH"},{"data":"Phantasmal Killer","floor":15,"key":"SMITH"}],"circlet_count":0,"master_deck":["AscendersBane","Strike_G","Strike_G","Strike_G","Defend_G","Defend_G+1","Defend_G","Defend_G","Survivor+1","Neutralize+1","Quick Slash","Phantasmal Killer+1","Predator","Acrobatics","Escape Plan"],"relics":["Ring of the Snake","NeowsBlessing","Golden Idol","Blood Vial","Eternal Feather","Snake Skull"],"acts_visited":["Exordium"],"potions_floor_usage":[],"damage_taken":[{"damage":0,"enemies":"Cultist","floor":1,"turns":1},{"damage":0,"enemies":"3 Sentries","floor":7,"turns":1},{"damage":0,"enemies":"Gremlin Nob","floor":10,"turns":1},{"damage":0,"enemies":"Jaw Worm","floor":11,"turns":3},{"damage":1,"enemies":"Small Slimes","floor":12,"turns":3},{"damage":7,"enemies":"Exordium Wildlife","floor":13,"turns":5},{"damage":38,"enemies":"Slime Boss","floor":16,"turns":6}],"seed_played":"-1332168473412940749","potions_obtained":[{"floor":7,"key":"Dexterity Potion"},{"floor":12,"key":"LiquidBronze"}],"is_trial":false,"path_per_floor":["M","$","?","?","?","R","E","R","T","E","M","M","M","?","R","B"],"character_chosen":"THE_SILENT","items_purchased":[],"campfire_rested":1,"item_purchase_floors":[],"current_hp_per_floor":[59,59,39,16,9,28,28,28,28,30,32,33,28,28,37,1,1],"gold":177,"neow_bonus":"THREE_ENEMY_KILL","is_daily":false,"chose_seed":false,"campfire_upgraded":2,"win_rate":0.0,"timestamp":1612181134,"path_taken":["M","$","?","?","?","R","E","R","T","E","M","M","?","?","R","BOSS"],"items_purchased_type":[],"build_version":"2020-12-22","purchased_purges":1,"victory":false,"max_hp_per_floor":[66,66,66,66,66,66,66,66,66,66,66,66,66,66,66,66,66],"card_choices":[{"not_picked":["Quick Slash","Underhanded Strike","Outmaneuver"],"picked":"SKIP","floor":1},{"not_picked":["Masterful Stab","Riddle With Holes"],"picked":"Quick Slash","floor":7},{"not_picked":["Distraction","Flechettes"],"picked":"Phantasmal Killer","floor":10},{"not_picked":["Slice","Deflect"],"picked":"Predator","floor":11},{"not_picked":["Sucker Punch","Outmaneuver","Quick Slash"],"picked":"SKIP","floor":12},{"not_picked":["Quick Slash","Dagger Throw"],"picked":"Acrobatics","floor":13}],"player_experience":922822,"relics_obtained":[{"floor":7,"key":"Blood Vial"},{"floor":9,"key":"Eternal Feather"},{"floor":10,"key":"Snake Skull"}],"event_choices":[{"damage_healed":0,"gold_gain":0,"player_choice":"Entered Light","damage_taken":20,"max_hp_gain":0,"max_hp_loss":0,"event_name":"Shining Light","floor":3,"gold_loss":0,"cards_upgraded":["Survivor","Defend_G"]},{"damage_healed":0,"gold_gain":0,"player_choice":"Take Damage","damage_taken":23,"relics_obtained":["Golden Idol"],"max_hp_gain":0,"max_hp_loss":0,"event_name":"Golden Idol","floor":4,"gold_loss":0},{"cards_removed":["Strike_G"],"damage_healed":0,"gold_gain":0,"player_choice":"Card Removal","damage_taken":7,"max_hp_gain":0,"max_hp_loss":0,"event_name":"Golden Wing","floor":5,"gold_loss":0},{"damage_healed":0,"gold_gain":0,"cards_transformed":["Strike_G"],"player_choice":"Change","damage_taken":0,"max_hp_gain":0,"max_hp_loss":0,"event_name":"Living Wall","floor":14,"gold_loss":0,"cards_obtained":["Escape Plan"]}],"is_beta":false,"boss_relics":[],"items_purged_floors":[2],"is_endless":false,"potions_floor_spawned":[7,12],"killed_by":"Slime Boss","ascension_level":20}}