{"host":"nwd160me4iqdtr8u","time":1612196573,"event":{"mods":["AchievementEnabler","Act Like it!","BaseMod","Colored Map","DeckTracker","Keyboard Shortcuts","Minty Spire (QoL Compilation)","Quick Restart","Rare Cards Sparkle","StSLib","SuperFastMode","everything is the same but u backflip on backflip"],"gold_per_floor":[118,128,148,148,199,199,179,197,197,197,218,232,248,262,262,358,358,372,60,76,98,107,107,157,157,157,157,157,157,49,49,49],"floor_reached":31,"language":"KOR","playtime":947,"items_purged":[],"score":454,"play_id":"310bd971-969e-46f0-8d74-273f1bcc8441","local_time":"20210202012253","is_ascension_mode":true,"campfire_choices":[{"data":"Poisoned Stab","floor":6.0,"key":"SMITH"},{"data":"Cloak And Dagger","floor":10.0,"key":"SMITH"},{"data":"Predator","floor":15.0,"key":"SMITH"},{"floor":23.0,"key":"REST"},{"data":"Night Terror","floor":27.0,"key":"SMITH"},{"data":"Adrenaline","floor":29.0,"key":"SMITH"}],"circlet_count":0,"master_deck":["AscendersBane","Strike_G","Strike_G","Strike_G","Strike_G","Strike_G","Defend_G","Defend_G","Defend_G","Defend_G","Defend_G","Survivor","Neutralize","Cloak And Dagger+1","Poisoned Stab+1","Escape Plan","Tactician","Blade Dance","Adrenaline+1","Predator+1","Night Terror+1","Flying Knee","Deep Breath","Backflip","Flechettes","Footwork","Blur"],"relics":["Ring of the Snake","Anchor","Golden Idol","Orichalcum","HornCleat","CeramicFish","Ninja Scroll","FaceOfCleric"],"acts_visited":["Exordium","TheCity"],"potions_floor_usage":[],"damage_taken":[{"damage":4.0,"enemies":"2 Louse","floor":1.0,"turns":3.0},{"damage":0.0,"enemies":"Jaw Worm","floor":2.0,"turns":4.0},{"damage":3.0,"enemies":"Cultist","floor":3.0,"turns":4.0},{"damage":7.0,"enemies":"Exordium Thugs","floor":8.0,"turns":6.0},{"damage":0.0,"enemies":"Large Slime","floor":11.0,"turns":7.0},{"damage":0.0,"enemies":"3 Louse","floor":12.0,"turns":3.0},{"damage":6.0,"enemies":"Red Slaver","floor":13.0,"turns":5.0},{"damage":0.0,"enemies":"2 Fungi Beasts","floor":14.0,"turns":3.0},{"damage":31.0,"enemies":"The Guardian","floor":16.0,"turns":16.0},{"damage":10.0,"enemies":"Shell Parasite","floor":18.0,"turns":7.0},{"damage":0.0,"enemies":"Chosen","floor":20.0,"turns":3.0},{"damage":14.0,"enemies":"Shelled Parasite and Fungi","floor":21.0,"turns":6.0},{"damage":39,"enemies":"3 Cultists","floor":31,"turns":7}],"seed_played":"6582039488503735254","potions_obtained":[{"floor":1.0,"key":"FearPotion"},{"floor":2.0,"key":"CunningPotion"},{"floor":7.0,"key":"CunningPotion"},{"floor":12.0,"key":"Poison Potion"},{"floor":14.0,"key":"EssenceOfSteel"},{"floor":16.0,"key":"Energy Potion"},{"floor":20.0,"key":"Strength Potion"}],"is_trial":false,"path_per_floor":["M","M","M","?","T","R","?","M","T","R","M","M","M","M","R","B",null,"M","$","M","M","?","R","?","?","T","R","?","R","$","M"],"character_chosen":"THE_SILENT","items_purchased":["Deep Breath","Backflip","CeramicFish","Blur","LiquidBronze"],"campfire_rested":1,"item_purchase_floors":[19,19,19,30,30],"current_hp_per_floor":[55,55,52,52,52,52,52,45,45,45,45,45,39,39,39,8,47,37,37,37,23,23,41,41,41,41,41,41,41,41,2,2],"gold":49,"neow_bonus":"RANDOM_COMMON_RELIC","is_daily":false,"chose_seed":false,"campfire_upgraded":5,"win_rate":0.0,"timestamp":1612196573,"path_taken":["M","M","M","?","?","R","?","M","T","R","M","M","M","?","R","BOSS","M","$","M","M","?","R","?","?","T","R","?","R","$","M"],"items_purchased_type":["Card","Card","Relic","Card","Potion"],"build_version":"2020-12-22","purchased_purges":0,"victory":false,"max_hp_per_floor":[66,66,66,60,60,60,60,60,60,60,60,60,60,60,60,60,60,60,60,60,60,60,60,60,60,60,60,60,60,60,60,60],"card_choices":[{"not_picked":["Skewer","Dodge and Roll","Distraction"],"picked":"SKIP","floor":1.0},{"not_picked":["Slice","Bane"],"picked":"Cloak And Dagger","floor":2.0},{"not_picked":["Deadly Poison","Acrobatics"],"picked":"Poisoned Stab","floor":3.0},{"not_picked":["Blade Dance","Bane"],"picked":"Escape Plan","floor":8.0},{"not_picked":["Flechettes","Backstab"],"picked":"Tactician","floor":11.0},{"not_picked":["Underhanded Strike","Eviscerate"],"picked":"Blade Dance","floor":12.0},{"not_picked":["Prepared","Sucker Punch"],"picked":"Adrenaline","floor":13.0},{"not_picked":["Quick Slash","Prepared"],"picked":"Predator","floor":14.0},{"not_picked":["Storm of Steel","Grand Finale"],"picked":"Night Terror","floor":16.0},{"not_picked":["Underhanded Strike","Expertise"],"picked":"Flying Knee","floor":18.0},{"not_picked":["Caltrops","Sucker Punch","Poisoned Stab"],"picked":"SKIP","floor":20.0},{"not_picked":["Masterful Stab","Blade Dance"],"picked":"Flechettes","floor":21.0}],"player_experience":368685,"relics_obtained":[{"floor":5.0,"key":"Orichalcum"},{"floor":9.0,"key":"HornCleat"},{"floor":26.0,"key":"Ninja Scroll"}],"event_choices":[{"damage_healed":0.0,"max_hp_gain":0.0,"max_hp_loss":6.0,"gold_gain":0.0,"event_name":"Golden Idol","player_choice":"Lose Max HP","floor":4.0,"gold_loss":0.0,"damage_taken":0.0,"relics_obtained":["Golden Idol"]},{"damage_healed":0.0,"max_hp_gain":0.0,"max_hp_loss":0.0,"gold_gain":0.0,"event_name":"The Woman in Blue","player_choice":"Bought 1 Potion","floor":7.0,"gold_loss":0.0,"damage_taken":0.0},{"damage_healed":0.0,"max_hp_gain":0.0,"max_hp_loss":0.0,"gold_gain":0.0,"event_name":"The Library","player_choice":"Read","floor":22.0,"gold_loss":0.0,"damage_taken":0.0,"cards_obtained":["Footwork"]},{"damage_healed":0.0,"max_hp_gain":0.0,"max_hp_loss":0.0,"gold_gain":50.0,"event_name":"Nest","player_choice":"Stole From Cult","floor":24.0,"gold_loss":0.0,"damage_taken":0.0},{"damage_healed":0.0,"max_hp_gain":0.0,"max_hp_loss":0.0,"gold_gain":0.0,"event_name":"The Mausoleum","player_choice":"Ignored","floor":25.0,"gold_loss":0.0,"damage_taken":0.0},{"damage_healed":0.0,"max_hp_gain":0.0,"max_hp_loss":0.0,"gold_gain":0.0,"event_name":"FaceTrader","player_choice":"Trade","floor":28.0,"gold_loss":0.0,"damage_taken":0.0,"relics_obtained":["FaceOfCleric"]}],"is_beta":false,"boss_relics":[{"not_picked":["Pandora\u0027s Box","Sozu","Snecko Eye"]}],"items_purged_floors":[],"is_endless":false,"potions_floor_spawned":[1,2,12,14,16,20],"killed_by":"3 Cultists","ascension_level":20}}