{"host":"f0gpob8hq9vgebej","time":1612176450,"event":{"mods":["AchievementEnabler","BaseMod","Minty Spire (QoL Compilation)","Quick Restart","SuperFastMode"],"gold_per_floor":[109,122,132,147,167,167,167,177,177,192,117,117,142,160,160,160,160],"floor_reached":16,"language":"KOR","playtime":4405,"items_purged":["Strike_G"],"score":186,"play_id":"47c56995-3e12-4c13-b5b0-624bf626bf55","local_time":"20210201194730","is_ascension_mode":true,"campfire_choices":[{"data":"Finisher","floor":6.0,"key":"SMITH"},{"data":"Neutralize","floor":12.0,"key":"SMITH"},{"data":"Blade Dance","floor":15,"key":"SMITH"}],"circlet_count":0,"master_deck":["AscendersBane","Strike_G","Strike_G","Strike_G","Strike_G","Defend_G","Defend_G","Defend_G","Defend_G","Defend_G","Survivor","Neutralize+1","Blade Dance","Blade Dance+1","Finisher+1","Adrenaline","Prepared"],"relics":["Ring of the Snake","TungstenRod","Frozen Egg 2","Sundial"],"acts_visited":["Exordium"],"potions_floor_usage":[13,16],"damage_taken":[{"damage":2.0,"enemies":"Jaw Worm","floor":1.0,"turns":6.0},{"damage":3.0,"enemies":"Small Slimes","floor":2.0,"turns":3.0},{"damage":0.0,"enemies":"2 Louse","floor":3.0,"turns":4.0},{"damage":0.0,"enemies":"Looter","floor":4.0,"turns":4.0},{"damage":0.0,"enemies":"2 Fungi Beasts","floor":5.0,"turns":3.0},{"damage":3.0,"enemies":"Blue Slaver","floor":8.0,"turns":4.0},{"damage":13.0,"enemies":"3 Louse","floor":10.0,"turns":3.0},{"damage":8,"enemies":"3 Sentries","floor":13,"turns":5},{"damage":0,"enemies":"Exordium Thugs","floor":14,"turns":3},{"damage":33,"enemies":"Hexaghost","floor":16,"turns":13}],"seed_played":"1220266414427750804","potions_obtained":[{"floor":1.0,"key":"FearPotion"},{"floor":3.0,"key":"Regen Potion"},{"floor":14,"key":"Energy Potion"}],"is_trial":false,"path_per_floor":["M","M","M","M","M","R","?","M","T","M","$","R","E","M","R","B"],"character_chosen":"THE_SILENT","items_purchased":[],"campfire_rested":0,"item_purchase_floors":[],"current_hp_per_floor":[42,39,39,39,39,39,44,41,41,28,28,28,20,20,20,2,2],"gold":160,"neow_bonus":"ONE_RARE_RELIC","is_daily":false,"chose_seed":false,"campfire_upgraded":3,"win_rate":0.0,"timestamp":1612176450,"path_taken":["M","M","M","M","M","R","?","M","T","M","$","R","E","M","R","BOSS"],"items_purchased_type":[],"build_version":"2020-12-22","purchased_purges":1,"victory":false,"max_hp_per_floor":[66,66,66,66,66,66,71,71,71,71,71,71,71,71,71,71,71],"card_choices":[{"not_picked":["Tactician","Cloak And Dagger"],"picked":"Blade Dance","floor":1.0},{"not_picked":["Underhanded Strike","Flying Knee","Expertise"],"picked":"SKIP","floor":2.0},{"not_picked":["Cloak And Dagger","Infinite Blades"],"picked":"Blade Dance","floor":3.0},{"not_picked":["Deadly Poison","Dodge and Roll"],"picked":"Finisher","floor":4.0},{"not_picked":["Heel Hook","Blur","Catalyst"],"picked":"SKIP","floor":5.0},{"not_picked":["Cloak And Dagger","Poisoned Stab","Deadly Poison"],"picked":"SKIP","floor":8.0},{"not_picked":["All Out Attack","PiercingWail"],"picked":"Adrenaline","floor":10.0},{"not_picked":["Noxious Fumes+1","Deadly Poison"],"picked":"Prepared","floor":13},{"not_picked":["Outmaneuver","Dodge and Roll","Bane"],"picked":"SKIP","floor":14}],"player_experience":343308,"relics_obtained":[{"floor":9.0,"key":"Frozen Egg 2"},{"floor":13,"key":"Sundial"}],"event_choices":[{"damage_healed":0.0,"max_hp_gain":5.0,"max_hp_loss":0.0,"gold_gain":0.0,"event_name":"Big Fish","player_choice":"Donut","floor":7.0,"gold_loss":0.0,"damage_taken":0.0}],"is_beta":false,"boss_relics":[],"items_purged_floors":[11],"is_endless":false,"potions_floor_spawned":[1,3,8,14],"killed_by":"Hexaghost","ascension_level":15}}