{"host":"49pjgf1q9ev52n8z","time":1612157196,"event":{"mods":["BaseMod","Bestiary","Colored Map","Minty Spire (QoL Compilation)","Practice Mode","Relic Stats","StSLib"],"gold_per_floor":[110,129,146,146,146,146,146],"floor_reached":6,"language":"ENG","playtime":498,"items_purged":[],"score":70,"play_id":"59016142-de9a-417d-aa62-61ca10e8919e","local_time":"20210131212636","is_ascension_mode":true,"campfire_choices":[],"circlet_count":0,"master_deck":["AscendersBane","Strike_G","Strike_G","Strike_G","Strike_G","Strike_G","Defend_G","Defend_G","Defend_G","Defend_G","Survivor","Neutralize","Doubt","Adrenaline","Cloak And Dagger","A Thousand Cuts","Caltrops","Regret"],"relics":["Ring of the Snake","Ice Cream"],"acts_visited":["Exordium"],"potions_floor_usage":[6],"damage_taken":[{"damage":2,"enemies":"Small Slimes","floor":1,"turns":5},{"damage":4,"enemies":"Jaw Worm","floor":2,"turns":4},{"damage":3,"enemies":"Cultist","floor":3,"turns":4},{"damage":47,"enemies":"Lagavulin","floor":6,"turns":10}],"seed_played":"-5301662207163350902","potions_obtained":[{"floor":3,"key":"SkillPotion"}],"is_trial":false,"path_per_floor":["M","M","M","?","?","E"],"character_chosen":"THE_SILENT","items_purchased":[],"campfire_rested":0,"item_purchase_floors":[],"current_hp_per_floor":[57,53,50,43,43,0,0],"gold":146,"neow_bonus":"THREE_RARE_CARDS","is_daily":false,"chose_seed":false,"campfire_upgraded":0,"win_rate":0.0,"timestamp":1612157196,"path_taken":["M","M","M","?","?","E"],"items_purchased_type":[],"build_version":"2020-12-22","purchased_purges":0,"victory":false,"max_hp_per_floor":[66,66,66,66,66,66,66],"relic_stats":{"counters":[4,23],"obtain_stats":[{"Ice Cream":5,"Ring of the Snake":0},{"Ice Cream":3,"Ring of the Snake":0},{"Ice Cream":13,"Ring of the Snake":0}],"Ring of the Snake":[8]},"card_choices":[{"not_picked":["Bullet Time","Venomology"],"picked":"Adrenaline","floor":0},{"not_picked":["Dodge and Roll","Bane"],"picked":"Cloak And Dagger","floor":1},{"not_picked":["Flying Knee","Bane"],"picked":"A Thousand Cuts","floor":2},{"not_picked":["Cloak And Dagger","Eviscerate"],"picked":"Caltrops","floor":3}],"player_experience":678257,"relics_obtained":[],"event_choices":[{"cards_removed":["Defend_G"],"damage_healed":0,"gold_gain":0,"player_choice":"Card Removal","damage_taken":7,"max_hp_gain":0,"max_hp_loss":0,"event_name":"Golden Wing","floor":4,"gold_loss":0},{"damage_healed":0,"gold_gain":0,"player_choice":"Box","damage_taken":0,"relics_obtained":["Ice Cream"],"max_hp_gain":0,"max_hp_loss":0,"event_name":"Big Fish","floor":5,"gold_loss":0,"cards_obtained":["Regret"]}],"is_beta":false,"boss_relics":[],"items_purged_floors":[],"is_endless":false,"potions_floor_spawned":[3],"killed_by":"Lagavulin","ascension_level":19}}