{"host":"34kve6bedbwpq90u","time":1612153658,"event":{"mods":["100% Spire Juice","AchievementEnabler","Arknights","BaseMod","BetterRewards","Colored Map","Custom Start","Decade(王小明)","Defuse TimeMaze Blight","Downfall","Friendly Minions","GifTheSpireLib","HexUI Lib","Minty Spire (QoL Compilation)","MostiFishMod","Quarter Circle Forward PUNCH!","RumiaBox-露米娅的神秘盒子","Ryuuou龙王","Shop Mod","Spicy Shops","StSLib","TestMod","The Fake Hero","Waifu the Spire","WarShipGirlsR/战舰少女R mod"],"gold_per_floor":[118,63,77,77,94,94,94,113,137,137,163,163,163,163,163,163,163],"floor_reached":16,"language":"ZHS","playtime":530,"items_purged":[],"score":98,"play_id":"768782de-1adf-4d5c-8731-45cd8dd5d954","local_time":"20210201122738","is_ascension_mode":false,"campfire_choices":[{"data":"ats:Explosion Area Strengthen","floor":6,"key":"SMITH"},{"data":"ats:Armor Crushing Shot","floor":10,"key":"SMITH"},{"floor":15,"key":"REST"}],"circlet_count":0,"master_deck":["ats:Strike C","ats:Strike G","ats:Strike S","ats:Strike V","ats:Armor Crushing Shot+1","ats:Defend+1","ats:Defend+1","ats:Defend+1","ats:Emotion Absorption","ats:Explosion Area Strengthen+1","ats:Magnetic Hammer","ats:Automatic Cover+1","ats:Rapid Magazine+1"],"relics":["ats:Sanity","testmod-TestBox","DaveBox","testmod-CardMagician","Sling","NeowsBlessing","SynthV:TestCard","ats:Berate","ats:Originium","Ancient Tea Set","Golden Idol","War Paint"],"acts_visited":["Exordium"],"potions_floor_usage":[16],"damage_taken":[{"damage":0,"enemies":"Small Slimes","floor":1,"turns":1},{"damage":0,"enemies":"Jaw Worm","floor":3,"turns":1},{"damage":0,"enemies":"Cultist","floor":5,"turns":1},{"damage":10,"enemies":"Looter","floor":8,"turns":3},{"damage":13,"enemies":"3 Sentries","floor":11,"turns":5},{"damage":52,"enemies":"Hexaghost","floor":16,"turns":14}],"seed_played":"-3058007030522630438","potions_obtained":[{"floor":5,"key":"Explosive Potion"},{"floor":8,"key":"Strength Potion"}],"is_trial":false,"path_per_floor":["M","$","M","?","M","R","?","M","T","R","E","?","?","?","R","B"],"character_chosen":"DOCTOR_CLASS","items_purchased":["ats:Magnetic Hammer"],"campfire_rested":1,"item_purchase_floors":[2],"current_hp_per_floor":[72,72,72,65,65,65,65,55,55,55,42,28,28,28,48,0,0],"gold":163,"neow_bonus":"THREE_ENEMY_KILL","is_daily":false,"chose_seed":false,"campfire_upgraded":2,"win_rate":0.0,"timestamp":1612153658,"path_taken":["M","$","M","?","M","R","?","?","T","R","E","?","?","?","R","BOSS"],"items_purchased_type":["Card"],"build_version":"2020-12-22","purchased_purges":0,"victory":false,"max_hp_per_floor":[72,72,72,72,72,72,72,72,72,72,72,72,67,67,67,67,67],"card_choices":[{"not_picked":["ats:Flexible Camouflage","ats:Support Order"],"picked":"ats:Explosion Area Strengthen","floor":1},{"not_picked":["ats:Powerful Strike","ats:Blood Oath","ats:Hammer On","ats:Revitalization","ats:Encircling Forest"],"picked":"SKIP","floor":3},{"not_picked":["ats:LN2 Cannon","ats:Guard Mode","ats:Blood Oath","ats:Wolf Pack"],"picked":"ats:Automatic Cover","floor":5},{"not_picked":["ats:Guard Mode","ats:Ignite","ats:Poison Spread","ats:Hammer On","ats:Leaping Hammer"],"picked":"SKIP","floor":8},{"not_picked":["ats:Support Order","ats:Thermite Blade","ats:LN2 Cannon","ats:Sashimi Platter"],"picked":"ats:Rapid Magazine","floor":11}],"player_experience":48431,"relics_obtained":[{"floor":1,"key":"SynthV:TestCard"},{"floor":9,"key":"ats:Berate"},{"floor":11,"key":"ats:Originium"},{"floor":11,"key":"Ancient Tea Set"},{"floor":14,"key":"War Paint"}],"event_choices":[{"cards_removed":["ats:Defend"],"damage_healed":0,"gold_gain":0,"player_choice":"Card Removal","damage_taken":7,"max_hp_gain":0,"max_hp_loss":0,"event_name":"Golden Wing","floor":4,"gold_loss":0},{"damage_healed":0,"gold_gain":0,"player_choice":"Forge","damage_taken":0,"max_hp_gain":0,"max_hp_loss":0,"event_name":"Accursed Blacksmith","floor":7,"gold_loss":0,"cards_upgraded":["ats:Automatic Cover"]},{"damage_healed":0,"gold_gain":0,"player_choice":"Entered Light","damage_taken":14,"max_hp_gain":0,"max_hp_loss":0,"event_name":"Shining Light","floor":12,"gold_loss":0,"cards_upgraded":["ats:Defend","ats:Rapid Magazine"]},{"damage_healed":0,"gold_gain":0,"player_choice":"Lose Max HP","damage_taken":0,"relics_obtained":["Golden Idol"],"max_hp_gain":0,"max_hp_loss":5,"event_name":"Golden Idol","floor":13,"gold_loss":0},{"damage_healed":0,"gold_gain":0,"player_choice":"Relic","damage_taken":0,"max_hp_gain":0,"max_hp_loss":0,"event_name":"Wheel of Change","floor":14,"gold_loss":0}],"is_beta":false,"boss_relics":[],"items_purged_floors":[],"is_endless":false,"potions_floor_spawned":[5,8],"killed_by":"Hexaghost","ascension_level":0}}