{"host":"4par9lyhj7bf4dsa","time":1612160750,"event":{"mods":["AchievementEnabler","BaseMod","Colored Map","Minty Spire (QoL Compilation)","Relic Stats","StSLib"],"gold_per_floor":[119,119,131,149,74,102,46,74,74,74,99,99,28,47,47,124,124,138,149,162,182,193,193,227,227,227,227,262,276,292,305,305,382,382,393,393,440,5,5,32,32,59,59,59,78,78,78],"floor_reached":46,"language":"ENG","playtime":2937,"items_purged":["Strike_B+1"],"score":1212,"play_id":"af7f3d07-c8ed-40c7-aad3-011b1e483d07","local_time":"20210201172550","is_ascension_mode":true,"campfire_choices":[{"data":"Defragment","floor":10,"key":"SMITH"},{"data":"Genetic Algorithm","floor":12,"key":"SMITH"},{"data":"Zap","floor":15,"key":"SMITH"},{"data":"Glacier","floor":23,"key":"SMITH"},{"floor":27,"key":"REST"},{"floor":32,"key":"REST"},{"data":"Defragment","floor":41,"key":"SMITH"},{"data":"Loop","floor":44,"key":"SMITH"}],"circlet_count":0,"master_deck":["AscendersBane","Strike_B+1","Strike_B+1","Defend_B+1","Defend_B+1","Defend_B+1","Defend_B+1","Zap+1","Dualcast","Ball Lightning+1","Defragment+1","Ball Lightning+1","Glacier+1","Genetic Algorithm+1","Core Surge+1","Capacitor+1","Leap+1","Cold Snap+1","Darkness","White Noise","Loop+1","Stack+1","Go for the Eyes+1","Creative AI","Defragment+1","Dark Shackles","Self Repair+1","Meteor Strike+1","Doubt","Storm"],"relics":["Runic Pyramid","Letter Opener","Mummified Hand","Bottled Lightning","Molten Egg 2","Cursed Key","Oddly Smooth Stone","Vajra","Runic Dome","Incense Burner","Membership Card","Question Card","CaptainsWheel","Whetstone"],"acts_visited":["Exordium","TheCity","TheBeyond"],"potions_floor_usage":[3,11,16,22,24,46,46],"damage_taken":[{"damage":0,"enemies":"2 Louse","floor":1,"turns":3},{"damage":0,"enemies":"Jaw Worm","floor":3,"turns":2},{"damage":3,"enemies":"Small Slimes","floor":4,"turns":2},{"damage":10,"enemies":"Lagavulin","floor":6,"turns":7},{"damage":19,"enemies":"Gremlin Nob","floor":8,"turns":4},{"damage":0,"enemies":"3 Sentries","floor":11,"turns":5},{"damage":0,"enemies":"Looter","floor":14,"turns":3},{"damage":0,"enemies":"Hexaghost","floor":16,"turns":8},{"damage":0,"enemies":"Spheric Guardian","floor":18,"turns":4},{"damage":0,"enemies":"3 Byrds","floor":19,"turns":4},{"damage":8,"enemies":"Centurion and Healer","floor":20,"turns":8},{"damage":7,"enemies":"Chosen and Byrds","floor":21,"turns":6},{"damage":0,"enemies":"Snake Plant","floor":22,"turns":5},{"damage":37,"enemies":"Slavers","floor":24,"turns":7},{"damage":0,"enemies":"Book of Stabbing","floor":28,"turns":6},{"damage":1,"enemies":"3 Cultists","floor":29,"turns":6},{"damage":0,"enemies":"Centurion and Healer","floor":30,"turns":6},{"damage":0,"enemies":"Snecko","floor":31,"turns":6},{"damage":4,"enemies":"Automaton","floor":33,"turns":8},{"damage":8,"enemies":"3 Darklings","floor":35,"turns":6},{"damage":14,"enemies":"2 Orb Walkers","floor":37,"turns":5},{"damage":2,"enemies":"Giant Head","floor":40,"turns":9},{"damage":11,"enemies":"Nemesis","floor":42,"turns":7},{"damage":4,"enemies":"Orb Walker","floor":45,"turns":5},{"damage":52,"enemies":"Reptomancer","floor":46,"turns":5}],"seed_played":"-1945143750062454809","potions_obtained":[{"floor":1,"key":"Block Potion"},{"floor":8,"key":"Explosive Potion"},{"floor":14,"key":"DuplicationPotion"},{"floor":19,"key":"SpeedPotion"},{"floor":28,"key":"FocusPotion"},{"floor":30,"key":"SteroidPotion"},{"floor":35,"key":"Block Potion"}],"is_trial":false,"path_per_floor":["M","?","M","M","?","E","$","E","T","R","E","R","?","M","R","B",null,"M","M","M","M","M","R","E","?","T","R","E","M","M","M","R","B",null,"M","?","?","$","?","E","R","E","T","R","M","E"],"character_chosen":"DEFECT","items_purchased":["Dexterity Potion","Membership Card","DuplicationPotion","Dark Shackles","Question Card"],"campfire_rested":2,"item_purchase_floors":[7,38,38,38,38],"current_hp_per_floor":[64,64,64,61,61,51,51,32,32,32,32,32,32,32,32,32,61,61,61,53,46,46,46,9,9,9,30,30,29,29,29,50,46,65,57,57,43,43,43,41,41,40,40,40,36,0,0],"gold":78,"neow_bonus":"BOSS_RELIC","is_daily":false,"chose_seed":false,"campfire_upgraded":6,"win_rate":0.0,"timestamp":1612160750,"path_taken":["M","?","M","M","?","E","$","E","T","R","E","R","?","M","R","BOSS","M","M","M","M","M","R","E","?","T","R","E","M","M","M","R","BOSS","M","?","?","$","?","E","R","E","T","R","M","E"],"items_purchased_type":["Potion","Relic","Potion","Card","Relic"],"build_version":"2020-12-22","purchased_purges":1,"victory":false,"max_hp_per_floor":[71,71,71,71,71,71,71,71,71,71,71,71,71,71,71,71,71,71,71,71,71,71,71,71,71,71,71,71,71,71,71,71,71,71,71,71,71,71,67,67,67,67,67,67,67,67,67],"relic_stats":{"counters":[25,136],"Mummified Hand":[106],"Letter Opener":[285],"Whetstone":["Ball Lightning"],"Cursed Key":1,"Question Card":3,"obtain_stats":[{"Oddly Smooth Stone":24,"Vajra":28,"Incense Burner":37,"Letter Opener":6,"Whetstone":42,"Cursed Key":17,"Question Card":38,"Runic Dome":34,"CaptainsWheel":40,"Mummified Hand":8,"Molten Egg 2":11,"Bottled Lightning":9,"Membership Card":38,"Cracked Core":0,"Runic Pyramid":0},{"Oddly Smooth Stone":14,"Vajra":15,"Incense Burner":21,"Letter Opener":4,"Whetstone":23,"Cursed Key":8,"Question Card":21,"Runic Dome":19,"CaptainsWheel":22,"Mummified Hand":5,"Molten Egg 2":6,"Bottled Lightning":5,"Membership Card":21,"Cracked Core":0,"Runic Pyramid":0},{"Oddly Smooth Stone":68,"Vajra":74,"Incense Burner":110,"Letter Opener":14,"Whetstone":126,"Cursed Key":34,"Question Card":110,"Runic Dome":99,"CaptainsWheel":119,"Mummified Hand":18,"Molten Egg 2":23,"Bottled Lightning":18,"Membership Card":110,"Cracked Core":0,"Runic Pyramid":0}]},"card_choices":[{"not_picked":["Lockon","Leap"],"picked":"Ball Lightning","floor":1},{"not_picked":["Double Energy","Ball Lightning"],"picked":"Defragment","floor":3},{"not_picked":["Tempest","Beam Cell"],"picked":"Ball Lightning","floor":4},{"not_picked":["Tempest","Lockon"],"picked":"Glacier","floor":6},{"not_picked":["Barrage","Sweeping Beam","Hologram"],"picked":"SKIP","floor":8},{"not_picked":["Darkness","Cold Snap+1"],"picked":"Genetic Algorithm","floor":11},{"not_picked":["Compile Driver+1","Stack","Steam"],"picked":"SKIP","floor":14},{"not_picked":["Seek","All For One+1"],"picked":"Core Surge+1","floor":16},{"not_picked":["Storm","Leap"],"picked":"Capacitor+1","floor":18},{"not_picked":["Rebound+1","Beam Cell+1"],"picked":"Leap+1","floor":19},{"not_picked":["Reprogram","Compile Driver+1","Streamline+1"],"picked":"SKIP","floor":20},{"not_picked":["Skim","Compile Driver+1"],"picked":"Cold Snap+1","floor":21},{"not_picked":["Scrape+1","Buffer"],"picked":"Darkness","floor":22},{"not_picked":["Hello World","Rip and Tear+1"],"picked":"White Noise","floor":24},{"not_picked":["Rip and Tear+1","Cold Snap+1"],"picked":"Loop","floor":28},{"not_picked":["Beam Cell+1","Fusion"],"picked":"Stack+1","floor":29},{"not_picked":["Hello World","Recycle"],"picked":"Go for the Eyes+1","floor":30},{"not_picked":["Sweeping Beam+1","Reinforced Body+1","Conserve Battery"],"picked":"SKIP","floor":31},{"not_picked":["Electrodynamics","Thunder Strike+1"],"picked":"Creative AI","floor":33},{"not_picked":["Force Field","Hologram"],"picked":"Defragment","floor":35},{"not_picked":["Auto Shields","Streamline+1","Ball Lightning+1"],"picked":"Self Repair+1","floor":40},{"not_picked":["Hyperbeam+1","BootSequence","Ball Lightning+1"],"picked":"Meteor Strike+1","floor":42},{"not_picked":["Rebound+1","White Noise+1","Cold Snap+1"],"picked":"Storm","floor":45}],"player_experience":903684,"relics_obtained":[{"floor":6,"key":"Letter Opener"},{"floor":8,"key":"Mummified Hand"},{"floor":9,"key":"Bottled Lightning"},{"floor":11,"key":"Molten Egg 2"},{"floor":24,"key":"Oddly Smooth Stone"},{"floor":28,"key":"Vajra"},{"floor":37,"key":"Incense Burner"},{"floor":40,"key":"CaptainsWheel"},{"floor":42,"key":"Whetstone"}],"event_choices":[{"damage_healed":0,"gold_gain":0,"player_choice":"Grow","damage_taken":0,"max_hp_gain":0,"max_hp_loss":0,"event_name":"Living Wall","floor":2,"gold_loss":0,"cards_upgraded":["Ball Lightning"]},{"cards_removed":["Strike_B"],"damage_healed":0,"gold_gain":0,"player_choice":"Card Removal","damage_taken":0,"max_hp_gain":0,"max_hp_loss":0,"event_name":"The Cleric","floor":5,"gold_loss":75},{"damage_healed":0,"gold_gain":0,"player_choice":"Left Gold","damage_taken":0,"max_hp_gain":0,"max_hp_loss":0,"event_name":"World of Goop","floor":13,"gold_loss":71},{"damage_healed":0,"gold_gain":0,"player_choice":"Simplicity","damage_taken":0,"max_hp_gain":0,"max_hp_loss":0,"event_name":"Back to Basics","floor":25,"gold_loss":0,"cards_upgraded":["Strike_B","Strike_B","Strike_B","Defend_B","Defend_B","Defend_B","Defend_B"]},{"damage_healed":0,"gold_gain":0,"player_choice":"Memory 1","damage_taken":0,"max_hp_gain":0,"max_hp_loss":0,"event_name":"SensoryStone","floor":36,"gold_loss":0},{"damage_healed":0,"gold_gain":0,"player_choice":"Fight","damage_taken":0,"max_hp_gain":0,"max_hp_loss":0,"event_name":"Mysterious Sphere","floor":37,"gold_loss":0},{"damage_healed":0,"gold_gain":0,"player_choice":"Max HP","damage_taken":0,"max_hp_gain":0,"max_hp_loss":4,"event_name":"Winding Halls","floor":39,"gold_loss":0}],"is_beta":false,"boss_relics":[{"not_picked":["Empty Cage","Sozu"],"picked":"Cursed Key"},{"not_picked":["Pandora\u0027s Box","Nuclear Battery"],"picked":"Runic Dome"}],"items_purged_floors":[38],"is_endless":false,"potions_floor_spawned":[1,8,14,19,20,28,30,35,45],"killed_by":"Reptomancer","ascension_level":18}}