{"host":"lly094a91h6n5nv5","time":1612167317,"event":{"mods":["AchievementEnabler","BaseMod","Block Reminder","Colored Map","Minty Spire (QoL Compilation)"],"gold_per_floor":[113,127,146,221,231,231,262,275,275,275,300,310,310,327,327,432,432,449,118,43,43,56,87,87,186,186,217,217,246,260,278,278,381,381,392,392,6,19,39,66,78,125,137,177,208,220,259,288,300,312,324,336,101,127,127],"floor_reached":56,"language":"ENG","playtime":3182,"items_purged":["Strike_G","Strike_G"],"score":1592,"play_id":"4d0d308e-16e7-4732-8eb2-5ea8bcb4f7c9","local_time":"20210201021517","is_ascension_mode":true,"campfire_choices":[{"data":"Cloak And Dagger","floor":6.0,"key":"SMITH"},{"data":"Accuracy","floor":10.0,"key":"SMITH"},{"data":"Cloak And Dagger","floor":13.0,"key":"SMITH"},{"data":"Cloak And Dagger","floor":15.0,"key":"SMITH"},{"data":"Apotheosis","floor":24.0,"key":"SMITH"},{"floor":28.0,"key":"REST"},{"floor":32.0,"key":"RECALL"},{"floor":41.0,"key":"REST"},{"floor":49.0,"key":"REST"},{"data":"Neutralize","floor":52.0,"key":"SMITH"}],"circlet_count":0,"master_deck":["Strike_G","Strike_G","Defend_G","Defend_G","Defend_G","Defend_G","Defend_G","Survivor","Neutralize+1","Blade Dance","Accuracy+1","Cloak And Dagger+1","Acrobatics","Skewer+1","Blade Dance","Cloak And Dagger+1","Cloak And Dagger+1","Phantasmal Killer","Backflip","Infinite Blades+1","PiercingWail","Apotheosis+1","Escape Plan","Die Die Die","Acrobatics+1","Die Die Die","After Image+1","PiercingWail+1","Blur+1","Terror+1","Escape Plan+1","Blade Dance+1","Caltrops+1","Deflect+1"],"relics":["Ring of the Snake","Anchor","Strawberry","Frozen Egg 2","Odd Mushroom","Runic Dome","Toxic Egg 2","Bottled Lightning","TungstenRod","Letter Opener","WristBlade","Shuriken","MawBank","Snake Skull","Nunchaku","Boot","Frozen Eye","Pantograph"],"acts_visited":["Exordium","TheCity","TheBeyond","TheEnding"],"potions_floor_usage":[54,55,55],"damage_taken":[{"damage":0.0,"enemies":"Cultist","floor":1.0,"turns":4.0},{"damage":0.0,"enemies":"Small Slimes","floor":2.0,"turns":2.0},{"damage":0.0,"enemies":"Jaw Worm","floor":3.0,"turns":3.0},{"damage":20.0,"enemies":"Exordium Thugs","floor":5.0,"turns":6.0},{"damage":22.0,"enemies":"Gremlin Nob","floor":7.0,"turns":4.0},{"damage":0.0,"enemies":"3 Louse","floor":8.0,"turns":2.0},{"damage":0.0,"enemies":"The Mushroom Lair","floor":11.0,"turns":3.0},{"damage":0.0,"enemies":"Red Slaver","floor":12.0,"turns":2.0},{"damage":1.0,"enemies":"Exordium Wildlife","floor":14.0,"turns":3.0},{"damage":15.0,"enemies":"The Guardian","floor":16.0,"turns":13.0},{"damage":0.0,"enemies":"Shell Parasite","floor":18.0,"turns":2.0},{"damage":12.0,"enemies":"2 Thieves","floor":22.0,"turns":4.0},{"damage":15.0,"enemies":"Book of Stabbing","floor":23.0,"turns":4.0},{"damage":0.0,"enemies":"Gremlin Leader","floor":27.0,"turns":5.0},{"damage":12.0,"enemies":"Slavers","floor":29.0,"turns":3.0},{"damage":0.0,"enemies":"Snecko","floor":30.0,"turns":3.0},{"damage":0.0,"enemies":"Centurion and Healer","floor":31.0,"turns":3.0},{"damage":23.0,"enemies":"Collector","floor":33.0,"turns":7.0},{"damage":0.0,"enemies":"Orb Walker","floor":35.0,"turns":3.0},{"damage":17.0,"enemies":"3 Darklings","floor":38.0,"turns":3.0},{"damage":0.0,"enemies":"4 Shapes","floor":39.0,"turns":2.0},{"damage":13.0,"enemies":"Reptomancer","floor":40.0,"turns":4.0},{"damage":22.0,"enemies":"Nemesis","floor":42.0,"turns":7.0},{"damage":0.0,"enemies":"Reptomancer","floor":44.0,"turns":3.0},{"damage":0.0,"enemies":"Sphere and 2 Shapes","floor":45.0,"turns":2.0},{"damage":0.0,"enemies":"Giant Head","floor":47.0,"turns":3.0},{"damage":18.0,"enemies":"Maw","floor":48.0,"turns":5.0},{"damage":9.0,"enemies":"Donu and Deca","floor":50.0,"turns":6.0},{"damage":29,"enemies":"Shield and Spear","floor":54,"turns":4},{"damage":41,"enemies":"The Heart","floor":55,"turns":8}],"seed_played":"-2002868952028017149","potions_obtained":[{"floor":1.0,"key":"SpeedPotion"},{"floor":7.0,"key":"Fire Potion"},{"floor":8.0,"key":"Swift Potion"},{"floor":11.0,"key":"ColorlessPotion"},{"floor":18.0,"key":"PowerPotion"},{"floor":23.0,"key":"Ancient Potion"}],"is_trial":false,"path_per_floor":["M","M","M","?","M","R","E","M","T","R","?","M","R","M","R","B",null,"M","$","?","?","M","E","R","?","T","E","R","E","M","M","R","B",null,"M","?","$","M","M","E","R","E","T","E","M","?","E","M","R","B",null,"R","$","E","B",null],"character_chosen":"THE_SILENT","items_purchased":["Infinite Blades+1","PiercingWail","Apotheosis","Shuriken","Blur+1","Terror+1","Frozen Eye"],"campfire_rested":3,"item_purchase_floors":[19,19,19,37,37,37,53],"current_hp_per_floor":[70,70,70,59,39,39,24,24,24,24,24,24,24,23,23,8,77,77,77,77,77,65,50,50,50,50,50,73,61,61,61,61,38,77,77,77,77,60,60,47,70,48,48,48,48,48,48,30,51,42,73,73,73,44,28],"gold":127,"neow_bonus":"RANDOM_COMMON_RELIC","is_daily":false,"chose_seed":false,"campfire_upgraded":6,"win_rate":0.0,"timestamp":1612167317,"path_taken":["M","M","?","?","M","R","E","M","T","R","?","M","R","?","R","BOSS","M","$","?","?","?","E","R","?","T","E","R","E","M","M","R","BOSS","M","?","$","?","?","E","R","E","T","E","M","?","E","M","R","BOSS","R","$","E","BOSS"],"items_purchased_type":["Card","Card","Card","Relic","Card","Card","Relic"],"build_version":"2020-12-22","purchased_purges":2,"victory":true,"max_hp_per_floor":[70,70,70,70,70,70,77,77,77,77,77,77,77,77,77,77,77,77,77,77,77,77,77,77,77,77,77,77,77,77,77,77,77,77,77,77,77,77,77,77,77,77,77,77,77,73,73,73,73,73,73,73,73,73,73],"card_choices":[{"not_picked":["Well Laid Plans","Dash"],"picked":"Blade Dance","floor":1.0},{"not_picked":["Slice","Poisoned Stab"],"picked":"Accuracy","floor":2.0},{"not_picked":["PiercingWail","Predator"],"picked":"Cloak And Dagger","floor":3.0},{"not_picked":["Prepared","Corpse Explosion"],"picked":"Acrobatics","floor":5.0},{"not_picked":["Reflex","Underhanded Strike"],"picked":"Skewer","floor":7.0},{"not_picked":["Sucker Punch","Noxious Fumes"],"picked":"Blade Dance","floor":8.0},{"not_picked":["Poisoned Stab","Quick Slash"],"picked":"Cloak And Dagger","floor":12.0},{"not_picked":["Sucker Punch","Night Terror"],"picked":"Cloak And Dagger","floor":14.0},{"not_picked":["Doppelganger","Adrenaline"],"picked":"Phantasmal Killer","floor":16.0},{"not_picked":["Dagger Spray","Underhanded Strike"],"picked":"Backflip","floor":18.0},{"not_picked":["Dagger Spray","Poisoned Stab+1"],"picked":"Die Die Die","floor":22.0},{"not_picked":["Bane","Expertise+1","All Out Attack"],"picked":"SKIP","floor":23.0},{"not_picked":["Distraction+1","Poisoned Stab"],"picked":"Acrobatics+1","floor":27.0},{"not_picked":["Bane","Quick Slash+1"],"picked":"Die Die Die","floor":29.0},{"not_picked":["Cloak And Dagger+1","Quick Slash+1","Dagger Spray"],"picked":"SKIP","floor":30.0},{"not_picked":["Bane+1","Calculated Gamble+1","Deadly Poison+1"],"picked":"SKIP","floor":31.0},{"not_picked":["Glass Knife","Tools of the Trade+1"],"picked":"After Image+1","floor":33.0},{"not_picked":["Dagger Spray+1","Well Laid Plans+1"],"picked":"PiercingWail+1","floor":35.0},{"not_picked":["Poisoned Stab+1","Predator"],"picked":"Escape Plan+1","floor":38.0},{"not_picked":["Terror+1","Outmaneuver+1"],"picked":"Blade Dance+1","floor":39.0},{"not_picked":["Deadly Poison+1","Prepared+1"],"picked":"Caltrops+1","floor":40.0},{"not_picked":["Deadly Poison+1","Acrobatics+1","Grand Finale"],"picked":"SKIP","floor":42.0},{"not_picked":["Poisoned Stab","Outmaneuver+1","Blade Dance+1"],"picked":"SKIP","floor":44.0},{"not_picked":["Outmaneuver+1","Predator+1","Riddle With Holes+1"],"picked":"SKIP","floor":45.0},{"not_picked":["Outmaneuver+1","Predator+1","Riddle With Holes+1"],"picked":"SKIP","floor":45.0},{"not_picked":["Dagger Spray+1","Slice+1","Distraction+1"],"picked":"SKIP","floor":47.0},{"not_picked":["Slice+1","Caltrops+1"],"picked":"Deflect+1","floor":48.0},{"not_picked":["Flying Knee","Quick Slash+1","Corpse Explosion+1"],"picked":"SKIP","floor":54}],"player_experience":114141,"relics_obtained":[{"floor":7.0,"key":"Strawberry"},{"floor":9.0,"key":"Frozen Egg 2"},{"floor":11.0,"key":"Odd Mushroom"},{"floor":23.0,"key":"Toxic Egg 2"},{"floor":26.0,"key":"Bottled Lightning"},{"floor":27.0,"key":"TungstenRod"},{"floor":29.0,"key":"Letter Opener"},{"floor":40.0,"key":"MawBank"},{"floor":42.0,"key":"Snake Skull"},{"floor":44.0,"key":"Nunchaku"},{"floor":47.0,"key":"Boot"},{"floor":54,"key":"Pantograph"}],"event_choices":[{"damage_healed":0.0,"max_hp_gain":0.0,"max_hp_loss":0.0,"gold_gain":75.0,"event_name":"World of Goop","player_choice":"Gather Gold","floor":4.0,"gold_loss":0.0,"damage_taken":11.0},{"damage_healed":0.0,"max_hp_gain":0.0,"max_hp_loss":0.0,"gold_gain":0.0,"event_name":"Mushrooms","player_choice":"Fought Mushrooms","floor":11.0,"gold_loss":0.0,"damage_taken":0.0},{"cards_removed":["Strike_G"],"damage_healed":0.0,"max_hp_gain":0.0,"max_hp_loss":0.0,"gold_gain":0.0,"event_name":"Beggar","player_choice":"Gave Gold","floor":20.0,"gold_loss":75.0,"damage_taken":0.0},{"damage_healed":0.0,"max_hp_gain":0.0,"max_hp_loss":0.0,"gold_gain":0.0,"event_name":"Match and Keep!","player_choice":"1 cards matched","floor":21.0,"gold_loss":0.0,"damage_taken":0.0,"cards_obtained":["Escape Plan"]},{"damage_healed":0.0,"max_hp_gain":0.0,"max_hp_loss":0.0,"gold_gain":99.0,"event_name":"Nest","player_choice":"Stole From Cult","floor":25.0,"gold_loss":0.0,"damage_taken":0.0},{"damage_healed":0.0,"max_hp_gain":0.0,"max_hp_loss":0.0,"gold_gain":0.0,"event_name":"Upgrade Shrine","player_choice":"Upgraded","floor":36.0,"gold_loss":0.0,"damage_taken":0.0,"cards_upgraded":["Skewer"]},{"damage_healed":0.0,"max_hp_gain":0.0,"max_hp_loss":4.0,"gold_gain":0.0,"event_name":"Winding Halls","player_choice":"Max HP","floor":46.0,"gold_loss":0.0,"damage_taken":0.0}],"is_beta":false,"boss_relics":[{"not_picked":["Velvet Choker","Empty Cage"],"picked":"Runic Dome"},{"not_picked":["Ring of the Serpent","Astrolabe"],"picked":"WristBlade"}],"items_purged_floors":[19,53],"is_endless":false,"potions_floor_spawned":[1,7,8,11,18,22,23,35,42,44,45,48],"ascension_level":4}}