{"host":"b6hf8n3pu8vqv2wi","time":1612198989,"event":{"mods":["BaseMod","Downfall","Minty Spire (QoL Compilation)","StSLib"],"gold_per_floor":[99,116,116,136,236,250,276,2,34,34,34,44,44,71,87,185,185,85,104,104,124,37,47,47,147,166,113,130,159,59,85,99,196,196,96,116,161,285,304,321,321,338,338,365,376,394,404,430,448,448,448,482,6,6,6,6,6,6],"floor_reached":56,"language":"ZHS","playtime":12823,"items_purged":["Shame","downfall:Malfunctioning"],"score":933,"play_id":"a4951f5b-7016-43aa-8395-1f5e4b15daf1","local_time":"20210202010309","is_ascension_mode":false,"campfire_choices":[{"floor":1.0,"key":"RECALL"},{"floor":13.0,"key":"REST"},{"data":"hexamod:TimeOfNeed","floor":18.0,"key":"SMITH"},{"data":"hexamod:GhostOfSpirePresent","floor":30.0,"key":"SMITH"},{"data":"hexamod:CatchUp","floor":35.0,"key":"SMITH"},{"floor":43.0,"key":"DIG"},{"floor":54.0,"key":"DIG"}],"circlet_count":0,"master_deck":["hexamod:Strike","hexamod:Strike","hexamod:Strike","hexamod:Strike","hexamod:Defend","hexamod:Defend+1","hexamod:Defend","hexamod:Sear","hexamod:Float","Bandage Up","hexamod:SkipABeat","hexamod:ShieldOfDarkness","hexamod:FastForward+1","hexamod:SwordOfDarkness","hexamod:RecurringNightmare","hexamod:NightmareStrike","hexamod:InspiringFlames","hexamod:DynamicBlow","hexamod:GhostOfSpirePresent+1","hexamod:TimeOfNeed+1","hexamod:GhostOfSpireFuture+1","hexamod:Rewind","hexamod:ParanormalForm","hexamod:CatchUp+1","hexamod:TimeWarp","hexamod:NightmareGuise+1","hexamod:TimeWarp","hexamod:FastForward+1","hexamod:ForkedFlame","hexamod:NecessarySacrifice+1","hexamod:VolcanoVisage","Panache","Parasite","hexamod:CatchUp+1","hexamod:RetreatToShadows+1","expansioncontent:QuickStudy"],"relics":["hexamod:SpiritBrand","White Beast Statue","Membership Card","Dream Catcher","Centennial Puzzle","Bag of Preparation","MealTicket","Cursed Key","downfall:HeartBlessingRed","hexamod:TheBrokenSeal","Medical Kit","Bottled Flame","FossilizedHelix","Bottled Lightning","Guardian:PocketSentry","downfall:HeartBlessingGreen","Question Card","Runic Pyramid","downfall:HeartBlessingBlue","Shovel","Blue Candle","StrikeDummy","Ginger","Omamori","Pen Nib","Nunchaku","HandDrill","Kunai","Blood Vial","Sundial"],"acts_visited":["Exordium","TheCity","TheBeyond","TheEnding"],"potions_floor_usage":[],"damage_taken":[{"damage":1.0,"enemies":"2 Louse","floor":2.0,"turns":2.0},{"damage":0.0,"enemies":"Cultist","floor":4.0,"turns":3.0},{"damage":45.0,"enemies":"downfall:LadyInBlue","floor":5.0,"turns":12.0},{"damage":6.0,"enemies":"Jaw Worm","floor":6.0,"turns":3.0},{"damage":0.0,"enemies":"downfall:FleeingMerchant","floor":8.0,"turns":4.0},{"damage":7.0,"enemies":"3 Sentries","floor":9.0,"turns":7.0},{"damage":10.0,"enemies":"Lots of Slimes","floor":12.0,"turns":8.0},{"damage":10.0,"enemies":"Lagavulin","floor":14.0,"turns":9.0},{"damage":3.0,"enemies":"3 Louse","floor":15.0,"turns":6.0},{"damage":36.0,"enemies":"SI_SHIV_ARCHETYPE","floor":16.0,"turns":10.0},{"damage":10.0,"enemies":"Shell Parasite","floor":19.0,"turns":6.0},{"damage":17.0,"enemies":"Snecko","floor":21.0,"turns":7.0},{"damage":0.0,"enemies":"downfall:FleeingMerchant","floor":22.0,"turns":4.0},{"damage":1.0,"enemies":"Centurion and Healer","floor":23.0,"turns":6.0},{"damage":2.0,"enemies":"Colosseum Nobs","floor":25.0,"turns":5.0},{"damage":7.0,"enemies":"Snake Plant","floor":26.0,"turns":3.0},{"damage":0.0,"enemies":"downfall:FleeingMerchant","floor":27.0,"turns":4.0},{"damage":0.0,"enemies":"Snecko","floor":28.0,"turns":4.0},{"damage":10.0,"enemies":"Gremlin Leader","floor":29.0,"turns":5.0},{"damage":0.0,"enemies":"Book of Stabbing","floor":31.0,"turns":4.0},{"damage":0.0,"enemies":"3 Cultists","floor":32.0,"turns":4.0},{"damage":0.0,"enemies":"WA_ARCHETYPE_CALM","floor":33.0,"turns":7.0},{"damage":0.0,"enemies":"3 Darklings","floor":36.0,"turns":5.0},{"damage":0.0,"enemies":"2 Orb Walkers","floor":37.0,"turns":3.0},{"damage":0.0,"enemies":"downfall:FleeingMerchant","floor":38.0,"turns":2.0},{"damage":1.0,"enemies":"3 Shapes","floor":39.0,"turns":3.0},{"damage":11.0,"enemies":"Spire Growth","floor":40.0,"turns":3.0},{"damage":0.0,"enemies":"Maw","floor":42.0,"turns":5.0},{"damage":12.0,"enemies":"Jaw Worm Horde","floor":45.0,"turns":3.0},{"damage":0.0,"enemies":"Spire Growth","floor":46.0,"turns":3.0},{"damage":12.0,"enemies":"Writhing Mass","floor":47.0,"turns":4.0},{"damage":4.0,"enemies":"Nemesis","floor":48.0,"turns":4.0},{"damage":0.0,"enemies":"Jaw Worm Horde","floor":49.0,"turns":3.0},{"damage":17.0,"enemies":"DF_ARCHETYPE_ORBS","floor":50.0,"turns":8.0},{"damage":47.0,"enemies":"downfall:CharBossMerchant","floor":52.0,"turns":8.0},{"damage":30.0,"enemies":"downfall:NeowBoss","floor":55.0,"turns":11.0},{"damage":0,"enemies":"downfall:NeowBossFinal","floor":56,"turns":1}],"seed_played":"9052513522768939229","potions_obtained":[{"floor":2.0,"key":"Fire Potion"},{"floor":4.0,"key":"champ:CounterPotion"},{"floor":5.0,"key":"Fire Potion"},{"floor":5.0,"key":"Fire Potion"},{"floor":5.0,"key":"Explosive Potion"},{"floor":6.0,"key":"Energy Potion"},{"floor":8.0,"key":"Fruit Juice"},{"floor":9.0,"key":"bronze:BurnAndBuffPotion"},{"floor":12.0,"key":"Swift Potion"},{"floor":14.0,"key":"SneckoOil"},{"floor":14.0,"key":"CultistPotion"},{"floor":15.0,"key":"bronze:BurnAndBuffPotion"},{"floor":16.0,"key":"SpeedPotion"},{"floor":19.0,"key":"bronze:BurnAndBuffPotion"},{"floor":21.0,"key":"Fire Potion"},{"floor":22.0,"key":"Swift Potion"},{"floor":23.0,"key":"Dexterity Potion"},{"floor":25.0,"key":"Dexterity Potion"},{"floor":26.0,"key":"DuplicationPotion"},{"floor":27.0,"key":"DuplicationPotion"},{"floor":28.0,"key":"EssenceOfSteel"},{"floor":29.0,"key":"FearPotion"},{"floor":31.0,"key":"SkillPotion"},{"floor":32.0,"key":"SpeedPotion"},{"floor":33.0,"key":"AttackPotion"},{"floor":36.0,"key":"LiquidBronze"},{"floor":37.0,"key":"DistilledChaos"},{"floor":38.0,"key":"Strength Potion"},{"floor":39.0,"key":"Swift Potion"},{"floor":40.0,"key":"hexamod:EctoCoolerPotion"},{"floor":42.0,"key":"GamblersBrew"},{"floor":45.0,"key":"BlessingOfTheForge"},{"floor":46.0,"key":"Fire Potion"},{"floor":47.0,"key":"Explosive Potion"},{"floor":48.0,"key":"FearPotion"},{"floor":49.0,"key":"Block Potion"},{"floor":52.0,"key":"SpeedPotion"}],"is_trial":false,"path_per_floor":["R","M","?","M","?","M","T","$","E","?","?","M","R","E","M","B",null,"R","M","?","M","$","M","T","?","M","$","M","E","R","E","M","B",null,"R","M","?","$","M","M","T","M","R","T","M","M","M","E","M","B",null,"E","$","R","B","B"],"character_chosen":"THE_SPIRIT","items_purchased":["Membership Card","hexamod:ThirdSeal","Dream Catcher","Medical Kit","Blue Candle","Panache","expansioncontent:QuickStudy","HandDrill","Kunai","Block Potion","FearPotion","Blood Vial"],"campfire_rested":1,"item_purchase_floors":[8,8,8,22,38,38,53,53,53,53,53,53],"current_hp_per_floor":[70,70,70,70,29,27,27,36,33,33,33,27,49,43,44,14,75,75,85,85,72,85,84,84,82,79,85,85,79,79,83,85,85,85,95,95,95,95,94,84,84,88,88,88,76,82,74,74,74,61,95,54,69,69,45,45,45,45],"gold":6,"neow_bonus":"RANDOM_COLORLESS","is_daily":false,"chose_seed":false,"campfire_upgraded":3,"win_rate":0.0,"timestamp":1612198989,"path_taken":["R","M","?","?","?","?","T","$","E","?","?","M","R","E","M","BOSS","R","M","?","M","$","M","T","?","M","$","M","E","R","E","M","BOSS","R","M","?","$","M","M","T","M","R","?","M","?","M","E","M","BOSS","E","$","R","BOSS","BOSS"],"items_purchased_type":["Relic","Card","Relic","Relic","Relic","Card","Card","Relic","Relic","Potion","Potion","Relic"],"build_version":"2020-12-22","purchased_purges":2,"victory":false,"max_hp_per_floor":[70,70,70,70,70,70,70,75,75,75,75,75,75,75,75,75,75,75,85,85,85,85,85,85,85,85,85,85,85,85,85,85,85,85,95,95,95,95,95,95,95,95,95,95,95,95,95,95,95,95,95,95,95,95,95,95,95,95],"card_choices":[{"not_picked":["Purity","Dramatic Entrance"],"picked":"Bandage Up","floor":0.0},{"not_picked":["hexamod:Incineration","hexamod:PhantomCloak"],"picked":"hexamod:SkipABeat","floor":2.0},{"not_picked":["hexamod:Again","hexamod:NightmareGuise"],"picked":"hexamod:ShieldOfDarkness","floor":4.0},{"not_picked":["hexamod:NightmareGuise","hexamod:ThermalTransfer"],"picked":"hexamod:FastForward","floor":5.0},{"not_picked":["hexamod:StepThrough","hexamod:HeatMetal"],"picked":"hexamod:SwordOfDarkness","floor":6.0},{"not_picked":["hexamod:Hexaguard","hexamod:InspiringFlames"],"picked":"hexamod:FifthSeal","floor":8.0},{"not_picked":["hexamod:SecondSeal","hexamod:FirstSeal"],"picked":"hexamod:SixthSeal","floor":9.0},{"not_picked":["hexamod:SkipABeat","hexamod:RadiantFlame"],"picked":"hexamod:RecurringNightmare","floor":9.0},{"not_picked":["hexamod:GhostShield","hexamod:RetreatToShadows"],"picked":"hexamod:NightmareStrike","floor":12.0},{"not_picked":["hexamod:ThirdSeal","hexamod:SixthSeal"],"picked":"hexamod:FourthSeal","floor":12.0},{"not_picked":["hexamod:ThermalTransfer","hexamod:AdvancingGuard"],"picked":"hexamod:InspiringFlames","floor":12.0},{"not_picked":["hexamod:SpectralAdrenaline","hexamod:RadiantFlame"],"picked":"hexamod:DynamicBlow","floor":14.0},{"not_picked":["hexamod:FastForward","hexamod:Rewind","hexamod:ExtraCrispy"],"picked":"SKIP","floor":14.0},{"not_picked":["hexamod:FourthSeal","hexamod:ThirdSeal"],"picked":"hexamod:FirstSeal","floor":15.0},{"not_picked":["hexamod:FastForward","hexamod:ShieldOfDarkness"],"picked":"hexamod:GhostOfSpirePresent","floor":15.0},{"not_picked":["hexamod:FirstSeal","hexamod:AdvancingGuard","hexamod:ThermalTransfer"],"picked":"SKIP","floor":15.0},{"not_picked":["hexamod:SixthSeal","hexamod:FirstSeal"],"picked":"hexamod:SecondSeal","floor":16.0},{"not_picked":["hexamod:TimeWarp","hexamod:WildfireWeapon"],"picked":"hexamod:TimeOfNeed","floor":16.0},{"not_picked":["hexamod:GhostLash","hexamod:DynamicBlow"],"picked":"hexamod:GhostOfSpireFuture+1","floor":19.0},{"not_picked":["hexamod:RetreatToShadows","hexamod:AdvancingGuard","hexamod:HeatCrush"],"picked":"SKIP","floor":21.0},{"not_picked":["hexamod:GhostLash","hexamod:Firestarter+1"],"picked":"hexamod:ParanormalForm","floor":22.0},{"not_picked":["hexamod:GhostShield","hexamod:SpectersWail"],"picked":"hexamod:CatchUp","floor":23.0},{"not_picked":["hexamod:HeatCrush","hexamod:NightmareStrike"],"picked":"hexamod:NightmareGuise+1","floor":26.0},{"not_picked":["hexamod:BurningTouch","hexamod:EtherealExpedition"],"picked":"hexamod:TimeWarp","floor":27.0},{"not_picked":["hexamod:RetreatToShadows","hexamod:NightmareStrike"],"picked":"hexamod:FastForward+1","floor":28.0},{"not_picked":["hexamod:NightmareStrike","hexamod:HauntingEcho+1","hexamod:SpectersWail"],"picked":"SKIP","floor":29.0},{"not_picked":["hexamod:HeatCrush","hexamod:BurningTouch","hexamod:RadiantFlame"],"picked":"SKIP","floor":31.0},{"not_picked":["hexamod:Again+1","hexamod:ShieldOfDarkness","hexamod:PhantomCloak","hexamod:RetreatToShadows"],"picked":"SKIP","floor":32.0},{"not_picked":["hexamod:ParanormalForm","hexamod:SixthSeal","hexamod:HexaLevel"],"picked":"hexamod:ForkedFlame","floor":33.0},{"not_picked":["hexamod:BacktrackSmack+1","hexamod:HeatMetal","hexamod:FastForward"],"picked":"hexamod:NecessarySacrifice+1","floor":36.0},{"not_picked":["hexamod:ThermalTransfer+1","hexamod:BacktrackSmack","hexamod:Incineration+1"],"picked":"hexamod:VolcanoVisage","floor":38.0},{"not_picked":["hexamod:NightmareStrike+1","hexamod:FastForward+1","hexamod:Incineration","hexamod:Rewind"],"picked":"SKIP","floor":39.0},{"not_picked":["hexamod:HauntingEcho+1","hexamod:AdvancingGuard","hexamod:RecurringNightmare","hexamod:FastForward+1"],"picked":"SKIP","floor":40.0},{"not_picked":["hexamod:GhostOfSpirePresent","hexamod:SpectralAdrenaline","hexamod:Hexaguard+1","hexamod:BacktrackSmack+1"],"picked":"SKIP","floor":42.0},{"not_picked":["hexamod:HeatMetal+1","hexamod:Again","hexamod:NightmareStrike+1"],"picked":"hexamod:CatchUp+1","floor":45.0},{"not_picked":["hexamod:RainOfEmbers","hexamod:SecondSeal","hexamod:SkipABeat","hexamod:GhostLash+1"],"picked":"SKIP","floor":46.0},{"not_picked":["hexamod:GhostLash+1","hexamod:SoulSteal","hexamod:ThirdSeal","hexamod:ThermalTransfer"],"picked":"SKIP","floor":47.0},{"not_picked":["hexamod:AdvancingGuard+1","hexamod:Incineration+1","hexamod:FastForward+1","hexamod:NightmareStrike+1"],"picked":"SKIP","floor":48.0},{"not_picked":["hexamod:InspiringFlames+1","hexamod:HeatShield","hexamod:Firestarter+1","hexamod:Incineration"],"picked":"SKIP","floor":49.0},{"not_picked":["hexamod:Haunt","hexamod:FirstSeal","hexamod:SearingWound"],"picked":"hexamod:RetreatToShadows+1","floor":52.0}],"player_experience":613044,"relics_obtained":[{"floor":5.0,"key":"White Beast Statue"},{"floor":9.0,"key":"Centennial Puzzle"},{"floor":14.0,"key":"MealTicket"},{"floor":24.0,"key":"Bottled Flame"},{"floor":25.0,"key":"FossilizedHelix"},{"floor":25.0,"key":"Bottled Lightning"},{"floor":29.0,"key":"Guardian:PocketSentry"},{"floor":31.0,"key":"Question Card"},{"floor":37.0,"key":"Shovel"},{"floor":41.0,"key":"StrikeDummy"},{"floor":43.0,"key":"Ginger"},{"floor":44.0,"key":"Omamori"},{"floor":48.0,"key":"Pen Nib"},{"floor":52.0,"key":"Nunchaku"},{"floor":54.0,"key":"Sundial"}],"event_choices":[{"cards_removed":["hexamod:Defend"],"damage_healed":0.0,"max_hp_gain":0.0,"max_hp_loss":0.0,"gold_gain":0.0,"event_name":"Bonfire Elementals","player_choice":"Offered Basic","floor":3.0,"gold_loss":0.0,"damage_taken":0.0},{"damage_healed":0.0,"max_hp_gain":0.0,"max_hp_loss":0.0,"gold_gain":0.0,"event_name":"Big Fish","player_choice":"Box","floor":10.0,"gold_loss":0.0,"damage_taken":0.0,"relics_obtained":["Bag of Preparation"],"cards_obtained":["Regret"]},{"cards_removed":["Regret"],"damage_healed":0.0,"max_hp_gain":0.0,"max_hp_loss":0.0,"gold_gain":0.0,"event_name":"The Cleric","player_choice":"Card Removal","floor":11.0,"gold_loss":0.0,"damage_taken":0.0},{"damage_healed":0.0,"max_hp_gain":0.0,"max_hp_loss":0.0,"gold_gain":0.0,"event_name":"The Library","player_choice":"Read","floor":20.0,"gold_loss":0.0,"damage_taken":0.0,"cards_obtained":["hexamod:Rewind"]},{"damage_healed":0.0,"max_hp_gain":0.0,"max_hp_loss":0.0,"gold_gain":0.0,"event_name":"The Library","player_choice":"Read","floor":25.0,"gold_loss":0.0,"damage_taken":0.0,"cards_obtained":["hexamod:TimeWarp"]},{"damage_healed":0.0,"max_hp_gain":0.0,"max_hp_loss":0.0,"gold_gain":0.0,"event_name":"Mysterious Sphere","player_choice":"Fight","floor":37.0,"gold_loss":0.0,"damage_taken":0.0}],"is_beta":false,"boss_relics":[{"not_picked":["Velvet Choker","Astrolabe"],"picked":"Cursed Key"},{"not_picked":["SacredBark","Sozu"],"picked":"Runic Pyramid"}],"items_purged_floors":[27,53],"is_endless":false,"potions_floor_spawned":[2,4,6,8,9,12,14,15,16,19,21,22,23,25,26,27,28,29,31,32,33,36,37,38,39,40,42,45,46,47,48,49,52],"killed_by":"downfall:NeowBossFinal","ascension_level":0}}