{"host":"pf9sh7nh6rpu9sau","time":1612213566,"event":{"mods":["2.2 Compatiblity","BaseMod","BetterRewards","Clockwork Mod","Downfall","Hermit","Mad Scientist","Minty Spire (QoL Compilation)","Permanent Neow","Quick Restart","Somnambulant","StSLib","The Clintock","The Cursed","The Disciple","The Hierophant","The Necromancer","The Runesmith"],"gold_per_floor":[199,199,215,233,250,250,277,277,115,140,40,54,80,99,115,217,217,217,237,254,254,264,289,314,11,22,22,22,22,40,75,94,94,94,94],"floor_reached":33,"language":"ENG","playtime":2404,"items_purged":["Slimebound:Strike_Slimebound","Slimebound:Strike_Slimebound"],"score":299,"play_id":"b62a88f3-ec51-472d-88c5-45cae599ac3d","local_time":"20210201160606","is_ascension_mode":false,"campfire_choices":[{"data":"Slimebound:Split","floor":1.0,"key":"SMITH"},{"data":"Slimebound:CorrosiveSpit","floor":8.0,"key":"SMITH"},{"data":"Slimebound:SlimeBarrage","floor":11.0,"key":"SMITH"},{"data":"Slimebound:TagTeam","floor":18.0,"key":"SMITH"},{"floor":27.0,"key":"RECALL"}],"circlet_count":0,"master_deck":["Slimebound:Tackle","Slimebound:Defend_Slimebound","Slimebound:Defend_Slimebound","Slimebound:Defend_Slimebound","Slimebound:Defend_Slimebound","Slimebound:Split+1","Slimebound:CorrosiveSpit+1","Slimebound:SlimeBarrage+1","Slimebound:SplitBruiser","Slimebound:HauntingLick","Slimebound:SlimeSpikes","Slimebound:ServeAndProtect","Slimebound:ProtectTheBoss","Slimebound:Repurpose","Slimebound:Recycling","Slimebound:SplitAcid","Slimebound:TagTeam+1","Slimebound:SplitMire","Slimebound:Repurpose","Slimebound:OozeBath","Slimebound:LeadByExample","Slimebound:SpikyOuterGoop","Writhe","Slimebound:Repurpose"],"relics":["Slimebound:AbsorbEndCombat","Art of War","Matryoshka","downfall:HeartBlessingGreen","Slimebound:SlimedTailRelic","Sozu","Ancient Tea Set","PreservedInsect","Slimebound:AggressiveSlimeRelic","champ:DeflectingBracers","Tiny Chest"],"acts_visited":["Exordium","TheCity"],"potions_floor_usage":[32],"damage_taken":[{"damage":2.0,"enemies":"Cultist","floor":3.0,"turns":4.0},{"damage":3.0,"enemies":"Small Slimes","floor":4.0,"turns":3.0},{"damage":6.0,"enemies":"Jaw Worm","floor":5.0,"turns":3.0},{"damage":0.0,"enemies":"downfall:FleeingMerchant","floor":9.0,"turns":4.0},{"damage":9.0,"enemies":"Lagavulin","floor":10.0,"turns":7.0},{"damage":0.0,"enemies":"Blue Slaver","floor":12.0,"turns":4.0},{"damage":35.0,"enemies":"Gremlin Nob","floor":13.0,"turns":4.0},{"damage":0.0,"enemies":"3 Louse","floor":14.0,"turns":4.0},{"damage":0.0,"enemies":"Exordium Wildlife","floor":15.0,"turns":3.0},{"damage":6.0,"enemies":"IC_STATUS_ARCHETYPE","floor":16.0,"turns":7.0},{"damage":4.0,"enemies":"Shell Parasite","floor":19.0,"turns":4.0},{"damage":0.0,"enemies":"3 Byrds","floor":20.0,"turns":3.0},{"damage":2.0,"enemies":"Shelled Parasite and Fungi","floor":22.0,"turns":5.0},{"damage":3.0,"enemies":"Gremlin Leader","floor":23.0,"turns":6.0},{"damage":12.0,"enemies":"downfall:FleeingMerchant","floor":25.0,"turns":4.0},{"damage":0.0,"enemies":"Snecko","floor":26.0,"turns":4.0},{"damage":17.0,"enemies":"Cultist and Chosen","floor":30.0,"turns":5.0},{"damage":28,"enemies":"Slavers","floor":31,"turns":6},{"damage":21,"enemies":"Chosen and Byrds","floor":32,"turns":8},{"damage":9,"enemies":"DF_ARCHETYPE_CLAW","floor":33,"turns":2}],"seed_played":"1122548421811881574","potions_obtained":[{"floor":2.0,"key":"LiquidBronze"},{"floor":2.0,"key":"GamblersBrew"},{"floor":2.0,"key":"Slimebound:SlimyTonguePotion"},{"floor":3.0,"key":"SkillPotion"},{"floor":5.0,"key":"Slimebound:SlimedPotion"},{"floor":10.0,"key":"LiquidBronze"},{"floor":13.0,"key":"Fire Potion"},{"floor":14.0,"key":"Regen Potion"}],"is_trial":false,"path_per_floor":["R","?","M","M","M","?","T","R","$","E","R","M","E","M","M","B",null,"R","M","M","?","M","E","T","$","M","R","?","?","M","E","M","B"],"character_chosen":"SLIMEBOUND","items_purchased":["Slimebound:ServeAndProtect","Slimebound:AggressiveSlimeRelic","Slimebound:LeadByExample"],"campfire_rested":0,"item_purchase_floors":[9,25,25],"current_hp_per_floor":[65,65,64,64,59,59,59,59,65,58,58,60,29,31,33,35,65,65,63,65,65,65,65,65,55,59,59,59,59,44,18,8,0,0,0],"gold":94,"neow_bonus":"HUNDRED_GOLD","is_daily":false,"chose_seed":false,"campfire_upgraded":4,"win_rate":0.0,"timestamp":1612213566,"path_taken":["R","?","M","M","?","?","T","R","$","E","R","M","E","M","M","BOSS","R","M","M","?","M","E","T","$","M","R","?","?","M","E","M","BOSS"],"items_purchased_type":["Card","Relic","Card"],"build_version":"2020-12-22","purchased_purges":2,"victory":false,"max_hp_per_floor":[65,65,65,65,65,65,65,65,65,65,65,65,65,65,65,65,65,65,65,65,65,65,65,65,65,65,65,65,65,65,65,65,65,65,65],"card_choices":[{"not_picked":["Slimebound:FinishingTackle","Slimebound:MegaLick"],"picked":"Slimebound:SlimeBarrage","floor":3.0},{"not_picked":["Slimebound:Prepare","Slimebound:BestDefense"],"picked":"Slimebound:SplitBruiser","floor":4.0},{"not_picked":["Slimebound:ItLooksTasty","Slimebound:Equalize"],"picked":"Slimebound:HauntingLick","floor":5.0},{"not_picked":["Slimebound:Prepare","Slimebound:SamplingLick"],"picked":"Slimebound:SlimeSpikes","floor":9.0},{"not_picked":["Slimebound:LeechEnergy","Slimebound:ComboTackle"],"picked":"Slimebound:ProtectTheBoss","floor":10.0},{"not_picked":["Slimebound:Grow","Slimebound:LivingWall"],"picked":"Slimebound:Repurpose","floor":12.0},{"not_picked":["Slimebound:TongueLash","Slimebound:Gluttony","Slimebound:FinishingTackle"],"picked":"SKIP","floor":13.0},{"not_picked":["Slimebound:SamplingLick","Slimebound:LivingWall"],"picked":"Slimebound:Recycling","floor":14.0},{"not_picked":["Slimebound:MegaLick","Slimebound:GoopTackle"],"picked":"Slimebound:SplitAcid","floor":15.0},{"not_picked":["Slimebound:Teamwork","Slimebound:DuplicatedForm"],"picked":"Slimebound:TagTeam","floor":16.0},{"not_picked":["Slimebound:ViciousTackle","Slimebound:Equalize"],"picked":"Slimebound:SplitMire","floor":19.0},{"not_picked":["Slimebound:LeechEnergy","Slimebound:LeechingTouch","Slimebound:SlimeSpikes"],"picked":"SKIP","floor":20.0},{"not_picked":["Slimebound:ComboTackle+1","Slimebound:GoopSpray"],"picked":"Slimebound:Repurpose","floor":22.0},{"not_picked":["Slimebound:SamplingLick+1","Slimebound:Recollect"],"picked":"Slimebound:OozeBath","floor":23.0},{"not_picked":["Slimebound:HauntingLick","Slimebound:ItLooksTasty","Slimebound:ComboTackle"],"picked":"SKIP","floor":25.0},{"not_picked":["Slimebound:FormOfPuddle+1","Slimebound:SplitAcid"],"picked":"Slimebound:SpikyOuterGoop","floor":26.0},{"not_picked":["Slimebound:HungryTackle","Slimebound:RollThrough+1","Slimebound:SlimeTap"],"picked":"SKIP","floor":30.0},{"not_picked":["Slimebound:ComboTackle+1","Slimebound:GoopSpray"],"picked":"Slimebound:Repurpose","floor":31},{"not_picked":["Slimebound:SlimeBrawl","Slimebound:SplitAcid","Slimebound:RollThrough"],"picked":"SKIP","floor":32}],"player_experience":829617,"relics_obtained":[{"floor":7.0,"key":"Art of War"},{"floor":10.0,"key":"Matryoshka"},{"floor":13.0,"key":"Slimebound:SlimedTailRelic"},{"floor":23.0,"key":"Ancient Tea Set"},{"floor":24.0,"key":"PreservedInsect"},{"floor":31,"key":"Tiny Chest"}],"event_choices":[{"damage_healed":0.0,"max_hp_gain":0.0,"max_hp_loss":0.0,"gold_gain":0.0,"event_name":"Lab","player_choice":"Got Potions","floor":2.0,"gold_loss":0.0,"damage_taken":0.0}],"is_beta":false,"boss_relics":[{"not_picked":["Empty Cage","Velvet Choker"],"picked":"Sozu"}],"items_purged_floors":[9,25],"is_endless":false,"potions_floor_spawned":[3,5,10,13,14,22,23,31,32],"killed_by":"DF_ARCHETYPE_CLAW","ascension_level":0}}