{"host":"affnxa2atuc7p34z","time":1612184362,"event":{"mods":["BaseMod","Marisa£®ÏF”Í°°ƒß¿Ì…≥£©","Minty Spire (QoL Compilation)","Replay The Spire","StSLib","The Bug Knight"],"gold_per_floor":[116,132,132,188,188,188,211,245,245,263,263,298,313,363,363,363,363,363,363],"floor_reached":18,"language":"ZHS","playtime":675,"items_purged":[],"score":128,"play_id":"552d1683-0732-4e69-8023-699e7274b1ff","local_time":"20210201205922","is_ascension_mode":true,"campfire_choices":[{"floor":9,"key":"REST"},{"floor":17,"key":"REST"}],"circlet_count":0,"master_deck":["Strike_G","Strike_G","Strike_G","Strike_G","Strike_G","Defend_G","Defend_G","Defend_G","Defend_G","Defend_G","Survivor","Neutralize","Bouncing Flask","Draining Mist","Injury","Predator","Outmaneuver","Sucker Punch","Bane+1","Regret","Parasite"],"relics":["Ring of the Snake","Golden Idol","Garlic","White Beast Statue","Singing Bowl","Molten Egg 2","Ring of Greed","Ring of Panic","Blue Doll","Tiny Chest"],"acts_visited":["Exordium"],"potions_floor_usage":[8,13,15,18],"damage_taken":[{"damage":0,"enemies":"Cultist","floor":1,"turns":4},{"damage":1,"enemies":"2 Louse","floor":2,"turns":3},{"damage":5,"enemies":"Jaw Worm","floor":7,"turns":2},{"damage":24,"enemies":"Gremlin Nob","floor":8,"turns":4},{"damage":1,"enemies":"Large Slime","floor":10,"turns":6},{"damage":22,"enemies":"Lagavulin","floor":12,"turns":6},{"damage":8,"enemies":"Exordium Thugs","floor":13,"turns":5},{"damage":0,"enemies":"3 Louse","floor":15,"turns":1},{"damage":68,"enemies":"Fading Forest","floor":18,"turns":10}],"seed_played":"4454372251658637333","potions_obtained":[{"floor":1,"key":"Explosive Potion"},{"floor":10,"key":"CunningPotion"},{"floor":12,"key":"SmokeBomb"},{"floor":13,"key":"Explosive Potion"}],"is_trial":false,"path_per_floor":["M","M","?","?","PTL","PTL","M","E","R","M","T","E","M","?","M","?","R","B"],"character_chosen":"THE_SILENT","items_purchased":[],"campfire_rested":2,"item_purchase_floors":[],"current_hp_per_floor":[77,76,76,46,46,46,41,17,40,39,39,17,11,11,11,30,53,0,0],"gold":363,"neow_bonus":"TEN_PERCENT_HP_BONUS","is_daily":false,"chose_seed":false,"campfire_upgraded":0,"win_rate":0.0,"timestamp":1612184362,"path_taken":["M","?","?","?","PTL","PTL","M","E","R","M","T","E","M","?","?","?","R","BOSS"],"items_purchased_type":[],"build_version":"2020-12-22","purchased_purges":0,"victory":false,"max_hp_per_floor":[77,77,77,77,77,77,77,77,77,77,77,77,79,79,79,79,79,79,79],"card_choices":[{"not_picked":["Flying Knee","Outmaneuver"],"picked":"Bouncing Flask","floor":1},{"not_picked":["Bane","Dagger Spray"],"picked":"Draining Mist","floor":2},{"not_picked":["Cloak And Dagger","Flying Knee"],"picked":"Predator","floor":4},{"not_picked":["Terror","Deflect"],"picked":"Outmaneuver","floor":4},{"not_picked":["Wraith Form v2","Well Laid Plans"],"picked":"Sucker Punch","floor":7},{"not_picked":["Escape Plan","Prepared","Quick Slash"],"picked":"SKIP","floor":8},{"not_picked":["Acrobatics","Underhanded Strike","Outmaneuver"],"picked":"SKIP","floor":10},{"not_picked":["Blur","Accuracy"],"picked":"Bane+1","floor":12},{"not_picked":["Infinite Blades","Fluid Movement","Blade Dance"],"picked":"Singing Bowl","floor":13}],"player_experience":392445,"relics_obtained":[{"floor":4,"key":"Garlic"},{"floor":8,"key":"White Beast Statue"},{"floor":11,"key":"Singing Bowl"},{"floor":12,"key":"Molten Egg 2"},{"floor":14,"key":"Ring of Greed"},{"floor":14,"key":"Ring of Panic"},{"floor":14,"key":"Blue Doll"},{"floor":14,"key":"Tiny Chest"}],"event_choices":[{"damage_healed":0,"gold_gain":0,"player_choice":"Take Wound","damage_taken":0,"relics_obtained":["Golden Idol"],"max_hp_gain":0,"max_hp_loss":0,"event_name":"Golden Idol","floor":3,"gold_loss":0,"cards_obtained":["Injury"]},{"damage_healed":19,"gold_gain":0,"player_choice":"Healed and dodged fight","damage_taken":0,"max_hp_gain":0,"max_hp_loss":0,"event_name":"Mushrooms","floor":16,"gold_loss":0,"cards_obtained":["Parasite"]}],"is_beta":false,"boss_relics":[],"items_purged_floors":[],"is_endless":false,"potions_floor_spawned":[1,10,12,13,15],"killed_by":"Fading Forest","ascension_level":1}}