{"host":"u9h06qdlnp3wgzsw","time":1612167015,"event":{"mods":["Act Like it!","BaseMod","Conspire","Curses Come First","Downfall","Hallownest","Hermit","Hubris","Minty Spire (QoL Compilation)","Quick Restart","Rare Cards Sparkle","Replay The Spire","Shop Mod","StSLib","The Disciple","The Hierophant","The Servant 0.9.4"],"gold_per_floor":[110,60,60,70,81,81,96,96,96,96,24,58,85,118,118,232,232,251,276,295,309,309],"floor_reached":21,"language":"ENG","playtime":900,"items_purged":[],"score":175,"play_id":"b40554f9-beea-461c-a64b-8ce4a8deace1","local_time":"20210201031015","is_ascension_mode":false,"campfire_choices":[{"data":"Defend_R","floor":6,"key":"SMITH"},{"data":"Bash","floor":8,"key":"SMITH"},{"floor":15,"key":"REST"}],"circlet_count":0,"master_deck":["Strike_R","Strike_R","Strike_R","Defend_R","Defend_R","Defend_R+1","Bash+1","conspire:Purge","Inflame","Barricade","Body Slam+1"],"relics":["hubris:RunicObelisk","Centennial Puzzle","Replay:Bandana","SlaversCollar"],"acts_visited":["Exordium","TheCity"],"potions_floor_usage":[5,13,16,16,20,21],"damage_taken":[{"damage":1,"enemies":"Jaw Worm","floor":1,"turns":3},{"damage":7,"enemies":"2 Louse","floor":4,"turns":3},{"damage":0,"enemies":"Cultist","floor":5,"turns":3},{"damage":0,"enemies":"Exordium Wildlife","floor":7,"turns":4},{"damage":13,"enemies":"Gremlin Gang","floor":12,"turns":6},{"damage":11,"enemies":"3 Louse","floor":13,"turns":4},{"damage":5,"enemies":"2 Fungi Beasts","floor":14,"turns":3},{"damage":52,"enemies":"Hexaghost","floor":16,"turns":11},{"damage":17,"enemies":"conspire:FuzzyDice","floor":18,"turns":7},{"damage":8,"enemies":"Chosen","floor":19,"turns":5},{"damage":29,"enemies":"Snake Plant","floor":20,"turns":6},{"damage":26,"enemies":"3 Cultists","floor":21,"turns":3}],"seed_played":"-5321721744845058320","potions_obtained":[{"floor":3,"key":"hexamod:SoulburnPotion"},{"floor":3,"key":"SpeedPotion"},{"floor":3,"key":"Slimebound:ThreeZeroPotion"},{"floor":7,"key":"ElixirPotion"},{"floor":14,"key":"Block Potion"},{"floor":16,"key":"sneckomod:MuddlingPotion"},{"floor":18,"key":"Explosive Potion"}],"is_trial":false,"path_per_floor":["M","?","?","M","M","R","M","R","T","?","$","M","M","M","R","B",null,"M","M","M","M"],"character_chosen":"IRONCLAD","items_purchased":["conspire:Purge"],"campfire_rested":1,"item_purchase_floors":[11],"current_hp_per_floor":[79,79,79,72,72,72,72,72,72,72,72,59,48,43,67,15,80,63,55,26,0,0],"gold":309,"neow_bonus":"BOSS_RELIC","is_daily":false,"chose_seed":false,"campfire_upgraded":2,"win_rate":0.0,"timestamp":1612167015,"path_taken":["M","?","?","?","M","R","M","R","T","?","$","M","M","M","R","BOSS","M","M","?","M"],"items_purchased_type":["Card"],"build_version":"2020-12-22","purchased_purges":0,"victory":false,"max_hp_per_floor":[80,80,80,80,80,80,80,80,80,80,80,80,80,80,80,80,80,80,80,80,80,80],"card_choices":[{"not_picked":["Clothesline","ReplayTheSpireMod:Strike From Hell","Defy Death"],"picked":"SKIP","floor":1},{"not_picked":["Heavy Blade","True Grit","Spot Weakness"],"picked":"SKIP","floor":4},{"not_picked":["Headbutt","Twin Strike","Dual Wield"],"picked":"SKIP","floor":5},{"not_picked":["Fire Breathing","Wild Strike","Headbutt"],"picked":"SKIP","floor":7},{"not_picked":["Offering","Body Slam","True Grit"],"picked":"SKIP","floor":12},{"not_picked":["conspire:ExplosiveBarrier","Warcry","Wild Strike"],"picked":"SKIP","floor":13},{"not_picked":["Pommel Strike","Offering"],"picked":"Inflame","floor":14},{"not_picked":["Reaper","Limit Break"],"picked":"Barricade","floor":16},{"not_picked":["True Grit","Flex","Fire Breathing+1"],"picked":"SKIP","floor":18},{"not_picked":["Clothesline+1","Replay:Undeath\u0027s Touch","Warcry"],"picked":"SKIP","floor":19},{"not_picked":["Second Wind+1","Abandon"],"picked":"Body Slam+1","floor":20}],"player_experience":984428,"relics_obtained":[{"floor":9,"key":"Centennial Puzzle"}],"event_choices":[{"cards_removed":["Strike_R"],"damage_healed":0,"gold_gain":0,"player_choice":"Card Removal","damage_taken":0,"max_hp_gain":0,"max_hp_loss":0,"event_name":"The Cleric","floor":2,"gold_loss":50},{"damage_healed":0,"gold_gain":0,"player_choice":"Got Potions","damage_taken":0,"max_hp_gain":0,"max_hp_loss":0,"event_name":"Lab","floor":3,"gold_loss":0},{"damage_healed":0,"gold_gain":0,"player_choice":"Gave Potion","damage_taken":0,"relics_obtained":["Replay:Bandana"],"max_hp_gain":0,"max_hp_loss":0,"event_name":"WeMeetAgain","floor":10,"gold_loss":0}],"is_beta":false,"boss_relics":[{"not_picked":["Fusion Hammer","ReplayTheSpireMod:DimensionalGlitch"],"picked":"SlaversCollar"}],"items_purged_floors":[],"is_endless":false,"potions_floor_spawned":[4,7,14,16,18],"killed_by":"3 Cultists","ascension_level":0}}