{"host":"8is2j71l4wmybkoi","time":1612177359,"event":{"mods":["AchievementEnabler","BaseMod","Colored Map","Minty Spire (QoL Compilation)","Rare Cards Sparkle","StSLib","SuperFastMode"],"gold_per_floor":[116,116,126,26,26,51,51,61,61,95,120,120,120,120],"floor_reached":13,"language":"KOR","playtime":336,"items_purged":["Strike_B"],"score":203,"play_id":"78c17a7f-604a-477d-a70f-a8abbaa29a2c","local_time":"20210201200239","is_ascension_mode":true,"campfire_choices":[{"data":"Defend_B","floor":7,"key":"PURGE"},{"data":"Strike_B","floor":12,"key":"PURGE"}],"circlet_count":0,"master_deck":["AscendersBane","Strike_B","Defend_B","Defend_B","Defend_B","Zap","Dualcast","Aggregate","Cold Snap","Conserve Battery","Gash","Meteor Strike","Coolheaded","Turbo"],"relics":["Cracked Core","NeowsBlessing","Peace Pipe","Pear","StoneCalendar","Odd Mushroom"],"acts_visited":["Exordium"],"potions_floor_usage":[10,13],"damage_taken":[{"damage":0,"enemies":"Small Slimes","floor":1,"turns":1},{"damage":0,"enemies":"2 Louse","floor":3,"turns":1},{"damage":0,"enemies":"Gremlin Nob","floor":6,"turns":1},{"damage":0,"enemies":"Jaw Worm","floor":8,"turns":3},{"damage":25,"enemies":"3 Sentries","floor":10,"turns":11},{"damage":14,"enemies":"The Mushroom Lair","floor":11,"turns":5},{"damage":48,"enemies":"Gremlin Nob","floor":13,"turns":5}],"seed_played":"8341597010414519349","potions_obtained":[{"floor":1,"key":"FearPotion"},{"floor":6,"key":"SpeedPotion"}],"is_trial":false,"path_per_floor":["M","$","M","$","?","E","R","M","T","E","?","R","E"],"character_chosen":"DEFECT","items_purchased":["Conserve Battery"],"campfire_rested":0,"item_purchase_floors":[4],"current_hp_per_floor":[64,64,64,64,64,64,64,64,74,49,35,35,0,0],"gold":120,"neow_bonus":"THREE_ENEMY_KILL","is_daily":false,"chose_seed":false,"campfire_upgraded":0,"win_rate":0.0,"timestamp":1612177359,"path_taken":["M","$","M","$","?","E","R","M","T","E","?","R","E"],"items_purchased_type":["Card"],"build_version":"2020-12-22","purchased_purges":1,"victory":false,"max_hp_per_floor":[71,71,71,71,71,71,71,71,81,81,81,81,81,81],"card_choices":[{"not_picked":["Stack","Steam"],"picked":"Aggregate","floor":1},{"not_picked":["Gash","Melter"],"picked":"Cold Snap","floor":3},{"not_picked":["BootSequence","Reprogram"],"picked":"Gash","floor":6},{"not_picked":["Steam Power","Go for the Eyes"],"picked":"Meteor Strike","floor":8},{"not_picked":["BootSequence","Redo"],"picked":"Coolheaded","floor":10},{"not_picked":["Capacitor","Beam Cell"],"picked":"Turbo","floor":11}],"player_experience":912069,"relics_obtained":[{"floor":6,"key":"Peace Pipe"},{"floor":9,"key":"Pear"},{"floor":10,"key":"StoneCalendar"},{"floor":11,"key":"Odd Mushroom"}],"event_choices":[{"cards_removed":["Strike_B"],"damage_healed":0,"gold_gain":0,"player_choice":"Forget","damage_taken":0,"max_hp_gain":0,"max_hp_loss":0,"event_name":"Living Wall","floor":5,"gold_loss":0},{"damage_healed":0,"gold_gain":0,"player_choice":"Fought Mushrooms","damage_taken":0,"max_hp_gain":0,"max_hp_loss":0,"event_name":"Mushrooms","floor":11,"gold_loss":0}],"is_beta":false,"boss_relics":[],"items_purged_floors":[4],"is_endless":false,"potions_floor_spawned":[1,6],"killed_by":"Gremlin Nob","ascension_level":15}}