{"host":"6jq10w63bz2fmhcc","time":1612194028,"event":{"mods":["AchievementEnabler","Act Like it!","Astrologer","BaseMod","Beaked The Cultist","Better Note","Better Third Choice","Colored Map","Colored Powertips","DeckTracker","Downfall","Gensokyo","GifTheSpireLib","Hermit","Hubris","Infinite Spire","Lobotomy","Marisa????????","Minty Spire (QoL Compilation)","Quick Restart","Relic Stats","Replay The Spire","StSLib","Stuff the Spire","The Bug Knight","The Construct","The Cursed","The Disciple","The Hierophant","The Jungle","The Mystic","The Necromancer","The Runesmith","The Servant 0.9.4"],"gold_per_floor":[119,219,239,258,58,83,83,98,124,124,124,27,54,66,66,164,164,181,198,58,58,58,58,58,58,133,147,179,179,197,216,216,236,236],"floor_reached":33,"language":"ENG","playtime":4094,"items_purged":[],"score":343,"play_id":"f720d757-fc7a-4992-9493-4feb6a1c25d5","local_time":"20210201211028","is_ascension_mode":false,"campfire_choices":[{"data":"hierophant:RepressedViolence","floor":7.0,"key":"SMITH"},{"floor":10.0,"key":"REST"},{"floor":15.0,"key":"REST"},{"data":"hierophant:DeathKnell","floor":23.0,"key":"SMITH"},{"floor":25.0,"key":"REST"},{"data":"Mind Blast","floor":29.0,"key":"SMITH"},{"floor":32.0,"key":"REST"}],"circlet_count":0,"master_deck":["hierophant:Strike_Hierophant","hierophant:Strike_Hierophant","hierophant:Strike_Hierophant","hierophant:Punish","hierophant:Defend_Hierophant","hierophant:Defend_Hierophant","hierophant:Defend_Hierophant","hierophant:Defend_Hierophant","hierophant:ChurchCoffers","hierophant:ThreeLashes","hierophant:RepressedViolence+1","hierophant:FieryStrike","Mind Blast+1","hierophant:DeathKnell+1","hierophant:Alms","hierophant:Batter","hierophant:HolyVerse","hierophant:Bribe+1","Dark Shackles","hierophant:OrnateBuckler","hierophant:Invocation+1","hierophant:MirrorShield+1","hierophant:Embezzle"],"relics":["hierophant:PropheticMaskRelic","Pen Nib","PreservedInsect","StoneCalendar","hubris:SlimyHat","hubris:TinFlute","construct:ClawGrip","Gremlin Food","Replay:Mystery Machine","construct:FoamFinger","Blood Vial","MealTicket"],"acts_visited":["Exordium","TheCity"],"potions_floor_usage":[33],"damage_taken":[{"damage":0.0,"enemies":"Small Slimes","floor":1.0,"turns":3.0},{"damage":16.0,"enemies":"infinitespire:Voidling","floor":3.0,"turns":3.0},{"damage":0.0,"enemies":"2 Louse","floor":4.0,"turns":3.0},{"damage":11.0,"enemies":"Lagavulin","floor":6.0,"turns":5.0},{"damage":30.0,"enemies":"Exordium Wildlife","floor":8.0,"turns":4.0},{"damage":14.0,"enemies":"Gremlin Nob","floor":13.0,"turns":3.0},{"damage":16.0,"enemies":"Red Slaver","floor":14.0,"turns":4.0},{"damage":7.0,"enemies":"Hexaghost","floor":16.0,"turns":6.0},{"damage":5.0,"enemies":"Chosen","floor":18.0,"turns":4.0},{"damage":45.0,"enemies":"3 Cultists","floor":19.0,"turns":6.0},{"damage":13.0,"enemies":"Centurion and Healer","floor":27.0,"turns":6.0},{"damage":0.0,"enemies":"HollowMod:Nosk","floor":28.0,"turns":2.0},{"damage":13.0,"enemies":"Snake Plant","floor":30.0,"turns":2.0},{"damage":24.0,"enemies":"Nightmare","floor":31.0,"turns":6.0},{"damage":65,"enemies":"hubris:MusketHawk","floor":33,"turns":6}],"seed_played":"-8528760358910156690","potions_obtained":[{"floor":1.0,"key":"Elixir"},{"floor":8.0,"key":"Strength Potion"},{"floor":13.0,"key":"Cursed Concoction"},{"floor":19.0,"key":"FearPotion"},{"floor":30.0,"key":"SkillPotion"}],"is_trial":false,"path_per_floor":["M","?","M","M","$","E","R","M","T","R","?","$","E","M","R","B",null,"M","M","$","?","AVR","R","?","R","T","M","E","R","M","NM","R_BF","B"],"character_chosen":"HIEROPHANT","items_purchased":["PreservedInsect","Weak Potion","Mind Blast","Dark Shackles","PowerPotion"],"campfire_rested":4,"item_purchase_floors":[5,5,12,20,20],"current_hp_per_floor":[75,75,66,66,66,55,55,25,25,47,40,40,26,10,32,25,75,70,25,25,25,25,25,25,47,47,34,34,34,23,1,23,0,0],"gold":236,"neow_bonus":"RANDOM_COMMON_RELIC","is_daily":false,"chose_seed":false,"campfire_upgraded":3,"win_rate":0.0,"timestamp":1612194028,"path_taken":["M","?","M","M","$","E","R","?","T","R","?","$","E","M","R","BOSS","M","M","$","?","AVR","R","?","R","T","M","E","R","M","NM","R_BF","BOSS"],"items_purchased_type":["Relic","Potion","Card","Card","Potion"],"build_version":"2020-12-22","purchased_purges":0,"victory":false,"max_hp_per_floor":[75,75,75,75,75,75,75,75,75,75,75,75,75,75,75,75,75,75,75,75,75,75,75,75,75,75,75,75,75,75,75,75,75,75],"relic_stats":{"Blood Vial":6,"counters":[15,63],"StoneCalendar":[0],"MealTicket":0,"Pen Nib":[13],"PreservedInsect":110,"obtain_stats":[{"Gremlin Food":22,"Blood Vial":28,"construct:ClawGrip":17,"construct:FoamFinger":26,"hierophant:PropheticMaskRelic":0,"StoneCalendar":6,"MealTicket":31,"Pen Nib":0,"PreservedInsect":5,"hubris:SlimyHat":9,"Replay:Mystery Machine":24,"hubris:TinFlute":13},{"Gremlin Food":10,"Blood Vial":12,"construct:ClawGrip":8,"construct:FoamFinger":10,"hierophant:PropheticMaskRelic":0,"StoneCalendar":4,"MealTicket":14,"Pen Nib":0,"PreservedInsect":3,"hubris:SlimyHat":5,"Replay:Mystery Machine":10,"hubris:TinFlute":6},{"Gremlin Food":41,"Blood Vial":49,"construct:ClawGrip":31,"construct:FoamFinger":41,"hierophant:PropheticMaskRelic":0,"StoneCalendar":14,"MealTicket":57,"Pen Nib":0,"PreservedInsect":9,"hubris:SlimyHat":18,"Replay:Mystery Machine":41,"hubris:TinFlute":21}]},"card_choices":[{"not_picked":["hierophant:Remorse","hierophant:Purify"],"picked":"hierophant:ThreeLashes","floor":1.0},{"not_picked":["hierophant:Purify","hierophant:DisplayOfPower","hierophant:CursedGold"],"picked":"SKIP","floor":3.0},{"not_picked":["hierophant:SealAway","hierophant:RustyCrate","hierophant:AuricShield"],"picked":"SKIP","floor":4.0},{"not_picked":["hierophant:Upheaval","hierophant:RecallFunds"],"picked":"hierophant:RepressedViolence","floor":6.0},{"not_picked":["hierophant:RecallFunds","hierophant:HammerAndAnvil"],"picked":"hierophant:FieryStrike","floor":8.0},{"not_picked":["hierophant:Zeal","hierophant:Doubloon"],"picked":"hierophant:DeathKnell","floor":13.0},{"not_picked":["hierophant:PassingBell","hierophant:Repentance"],"picked":"hierophant:Alms","floor":14.0},{"not_picked":["hierophant:Levitation","hierophant:Determination"],"picked":"hierophant:Batter","floor":16.0},{"not_picked":["hierophant:Remorse","hierophant:DisplayOfPower+1"],"picked":"hierophant:HolyVerse","floor":18.0},{"not_picked":["hierophant:OrnateBuckler","hierophant:HammerAndAnvil"],"picked":"hierophant:Bribe","floor":19.0},{"not_picked":["hierophant:SealAway","hierophant:RustyCrate+1"],"picked":"hierophant:OrnateBuckler","floor":27.0},{"not_picked":["hierophant:Alms+1","hierophant:Racketeering+1"],"picked":"hierophant:Invocation","floor":28.0},{"not_picked":["hierophant:Smite","hierophant:Encroach+1"],"picked":"hierophant:MirrorShield+1","floor":30.0},{"not_picked":["hierophant:FlamingChariot+1","hierophant:Patience"],"picked":"hierophant:Embezzle","floor":31.0}],"player_experience":162288,"relics_obtained":[{"floor":6.0,"key":"StoneCalendar"},{"floor":9.0,"key":"hubris:SlimyHat"},{"floor":13.0,"key":"hubris:TinFlute"},{"floor":26.0,"key":"construct:FoamFinger"},{"floor":28.0,"key":"Blood Vial"},{"floor":31.0,"key":"MealTicket"}],"event_choices":[{"damage_healed":0.0,"max_hp_gain":0.0,"max_hp_loss":0.0,"gold_gain":100.0,"event_name":"Golden Shrine","player_choice":"Pray","floor":2.0,"gold_loss":0.0,"damage_taken":0.0},{"cards_removed":["hierophant:Strike_Hierophant"],"damage_healed":0.0,"max_hp_gain":0.0,"max_hp_loss":0.0,"gold_gain":0.0,"event_name":"Golden Wing","player_choice":"Card Removal","floor":11.0,"gold_loss":0.0,"damage_taken":7.0},{"damage_healed":0.0,"max_hp_gain":0.0,"max_hp_loss":0.0,"gold_gain":0.0,"event_name":"betterNote:BetterNote","player_choice":"Ignored","floor":21.0,"gold_loss":0.0,"damage_taken":0.0,"cards_obtained":["Strike_R"]}],"is_beta":false,"boss_relics":[{"not_picked":["infinitespire:Cupcake","StuffTheSpire:RunicHypercube"],"picked":"construct:ClawGrip"}],"items_purged_floors":[],"is_endless":false,"potions_floor_spawned":[1,8,13,14,19,30],"killed_by":"hubris:MusketHawk","ascension_level":0}}