{"host":"c6u7e77myxvw4d0m","time":1612179008,"event":{"mods":["AchievementEnabler","BaseMod","Bestiary","Colored Map","Colored Powertips","Minty Spire (QoL Compilation)","Rare Cards Sparkle","Relic Stats","everything is the same but u backflip on backflip"],"gold_per_floor":[110,128,144,144,154,154,254,254,254,280,4,39,52,65,65,140,140,156,171,96,96,113,145,145,165,217,217,217],"floor_reached":27,"language":"ENG","playtime":2951,"items_purged":["Strike_R"],"score":500,"play_id":"92782103-6907-4b1f-a539-eca219bc9aa6","local_time":"20210201133008","is_ascension_mode":true,"campfire_choices":[{"data":"Immolate","floor":6,"key":"SMITH"},{"data":"Armaments","floor":8,"key":"SMITH"},{"data":"Dagger Spray","floor":15,"key":"SMITH"},{"floor":24,"key":"REST"}],"circlet_count":0,"master_deck":["AscendersBane","Strike_R+1","Strike_R","Defend_R","Defend_R","Defend_R","Defend_R","Bash","Corruption","Armaments+1","Feel No Pain","Flex","Immolate+1","Flame Barrier","Dark Embrace","Dagger Spray+1","Vengeance","BowlingBash","Master of Strategy","Skewer+1","Rebound+1","Worship+1"],"relics":["Burning Blood","Matryoshka","Blood Vial","Singing Bowl","Pen Nib","PrismaticShard","Calipers","Sozu","Girya","MealTicket","Whetstone"],"acts_visited":["Exordium","TheCity"],"potions_floor_usage":[16,16],"damage_taken":[{"damage":6,"enemies":"Cultist","floor":1,"turns":3},{"damage":0,"enemies":"2 Louse","floor":2,"turns":2},{"damage":15,"enemies":"Small Slimes","floor":3,"turns":5},{"damage":14,"enemies":"Red Slaver","floor":5,"turns":5},{"damage":27,"enemies":"Lagavulin","floor":10,"turns":7},{"damage":10,"enemies":"3 Sentries","floor":12,"turns":4},{"damage":21,"enemies":"Blue Slaver","floor":13,"turns":6},{"damage":3,"enemies":"2 Fungi Beasts","floor":14,"turns":2},{"damage":6,"enemies":"Hexaghost","floor":16,"turns":9},{"damage":56,"enemies":"Shell Parasite","floor":18,"turns":4},{"damage":6,"enemies":"Spheric Guardian","floor":19,"turns":3},{"damage":0,"enemies":"3 Cultists","floor":22,"turns":2},{"damage":24,"enemies":"Gremlin Leader","floor":23,"turns":4},{"damage":0,"enemies":"Snake Plant","floor":25,"turns":2},{"damage":59,"enemies":"Book of Stabbing","floor":27,"turns":4}],"seed_played":"-7634617971809315692","potions_obtained":[{"floor":1,"key":"EssenceOfSteel"},{"floor":5,"key":"LiquidBronze"},{"floor":12,"key":"AttackPotion"},{"floor":14,"key":"PowerPotion"},{"floor":16,"key":"LiquidBronze"}],"is_trial":false,"path_per_floor":["M","M","M","T","M","R","?","R","T","E","$","E","M","M","R","B",null,"M","M","?","?","M","E","R","M","T","E"],"character_chosen":"IRONCLAD","items_purchased":["Dark Embrace","PrismaticShard"],"campfire_rested":1,"item_purchase_floors":[11,11],"current_hp_per_floor":[68,74,65,65,57,57,57,57,57,38,38,36,23,28,28,30,64,16,18,18,18,28,14,37,45,45,0,0],"gold":217,"neow_bonus":"ONE_RANDOM_RARE_CARD","is_daily":false,"chose_seed":false,"campfire_upgraded":3,"win_rate":0.0,"timestamp":1612179008,"path_taken":["M","M","M","?","M","R","?","R","T","E","$","E","M","M","R","BOSS","M","?","?","?","M","E","R","M","T","E"],"items_purchased_type":["Card","Relic"],"build_version":"2020-12-22","purchased_purges":1,"victory":false,"max_hp_per_floor":[75,75,75,75,75,75,75,75,75,75,75,75,75,75,75,75,75,75,75,75,75,77,79,79,79,79,79,79],"relic_stats":{"Blood Vial":22,"Sozu":3,"Singing Bowl":4,"counters":[15,62],"MealTicket":0,"Pen Nib":[4],"Whetstone":["Rebound","Strike_R"],"obtain_stats":[{"Blood Vial":9,"Sozu":17,"Girya":23,"Matryoshka":4,"Calipers":12,"Singing Bowl":9,"MealTicket":26,"Pen Nib":10,"Whetstone":26,"PrismaticShard":11,"Burning Blood":0},{"Blood Vial":4,"Sozu":9,"Girya":13,"Matryoshka":3,"Calipers":6,"Singing Bowl":4,"MealTicket":14,"Pen Nib":5,"Whetstone":14,"PrismaticShard":5,"Burning Blood":0},{"Blood Vial":15,"Sozu":43,"Girya":56,"Matryoshka":10,"Calipers":26,"Singing Bowl":15,"MealTicket":58,"Pen Nib":22,"Whetstone":58,"PrismaticShard":22,"Burning Blood":0}],"Burning Blood":84},"card_choices":[{"not_picked":["Bloodletting","True Grit"],"picked":"Armaments","floor":1},{"not_picked":["Pummel","Wild Strike"],"picked":"Feel No Pain","floor":2},{"not_picked":["Second Wind","Warcry"],"picked":"Flex","floor":3},{"not_picked":["Rage","Armaments"],"picked":"Immolate","floor":5},{"not_picked":["Anger","Ghostly Armor"],"picked":"Flame Barrier","floor":10},{"not_picked":["Coolheaded","FlyingSleeves"],"picked":"Dagger Spray","floor":12},{"not_picked":["Clash","Masterful Stab"],"picked":"Vengeance","floor":13},{"not_picked":["CarveReality","Prepared"],"picked":"BowlingBash","floor":14},{"not_picked":["Devotion","Brutality"],"picked":"Master of Strategy","floor":16},{"not_picked":["Consecrate","Cloak And Dagger"],"picked":"Skewer+1","floor":18},{"not_picked":["ClearTheMind","Underhanded Strike"],"picked":"Rebound","floor":19},{"not_picked":["Lockon","Barrage+1","Dark Embrace"],"picked":"Singing Bowl","floor":22},{"not_picked":["Devotion","FlurryOfBlows","ClearTheMind+1"],"picked":"Singing Bowl","floor":23},{"not_picked":["Finesse","Deadly Poison"],"picked":"Worship+1","floor":25}],"player_experience":598774,"relics_obtained":[{"floor":4,"key":"Matryoshka"},{"floor":9,"key":"Blood Vial"},{"floor":9,"key":"Singing Bowl"},{"floor":10,"key":"Pen Nib"},{"floor":12,"key":"Calipers"},{"floor":23,"key":"Girya"},{"floor":26,"key":"MealTicket"},{"floor":26,"key":"Whetstone"}],"event_choices":[{"damage_healed":0,"gold_gain":100,"player_choice":"Gold","damage_taken":0,"max_hp_gain":0,"max_hp_loss":0,"event_name":"Wheel of Change","floor":7,"gold_loss":0},{"cards_removed":["Strike_R"],"damage_healed":0,"gold_gain":0,"player_choice":"Gave Gold","damage_taken":0,"max_hp_gain":0,"max_hp_loss":0,"event_name":"Beggar","floor":20,"gold_loss":75},{"cards_removed":["Strike_R"],"damage_healed":0,"gold_gain":0,"player_choice":"Purged","damage_taken":0,"max_hp_gain":0,"max_hp_loss":0,"event_name":"Purifier","floor":21,"gold_loss":0}],"is_beta":false,"boss_relics":[{"not_picked":["Empty Cage","Runic Pyramid"],"picked":"Sozu"}],"items_purged_floors":[11],"is_endless":false,"potions_floor_spawned":[1,5,12,14,16,19,23,25],"killed_by":"Book of Stabbing","ascension_level":17}}