{"host":"klrvvo16pazy794l","time":1612210200,"event":{"mods":["BaseMod","Minty Spire (QoL Compilation)"],"gold_per_floor":[13,13,13,25,200,229,229,229,252,279,279,279,279,294,294,393,393,407,425,63,80,80,80],"floor_reached":22,"language":"ENG","playtime":608,"items_purged":["Strike_R"],"score":211,"play_id":"1630eb4a-34bc-4ffa-bb9e-a0bec8138064","local_time":"20210201141000","is_ascension_mode":true,"campfire_choices":[{"floor":8,"key":"REST"},{"data":"Cleave","floor":13,"key":"SMITH"},{"data":"Thunderclap","floor":15,"key":"SMITH"}],"circlet_count":0,"master_deck":["Strike_R","Strike_R","Strike_R","Defend_R","Defend_R","Defend_R","Bash+1","Sword Boomerang+1","Twin Strike","Cleave+1","Wild Strike+1","Thunderclap+1","Barricade","Bloodletting","True Grit","Entrench+1"],"relics":["Burning Blood","Bag of Preparation","Anchor","Blood Vial","Mark of Pain","Shuriken"],"acts_visited":["Exordium","TheCity"],"potions_floor_usage":[18,21,21,22],"damage_taken":[{"damage":9,"enemies":"2 Louse","floor":1,"turns":3},{"damage":0,"enemies":"Small Slimes","floor":4,"turns":3},{"damage":38,"enemies":"Gremlin Nob","floor":6,"turns":5},{"damage":26,"enemies":"3 Sentries","floor":10,"turns":6},{"damage":0,"enemies":"Cultist","floor":14,"turns":2},{"damage":75,"enemies":"Hexaghost","floor":16,"turns":9},{"damage":22,"enemies":"Spheric Guardian","floor":18,"turns":4},{"damage":48,"enemies":"Shell Parasite","floor":19,"turns":6},{"damage":25,"enemies":"Centurion and Healer","floor":21,"turns":5},{"damage":16,"enemies":"Snake Plant","floor":22,"turns":2}],"seed_played":"-5015585688161755534","potions_obtained":[{"floor":6,"key":"SpeedPotion"},{"floor":10,"key":"BlessingOfTheForge"},{"floor":16,"key":"DistilledChaos"},{"floor":19,"key":"ColorlessPotion"}],"is_trial":false,"path_per_floor":["M","?","$","M","?","E","?","R","T","E","?","?","R","M","R","B",null,"M","M","$","M","M"],"character_chosen":"IRONCLAD","items_purchased":["True Grit","Shuriken"],"campfire_rested":1,"item_purchase_floors":[20,20],"current_hp_per_floor":[77,77,77,80,80,48,32,56,56,36,29,80,80,80,80,11,80,64,24,24,7,0,0],"gold":80,"neow_bonus":"TRANSFORM_TWO_CARDS","is_daily":false,"chose_seed":false,"campfire_upgraded":2,"win_rate":0.0,"timestamp":1612210200,"path_taken":["M","?","$","M","?","E","?","R","T","E","?","?","R","M","R","BOSS","M","M","$","M","?"],"items_purchased_type":["Card","Relic"],"build_version":"2020-12-22","purchased_purges":1,"victory":false,"max_hp_per_floor":[80,80,80,80,80,80,80,80,80,80,80,80,80,80,80,80,80,80,80,80,80,80,80],"card_choices":[{"not_picked":["Clothesline","Rupture"],"picked":"Twin Strike","floor":1},{"not_picked":["Havoc","Dropkick"],"picked":"Cleave","floor":4},{"not_picked":["Cleave","Perfected Strike"],"picked":"Wild Strike","floor":6},{"not_picked":["Clothesline","Cleave","Infernal Blade"],"picked":"SKIP","floor":10},{"not_picked":["Reckless Charge","Twin Strike"],"picked":"Thunderclap","floor":14},{"not_picked":["Reaper","Berserk"],"picked":"Barricade","floor":16},{"not_picked":["Seeing Red","Heavy Blade"],"picked":"Bloodletting","floor":18},{"not_picked":["Ghostly Armor","Warcry","Spot Weakness+1"],"picked":"SKIP","floor":19},{"not_picked":["Thunderclap","Sword Boomerang"],"picked":"Entrench+1","floor":21}],"player_experience":496466,"relics_obtained":[{"floor":6,"key":"Bag of Preparation"},{"floor":9,"key":"Anchor"},{"floor":10,"key":"Blood Vial"}],"event_choices":[{"damage_healed":0,"gold_gain":0,"player_choice":"Grow","damage_taken":0,"max_hp_gain":0,"max_hp_loss":0,"event_name":"Living Wall","floor":2,"gold_loss":0,"cards_upgraded":["Sword Boomerang"]},{"damage_healed":0,"gold_gain":175,"player_choice":"AGREE","damage_taken":0,"max_hp_gain":0,"max_hp_loss":0,"event_name":"Liars Game","floor":5,"gold_loss":0,"cards_obtained":["Doubt"]},{"damage_healed":0,"gold_gain":0,"player_choice":"Entered Light","damage_taken":16,"max_hp_gain":0,"max_hp_loss":0,"event_name":"Shining Light","floor":7,"gold_loss":0,"cards_upgraded":["Wild Strike","Bash"]},{"cards_removed":["Doubt"],"damage_healed":0,"gold_gain":0,"player_choice":"Card Removal","damage_taken":7,"max_hp_gain":0,"max_hp_loss":0,"event_name":"Golden Wing","floor":11,"gold_loss":0},{"cards_removed":["Second Wind"],"damage_healed":51,"gold_gain":0,"player_choice":"Offered Uncommon","damage_taken":0,"max_hp_gain":0,"max_hp_loss":0,"event_name":"Bonfire Elementals","floor":12,"gold_loss":0}],"is_beta":false,"boss_relics":[{"not_picked":["Astrolabe","Fusion Hammer"],"picked":"Mark of Pain"}],"items_purged_floors":[20],"is_endless":false,"potions_floor_spawned":[6,10,16,19],"killed_by":"Snake Plant","ascension_level":2}}