{"host":"xltl1aroowo69o4n","time":1612161821,"event":{"mods":["BaseMod","Colored Map","Colored Powertips","Minty Spire (QoL Compilation)","StSLib"],"gold_per_floor":[11,11,186,201,18,18,39,59,106,124,155,8,8,8,8,8,8],"floor_reached":16,"language":"ENG","playtime":580,"items_purged":[],"score":102,"play_id":"7608cc69-766e-4998-8ea3-a529ff9ad4b4","local_time":"20210201014341","is_ascension_mode":false,"campfire_choices":[{"floor":6,"key":"REST"},{"floor":15,"key":"REST"}],"circlet_count":0,"master_deck":["Strike_B","Strike_B+1","Strike_B","Strike_B","Defend_B","Defend_B","Defend_B","Defend_B","Zap","Dualcast","Electrodynamics","Capacitor","Doubt","Go for the Eyes","Beam Cell+1","Sweeping Beam","Leap","Loop","Compile Driver","White Noise","Machine Learning","Tempest"],"relics":["Cracked Core","Golden Idol","Membership Card","Tiny Chest","Whetstone","ClockworkSouvenir"],"acts_visited":["Exordium"],"potions_floor_usage":[11,11,11,13,16,16,16],"damage_taken":[{"damage":0,"enemies":"2 Louse","floor":1,"turns":1},{"damage":11,"enemies":"Jaw Worm","floor":4,"turns":3},{"damage":4,"enemies":"Cultist","floor":7,"turns":3},{"damage":25,"enemies":"Gremlin Gang","floor":8,"turns":4},{"damage":0,"enemies":"Large Slime","floor":10,"turns":5},{"damage":32,"enemies":"Lagavulin","floor":11,"turns":8},{"damage":6,"enemies":"Exordium Thugs","floor":13,"turns":3},{"damage":25,"enemies":"Hexaghost","floor":16,"turns":11}],"seed_played":"850660397817733768","potions_obtained":[{"floor":1,"key":"SmokeBomb"},{"floor":4,"key":"EntropicBrew"},{"floor":14,"key":"SkillPotion"},{"floor":14,"key":"Ancient Potion"},{"floor":14,"key":"AttackPotion"}],"is_trial":false,"path_per_floor":["M","?","?","M","$","R","M","M","T","M","E","$","M","?","R","B"],"character_chosen":"DEFECT","items_purchased":["Membership Card","Beam Cell","Sweeping Beam","Machine Learning","ClockworkSouvenir","Tempest"],"campfire_rested":2,"item_purchase_floors":[5,5,5,12,12,12],"current_hp_per_floor":[75,57,57,46,46,68,64,39,39,39,7,7,1,1,23,0,0],"gold":8,"neow_bonus":"THREE_RARE_CARDS","is_daily":false,"chose_seed":false,"campfire_upgraded":0,"win_rate":0.0,"timestamp":1612161821,"path_taken":["M","?","?","M","?","R","M","M","T","?","E","$","?","?","R","BOSS"],"items_purchased_type":["Relic","Card","Card","Card","Relic","Card"],"build_version":"2020-12-13","purchased_purges":0,"victory":false,"max_hp_per_floor":[75,75,75,75,75,75,75,75,75,75,75,75,75,75,75,75,75],"card_choices":[{"not_picked":["Multi-Cast","Hyperbeam"],"picked":"Electrodynamics","floor":0},{"not_picked":["Reprogram","Leap"],"picked":"Capacitor","floor":1},{"not_picked":["Heatsinks","Streamline"],"picked":"Go for the Eyes","floor":4},{"not_picked":["Sweeping Beam","Stack"],"picked":"Leap","floor":7},{"not_picked":["Sweeping Beam","Hello World"],"picked":"Loop","floor":8},{"not_picked":["Blizzard","Turbo"],"picked":"Compile Driver","floor":10},{"not_picked":["Stack","Gash"],"picked":"White Noise","floor":11}],"player_experience":65648,"relics_obtained":[{"floor":9,"key":"Tiny Chest"},{"floor":11,"key":"Whetstone"}],"event_choices":[{"damage_healed":0,"gold_gain":0,"player_choice":"Take Damage","damage_taken":18,"relics_obtained":["Golden Idol"],"max_hp_gain":0,"max_hp_loss":0,"event_name":"Golden Idol","floor":2,"gold_loss":0},{"damage_healed":0,"gold_gain":175,"player_choice":"AGREE","damage_taken":0,"max_hp_gain":0,"max_hp_loss":0,"event_name":"Liars Game","floor":3,"gold_loss":0,"cards_obtained":["Doubt"]},{"damage_healed":0,"gold_gain":0,"player_choice":"Got Potions","damage_taken":0,"max_hp_gain":0,"max_hp_loss":0,"event_name":"Lab","floor":14,"gold_loss":0}],"is_beta":false,"boss_relics":[],"items_purged_floors":[],"is_endless":false,"potions_floor_spawned":[1,4],"killed_by":"Hexaghost","ascension_level":0}}