{"host":"fkig9nrckec4xsh0","time":1612175737,"event":{"mods":["Act Like it!","BaseMod","Colored Map","Gensokyo","Hermit","Marisa????????","Minty Spire (QoL Compilation)","Quick Restart","Replay The Spire","StSLib"],"gold_per_floor":[116,266,266,266,266,136,150,150,480,480,506,533,533,548,105,141,141,151,151],"floor_reached":18,"language":"ENG","playtime":741,"items_purged":["Doubt"],"score":302,"play_id":"97736a31-e22b-4677-aeb6-479c1466e81e","local_time":"20210201053537","is_ascension_mode":true,"campfire_choices":[{"data":"Flame Barrier","floor":8,"key":"SMITH"},{"data":"Wild Strike","floor":10,"key":"SMITH"},{"data":"Juggernaut","floor":13,"key":"SMITH"}],"circlet_count":0,"master_deck":["AscendersBane","Strike_R","Strike_R","Strike_R","Strike_R","Strike_R","Defend_R","Defend_R","Defend_R","Defend_R","Bash","Ghostly Armor+1","Flame Barrier+1","Wild Strike+1","Juggernaut+1","Rage+1","Power Through"],"relics":["Burning Blood","NeowsBlessing","Oddly Smooth Stone","Old Coin","Dream Catcher","Meat on the Bone","Replay:Bandana","Blood Vial","Replay:Bottled Flurry"],"acts_visited":["Exordium"],"potions_floor_usage":[],"damage_taken":[{"damage":0,"enemies":"Jaw Worm","floor":1,"turns":1},{"damage":0,"enemies":"Small Slimes","floor":7,"turns":1},{"damage":0,"enemies":"Lagavulin","floor":9,"turns":3},{"damage":50,"enemies":"3 Sentries","floor":12,"turns":16},{"damage":0,"enemies":"Cultist","floor":14,"turns":3},{"damage":50,"enemies":"Gremlin Nob","floor":16,"turns":5},{"damage":43,"enemies":"The Guardian","floor":18,"turns":12}],"seed_played":"-201715485778402722","potions_obtained":[{"floor":12,"key":"FearPotion"}],"is_trial":false,"path_per_floor":["M","?","PTL","PTL","?","?","M","R","E","R","T","E","R","M","$","E","R_BF","B"],"character_chosen":"IRONCLAD","items_purchased":["Replay:Bandana","Blood Vial","Rage"],"campfire_rested":0,"item_purchase_floors":[15,15,15],"current_hp_per_floor":[74,74,74,74,74,74,75,75,75,75,75,31,31,49,49,19,41,0,0],"gold":151,"neow_bonus":"THREE_ENEMY_KILL","is_daily":false,"chose_seed":false,"campfire_upgraded":3,"win_rate":0.0,"timestamp":1612175737,"path_taken":["M","?","PTL","PTL","?","?","M","R","E","R","T","E","R","?","?","E","R_BF","BOSS"],"items_purchased_type":["Relic","Relic","Card"],"build_version":"2020-12-22","purchased_purges":1,"victory":false,"max_hp_per_floor":[75,75,75,75,75,75,75,75,75,75,75,75,75,75,75,75,75,75,75],"card_choices":[{"not_picked":["Sword Boomerang","Warcry"],"picked":"Ghostly Armor","floor":1},{"not_picked":["ReplayTheSpireMod:Stacked","Warcry"],"picked":"Flame Barrier","floor":7},{"not_picked":["Run Through","Thunderclap"],"picked":"Wild Strike","floor":9},{"not_picked":["ReplayTheSpireMod:Corrosion Curse","Limit Break"],"picked":"Juggernaut","floor":12},{"not_picked":["Twin Strike","Rupture","Thunderclap"],"picked":"SKIP","floor":14},{"not_picked":["Havoc","Searing Blow","Wild Strike"],"picked":"SKIP","floor":16},{"not_picked":["Headbutt","Spot Weakness"],"picked":"Power Through","floor":17}],"player_experience":417306,"relics_obtained":[{"floor":9,"key":"Old Coin"},{"floor":11,"key":"Dream Catcher"},{"floor":12,"key":"Meat on the Bone"},{"floor":16,"key":"Replay:Bottled Flurry"}],"event_choices":[{"damage_healed":0,"gold_gain":150,"player_choice":"AGREE","damage_taken":0,"max_hp_gain":0,"max_hp_loss":0,"event_name":"Liars Game","floor":2,"gold_loss":0,"cards_obtained":["Doubt"]},{"damage_healed":0,"gold_gain":0,"player_choice":"Paid Gold","damage_taken":0,"relics_obtained":["Oddly Smooth Stone"],"max_hp_gain":0,"max_hp_loss":0,"event_name":"WeMeetAgain","floor":6,"gold_loss":130}],"is_beta":false,"boss_relics":[],"items_purged_floors":[15],"is_endless":false,"potions_floor_spawned":[12],"killed_by":"The Guardian","ascension_level":20}}