{"host":"08ib58efwyqa9h2x","time":1612216397,"event":{"mods":["BaseMod","Minty Spire (QoL Compilation)","Relic Stats"],"gold_per_floor":[110,110,110,121,46,46,78,78,78,78,103,114,127,157,157,230,230,244,244,260,260,260,260,286,286,286,316,316,349,349,27,27,102,102,117,117,164,164,174,208,36,55,55,72,116,116,151,174,174,174,174,174,89,119,119],"floor_reached":56,"language":"ENG","playtime":5714,"items_purged":["Strike_R"],"score":2543,"play_id":"ea550d55-b06e-498b-8965-2f70e6ff3b39","local_time":"20210201225317","is_ascension_mode":true,"campfire_choices":[{"data":"Hemokinesis","floor":6.0,"key":"SMITH"},{"data":"Bash","floor":8.0,"key":"SMITH"},{"floor":10.0,"key":"REST"},{"data":"Shockwave","floor":15.0,"key":"SMITH"},{"floor":23.0,"key":"REST"},{"floor":25.0,"key":"REST"},{"data":"Corruption","floor":32.0,"key":"SMITH"},{"data":"Chrysalis","floor":46,"key":"SMITH"},{"floor":49,"key":"RECALL"},{"data":"Disarm","floor":52,"key":"SMITH"}],"circlet_count":0,"master_deck":["AscendersBane","Strike_R","Defend_R","Defend_R","Defend_R","Defend_R","Bash+1","Cleave+1","Hemokinesis+1","Twin Strike","Feel No Pain","Shockwave+1","Corruption+1","Shrug It Off","Battle Trance","Uppercut","Dark Embrace","Offering","Ghostly","Ghostly","Ghostly","Barricade+1","Chrysalis+1","Armaments+1","Shrug It Off","Disarm+1","Burning Pact","Flex+1","Feel No Pain+1"],"relics":["SacredBark","Centennial Puzzle","Shuriken","Bronze Scales","Dream Catcher","Cursed Key","Nilry\u0027s Codex","Regal Pillow","Anchor","Frozen Egg 2","Lee\u0027s Waffle","Omamori","Coffee Dripper","TungstenRod","Letter Opener","OrangePellets","CeramicFish","Nunchaku","Sundial"],"acts_visited":["TheEnding"],"potions_floor_usage":[42,50,50,50,55,55],"damage_taken":[{"damage":3.0,"enemies":"2 Louse","floor":1.0,"turns":4.0},{"damage":4.0,"enemies":"Jaw Worm","floor":4.0,"turns":3.0},{"damage":24.0,"enemies":"Lagavulin","floor":7.0,"turns":7.0},{"damage":12.0,"enemies":"3 Sentries","floor":11.0,"turns":4.0},{"damage":5.0,"enemies":"Small Slimes","floor":12.0,"turns":3.0},{"damage":7.0,"enemies":"3 Louse","floor":13.0,"turns":2.0},{"damage":12.0,"enemies":"Lagavulin","floor":14.0,"turns":3.0},{"damage":6.0,"enemies":"Hexaghost","floor":16.0,"turns":8.0},{"damage":8.0,"enemies":"2 Thieves","floor":18.0,"turns":3.0},{"damage":21.0,"enemies":"Spheric Guardian","floor":20.0,"turns":4.0},{"damage":25.0,"enemies":"Gremlin Leader","floor":24.0,"turns":5.0},{"damage":9.0,"enemies":"Book of Stabbing","floor":27.0,"turns":4.0},{"damage":24.0,"enemies":"Slavers","floor":29.0,"turns":5.0},{"damage":29.0,"enemies":"Collector","floor":33.0,"turns":6.0},{"damage":1.0,"enemies":"3 Shapes","floor":35.0,"turns":5.0},{"damage":4.0,"enemies":"2 Orb Walkers","floor":37.0,"turns":5.0},{"damage":6.0,"enemies":"3 Darklings","floor":39.0,"turns":5.0},{"damage":0.0,"enemies":"Giant Head","floor":40.0,"turns":5.0},{"damage":9,"enemies":"4 Shapes","floor":42,"turns":2},{"damage":0,"enemies":"Writhing Mass","floor":44,"turns":5},{"damage":0,"enemies":"Reptomancer","floor":45,"turns":3},{"damage":1,"enemies":"Nemesis","floor":47,"turns":7},{"damage":5,"enemies":"Spire Growth","floor":48,"turns":3},{"damage":0,"enemies":"Time Eater","floor":50,"turns":10},{"damage":0,"enemies":"Shield and Spear","floor":54,"turns":5},{"damage":2,"enemies":"The Heart","floor":55,"turns":8}],"seed_played":"-7622030708447738909","potions_obtained":[{"floor":4.0,"key":"Explosive Potion"},{"floor":11.0,"key":"SteroidPotion"},{"floor":12.0,"key":"FearPotion"},{"floor":14.0,"key":"EssenceOfSteel"},{"floor":20.0,"key":"LiquidBronze"},{"floor":27.0,"key":"DistilledChaos"},{"floor":29.0,"key":"Block Potion"},{"floor":37.0,"key":"DuplicationPotion"},{"floor":40.0,"key":"SteroidPotion"},{"floor":44,"key":"EntropicBrew"}],"is_trial":false,"path_per_floor":["M","?","?","M","$","R","E","R","T","R","E","M","M","E","R","B",null,"M","?","M","T","T","R","E","R","T","E","?","E","?","$","R","B",null,"M","?","?","?","M","E","$","M","T","M","E","R","E","M","R","B",null,"R","$","E","B",null],"character_chosen":"IRONCLAD","items_purchased":["Lee\u0027s Waffle","Omamori","OrangePellets","DuplicationPotion"],"campfire_rested":3,"item_purchase_floors":[31,31,41,53],"current_hp_per_floor":[65,58,58,54,54,54,30,30,30,52,40,35,28,16,16,10,59,51,30,9,9,9,31,6,43,43,34,34,10,10,44,44,15,37,36,26,22,22,16,16,16,7,7,7,7,7,6,1,1,1,33,33,33,33,31],"gold":119,"neow_bonus":"BOSS_RELIC","is_daily":false,"chose_seed":false,"campfire_upgraded":6,"win_rate":0.0,"timestamp":1612216397,"path_taken":["M","?","?","M","$","R","E","R","T","R","E","M","M","E","R","BOSS","M","?","M","?","?","R","E","R","T","E","?","E","?","$","R","BOSS","M","?","?","?","M","E","$","?","T","M","E","R","E","M","R","BOSS","R","$","E","BOSS"],"items_purchased_type":["Relic","Relic","Relic","Potion"],"build_version":"2020-12-22","purchased_purges":1,"victory":true,"max_hp_per_floor":[75,75,75,75,75,75,75,75,75,75,75,75,75,75,75,75,75,75,75,75,75,75,75,75,75,75,75,75,75,37,44,44,44,44,44,44,44,44,44,44,44,44,44,44,44,44,44,44,44,44,44,44,44,44,44],"relic_stats":{"Regal Pillow":0,"Lee\u0027s Waffle":0,"counters":[9,48],"CeramicFish":27,"Letter Opener":[334],"Cursed Key":1,"OrangePellets":[13],"Centennial Puzzle":[12],"Dream Catcher":0,"Nunchaku":[6],"Shuriken":[26],"Sundial":[6],"Bronze Scales":[200],"obtain_stats":[{"Regal Pillow":0,"Lee\u0027s Waffle":0,"Nilry\u0027s Codex":0,"SacredBark":0,"CeramicFish":45,"Omamori":0,"Letter Opener":40,"Frozen Egg 2":0,"Cursed Key":0,"OrangePellets":41,"Centennial Puzzle":0,"Dream Catcher":0,"Anchor":0,"Nunchaku":47,"Shuriken":0,"Sundial":54,"Bronze Scales":0,"Coffee Dripper":0,"TungstenRod":0},{"Regal Pillow":0,"Lee\u0027s Waffle":0,"Nilry\u0027s Codex":0,"SacredBark":0,"CeramicFish":4,"Omamori":0,"Letter Opener":1,"Frozen Egg 2":0,"Cursed Key":0,"OrangePellets":1,"Centennial Puzzle":0,"Dream Catcher":0,"Anchor":0,"Nunchaku":5,"Shuriken":0,"Sundial":8,"Bronze Scales":0,"Coffee Dripper":0,"TungstenRod":0},{"Regal Pillow":0,"Lee\u0027s Waffle":0,"Nilry\u0027s Codex":0,"SacredBark":0,"CeramicFish":15,"Omamori":0,"Letter Opener":5,"Frozen Egg 2":0,"Cursed Key":0,"OrangePellets":5,"Centennial Puzzle":0,"Dream Catcher":0,"Anchor":0,"Nunchaku":22,"Shuriken":0,"Sundial":40,"Bronze Scales":0,"Coffee Dripper":0,"TungstenRod":0}],"TungstenRod":53},"card_choices":[{"not_picked":["Thunderclap","Clash"],"picked":"Cleave","floor":1.0},{"not_picked":["Dark Embrace","Flex"],"picked":"Hemokinesis","floor":4.0},{"not_picked":["Clash","True Grit"],"picked":"Twin Strike","floor":7.0},{"not_picked":["Anger","Wild Strike"],"picked":"Feel No Pain","floor":11.0},{"not_picked":["Dark Embrace","Exhume"],"picked":"Shockwave","floor":12.0},{"not_picked":["Armaments","Flex","Reckless Charge"],"picked":"SKIP","floor":13.0},{"not_picked":["Armaments","Flex","Reckless Charge"],"picked":"SKIP","floor":13.0},{"not_picked":["Heavy Blade","Sentinel","Burning Pact"],"picked":"SKIP","floor":14.0},{"not_picked":["Impervious","Demon Form"],"picked":"Corruption","floor":16.0},{"not_picked":["Clash","Sword Boomerang","Havoc+1"],"picked":"SKIP","floor":18.0},{"not_picked":["Combust","Twin Strike","Pommel Strike"],"picked":"SKIP","floor":20.0},{"not_picked":["Flex","Twin Strike"],"picked":"Shrug It Off","floor":23.0},{"not_picked":["Shockwave","Carnage","Blood for Blood"],"picked":"SKIP","floor":24.0},{"not_picked":["Thunderclap","Anger"],"picked":"Battle Trance","floor":27.0},{"not_picked":["Dropkick","Warcry"],"picked":"Offering","floor":29.0},{"not_picked":["Impervious","Reaper"],"picked":"Barricade+1","floor":33.0},{"not_picked":["Uppercut","Dark Embrace+1","Pommel Strike"],"picked":"SKIP","floor":35.0},{"not_picked":["Madness","Enlightenment"],"picked":"Chrysalis","floor":36.0},{"not_picked":["Shockwave","Headbutt+1"],"picked":"Armaments+1","floor":39.0},{"not_picked":["Fire Breathing+1","Rampage","Anger"],"picked":"SKIP","floor":40.0},{"not_picked":["True Grit","Iron Wave"],"picked":"Shrug It Off","floor":42},{"not_picked":["Dark Embrace+1","Spot Weakness"],"picked":"Disarm","floor":44},{"not_picked":["Limit Break","Shockwave"],"picked":"Burning Pact","floor":45},{"not_picked":["Havoc","Anger"],"picked":"Flex+1","floor":47},{"not_picked":["Headbutt+1","Bloodletting+1"],"picked":"Feel No Pain+1","floor":48},{"not_picked":["Rage","Clothesline","Bloodletting"],"picked":"SKIP","floor":54}],"player_experience":615172,"relics_obtained":[{"floor":7.0,"key":"Centennial Puzzle"},{"floor":9.0,"key":"Shuriken"},{"floor":11.0,"key":"Bronze Scales"},{"floor":14.0,"key":"Dream Catcher"},{"floor":19.0,"key":"Nilry\u0027s Codex"},{"floor":24.0,"key":"Regal Pillow"},{"floor":27.0,"key":"Anchor"},{"floor":29.0,"key":"Frozen Egg 2"},{"floor":37.0,"key":"TungstenRod"},{"floor":40.0,"key":"Letter Opener"},{"floor":45,"key":"CeramicFish"},{"floor":47,"key":"Nunchaku"},{"floor":54,"key":"Sundial"}],"event_choices":[{"cards_removed":["Strike_R"],"damage_healed":0.0,"max_hp_gain":0.0,"max_hp_loss":0.0,"gold_gain":0.0,"event_name":"Golden Wing","player_choice":"Card Removal","floor":2.0,"gold_loss":0.0,"damage_taken":7.0},{"damage_healed":0.0,"max_hp_gain":0.0,"max_hp_loss":0.0,"gold_gain":0.0,"event_name":"Living Wall","player_choice":"Grow","floor":3.0,"gold_loss":0.0,"damage_taken":0.0,"cards_upgraded":["Cleave"]},{"damage_healed":0.0,"max_hp_gain":0.0,"max_hp_loss":0.0,"gold_gain":0.0,"event_name":"Cursed Tome","player_choice":"Obtained Book","floor":19.0,"gold_loss":0.0,"damage_taken":21.0},{"damage_healed":0.0,"max_hp_gain":0.0,"max_hp_loss":0.0,"gold_gain":0.0,"cards_transformed":["Strike_R","Strike_R"],"event_name":"Drug Dealer","player_choice":"Became Test Subject","floor":28.0,"gold_loss":0.0,"damage_taken":0.0,"cards_obtained":["Uppercut","Dark Embrace"]},{"damage_healed":0.0,"max_hp_gain":0.0,"max_hp_loss":38.0,"gold_gain":0.0,"event_name":"Ghosts","player_choice":"Became a Ghost","floor":30.0,"gold_loss":0.0,"damage_taken":0.0,"cards_obtained":["Ghostly","Ghostly","Ghostly"]},{"damage_healed":0.0,"max_hp_gain":0.0,"max_hp_loss":0.0,"gold_gain":0.0,"event_name":"SensoryStone","player_choice":"Memory 3","floor":36.0,"gold_loss":0.0,"damage_taken":10.0},{"damage_healed":0.0,"max_hp_gain":0.0,"max_hp_loss":0.0,"gold_gain":0.0,"event_name":"Mysterious Sphere","player_choice":"Fight","floor":37.0,"gold_loss":0.0,"damage_taken":0.0},{"damage_healed":0.0,"max_hp_gain":0.0,"max_hp_loss":0.0,"gold_gain":0.0,"event_name":"SecretPortal","player_choice":"Ignored","floor":38.0,"gold_loss":0.0,"damage_taken":0.0}],"is_beta":false,"boss_relics":[{"not_picked":["Velvet Choker","Tiny House"],"picked":"Cursed Key"},{"not_picked":["Runic Pyramid","Sozu"],"picked":"Coffee Dripper"}],"items_purged_floors":[5],"is_endless":false,"potions_floor_spawned":[4,11,12,14,20,27,29,33,37,39,40,44],"ascension_level":18}}