{"host":"nnmmiiw4bez2c8ei","time":1612178142,"event":{"mods":["AchievementEnabler","BaseMod","Colored Map","Colored Powertips","Minty Spire (QoL Compilation)","Rare Cards Sparkle","StSLib"],"gold_per_floor":[114,114,124,299,299,327,342,75,75,75,91,110,126,157,157,262,262,274,274,286,306,56,66,66,79,79,79,95,95,95,95,95],"floor_reached":31,"language":"KOR","playtime":1315,"items_purged":["Defend_G","Strike_G"],"score":340,"play_id":"56793917-fe91-4e23-a14a-af9ec2b7f364","local_time":"20210201201542","is_ascension_mode":true,"campfire_choices":[{"data":"Blade Dance","floor":10.0,"key":"SMITH"},{"data":"Caltrops","floor":15.0,"key":"SMITH"},{"floor":29,"key":"REST"}],"circlet_count":0,"master_deck":["Strike_G","Strike_G+1","Strike_G","Defend_G","Defend_G","Defend_G","Survivor","Neutralize","Blade Dance+1","Finisher+1","Acrobatics","Backflip","Cloak And Dagger","Footwork","Reflex","Cloak And Dagger","Prepared","Caltrops+1","Storm of Steel","Accuracy","Dagger Spray","Accuracy"],"relics":["Ring of the Snake","NeowsBlessing","Matryoshka","Mummified Hand","Whetstone","Strawberry","Torii","Empty Cage","Vajra","Toy Ornithopter","Bag of Preparation","InkBottle"],"acts_visited":["Exordium","TheCity"],"potions_floor_usage":[25,25,28,28],"damage_taken":[{"damage":0.0,"enemies":"Small Slimes","floor":1.0,"turns":1.0},{"damage":0.0,"enemies":"2 Louse","floor":3.0,"turns":1.0},{"damage":0.0,"enemies":"Lagavulin","floor":6.0,"turns":1.0},{"damage":0.0,"enemies":"Jaw Worm","floor":7.0,"turns":1.0},{"damage":2.0,"enemies":"Red Slaver","floor":11.0,"turns":4.0},{"damage":12.0,"enemies":"2 Fungi Beasts","floor":12.0,"turns":4.0},{"damage":0.0,"enemies":"Looter","floor":13.0,"turns":2.0},{"damage":13.0,"enemies":"Gremlin Nob","floor":14.0,"turns":4.0},{"damage":30.0,"enemies":"The Guardian","floor":16.0,"turns":16.0},{"damage":1,"enemies":"2 Thieves","floor":18,"turns":3},{"damage":0,"enemies":"Spheric Guardian","floor":20,"turns":3},{"damage":10,"enemies":"3 Cultists","floor":21,"turns":4},{"damage":16,"enemies":"Snake Plant","floor":23,"turns":5},{"damage":47,"enemies":"Snecko","floor":25,"turns":5},{"damage":1,"enemies":"Centurion and Healer","floor":28,"turns":5},{"damage":44,"enemies":"Slavers","floor":31,"turns":3}],"seed_played":"-5687830411388925340","potions_obtained":[{"floor":3.0,"key":"Energy Potion"},{"floor":6.0,"key":"LiquidBronze"},{"floor":13.0,"key":"SneckoOil"},{"floor":14.0,"key":"Dexterity Potion"},{"floor":16.0,"key":"SkillPotion"},{"floor":19,"key":"LiquidMemories"},{"floor":20,"key":"DistilledChaos"},{"floor":25,"key":"PowerPotion"}],"is_trial":false,"path_per_floor":["M","?","M","?","?","E","M","$","T","R","M","M","M","E","R","B",null,"M","?","M","M","$","M","?","M","T","?","M","R","?","E"],"character_chosen":"THE_SILENT","items_purchased":["Cloak And Dagger","Fruit Juice","Footwork","Vajra"],"campfire_rested":1,"item_purchase_floors":[8,8,8,22],"current_hp_per_floor":[70,63,63,63,56,56,56,61,68,68,66,54,54,41,41,11,82,81,81,81,71,71,55,55,18,18,18,27,51,35,0,0],"gold":95,"neow_bonus":"THREE_ENEMY_KILL","is_daily":false,"chose_seed":false,"campfire_upgraded":2,"win_rate":0.0,"timestamp":1612178142,"path_taken":["M","?","M","?","?","E","M","$","T","R","M","M","M","E","R","BOSS","M","?","M","M","$","?","?","M","T","?","M","R","?","E"],"items_purchased_type":["Card","Potion","Card","Relic"],"build_version":"2020-12-22","purchased_purges":2,"victory":false,"max_hp_per_floor":[70,70,70,70,70,70,70,75,82,82,82,82,82,82,82,82,82,82,82,82,82,82,82,82,82,82,82,82,82,87,87,87],"card_choices":[{"not_picked":["Dagger Throw","Footwork"],"picked":"Blade Dance","floor":1.0},{"not_picked":["Catalyst","Outmaneuver"],"picked":"Finisher","floor":3.0},{"not_picked":["Tactician","Eviscerate"],"picked":"Acrobatics","floor":6.0},{"not_picked":["All Out Attack","Riddle With Holes"],"picked":"Backflip","floor":7.0},{"not_picked":["Quick Slash","Prepared"],"picked":"Reflex","floor":11.0},{"not_picked":["Dagger Throw","PiercingWail"],"picked":"Cloak And Dagger","floor":12.0},{"not_picked":["Deadly Poison","Leg Sweep"],"picked":"Prepared","floor":13.0},{"not_picked":["Outmaneuver","Finisher"],"picked":"Caltrops","floor":14.0},{"not_picked":["Corpse Explosion","Unload"],"picked":"Storm of Steel","floor":16.0},{"not_picked":["Cloak And Dagger","Outmaneuver"],"picked":"Accuracy","floor":18},{"not_picked":["Acrobatics","Distraction","Dagger Throw"],"picked":"SKIP","floor":20},{"not_picked":["Deadly Poison","Sucker Punch+1"],"picked":"Dagger Spray","floor":21},{"not_picked":["Flechettes","Cloak And Dagger"],"picked":"Accuracy","floor":23},{"not_picked":["Infinite Blades","Flechettes+1","Dagger Throw"],"picked":"SKIP","floor":25},{"not_picked":["Dagger Throw+1","Deadly Poison","Finisher"],"picked":"SKIP","floor":28}],"player_experience":502839,"relics_obtained":[{"floor":6.0,"key":"Mummified Hand"},{"floor":9.0,"key":"Whetstone"},{"floor":9.0,"key":"Strawberry"},{"floor":14.0,"key":"Torii"},{"floor":26,"key":"Bag of Preparation"},{"floor":26,"key":"InkBottle"}],"event_choices":[{"damage_healed":0.0,"max_hp_gain":0.0,"max_hp_loss":0.0,"gold_gain":0.0,"event_name":"Scrap Ooze","player_choice":"Success","floor":2.0,"gold_loss":0.0,"damage_taken":7.0,"relics_obtained":["Matryoshka"]},{"damage_healed":0.0,"max_hp_gain":0.0,"max_hp_loss":0.0,"gold_gain":175.0,"event_name":"Liars Game","player_choice":"AGREE","floor":4.0,"gold_loss":0.0,"damage_taken":0.0,"cards_obtained":["Doubt"]},{"cards_removed":["Doubt"],"damage_healed":0.0,"max_hp_gain":0.0,"max_hp_loss":0.0,"gold_gain":0.0,"event_name":"Golden Wing","player_choice":"Card Removal","floor":5.0,"gold_loss":0.0,"damage_taken":7.0},{"damage_healed":0,"gold_gain":0,"player_choice":"Got Potions","damage_taken":0,"max_hp_gain":0,"max_hp_loss":0,"event_name":"Lab","floor":19,"gold_loss":0},{"damage_healed":0,"gold_gain":0,"player_choice":"Opened","damage_taken":0,"relics_obtained":["Toy Ornithopter"],"max_hp_gain":0,"max_hp_loss":0,"event_name":"The Mausoleum","floor":24,"gold_loss":0},{"damage_healed":0,"gold_gain":0,"player_choice":"Ignored","damage_taken":0,"max_hp_gain":0,"max_hp_loss":0,"event_name":"Vampires","floor":27,"gold_loss":0},{"damage_healed":0,"gold_gain":0,"player_choice":"Shed Blood","damage_taken":21,"max_hp_gain":5,"max_hp_loss":0,"event_name":"Forgotten Altar","floor":30,"gold_loss":0}],"is_beta":false,"boss_relics":[{"not_picked":["HoveringKite","Fusion Hammer"],"picked":"Empty Cage"}],"items_purged_floors":[8,22],"is_endless":false,"potions_floor_spawned":[3,6,13,14,16,20,21,25],"killed_by":"Slavers","ascension_level":3}}