{"host":"5x08nt64u3vxxcfi","time":1612166320,"event":{"mods":["BaseMod","Minty Spire (QoL Compilation)","StSLib","SuperFastMode"],"gold_per_floor":[11,23,34,51,71,71,102,117,186,186,42,42,217,243,243,342,342,369,381,409,436,164,164,175,175,175],"floor_reached":25,"language":"KOR","playtime":742,"items_purged":["Strike_R"],"score":331,"play_id":"23b5773e-9d5f-43a4-89f8-bf41e16a7d53","local_time":"20210201165840","is_ascension_mode":true,"campfire_choices":[{"data":"Barricade","floor":6.0,"key":"SMITH"},{"data":"Armaments","floor":10.0,"key":"SMITH"},{"data":"Uppercut","floor":15.0,"key":"SMITH"},{"data":"Armaments","floor":23.0,"key":"SMITH"}],"circlet_count":0,"master_deck":["Strike_R","Strike_R+1","Strike_R","Strike_R","Defend_R","Defend_R","Defend_R","Defend_R","Bash","Barricade+1","True Grit","Shrug It Off","Disarm+1","Armaments+1","Fire Breathing+1","Seeing Red","Feel No Pain","Doubt","Uppercut+1","Double Tap","CurseOfTheBell","Evolve+1","Sentinel","Dual Wield+1","Armaments+1","Bloodletting"],"relics":["Burning Blood","Lizard Tail","Bottled Lightning","Bronze Scales","HornCleat","Calling Bell","MawBank","Shuriken","Champion Belt","Medical Kit"],"acts_visited":["Exordium","TheCity"],"potions_floor_usage":[],"damage_taken":[{"damage":1.0,"enemies":"Cultist","floor":1.0,"turns":4.0},{"damage":16.0,"enemies":"Jaw Worm","floor":2.0,"turns":5.0},{"damage":4.0,"enemies":"Small Slimes","floor":3.0,"turns":5.0},{"damage":16.0,"enemies":"2 Fungi Beasts","floor":4.0,"turns":7.0},{"damage":18.0,"enemies":"Gremlin Gang","floor":5.0,"turns":10.0},{"damage":31.0,"enemies":"3 Sentries","floor":7.0,"turns":7.0},{"damage":6.0,"enemies":"Blue Slaver","floor":8.0,"turns":6.0},{"damage":10.0,"enemies":"Lagavulin","floor":14.0,"turns":9.0},{"damage":0.0,"enemies":"The Guardian","floor":16.0,"turns":17.0},{"damage":10.0,"enemies":"Shell Parasite","floor":18.0,"turns":8.0},{"damage":13.0,"enemies":"3 Byrds","floor":20.0,"turns":3.0},{"damage":77.0,"enemies":"3 Cultists","floor":21.0,"turns":7.0},{"damage":1,"enemies":"Snecko","floor":24,"turns":6},{"damage":45,"enemies":"Shelled Parasite and Fungi","floor":25,"turns":8}],"seed_played":"3911790520728092773","potions_obtained":[{"floor":2.0,"key":"BlessingOfTheForge"},{"floor":5.0,"key":"Fruit Juice"},{"floor":14.0,"key":"Ancient Potion"},{"floor":18.0,"key":"SpeedPotion"},{"floor":21.0,"key":"FearPotion"},{"floor":24,"key":"SmokeBomb"}],"is_trial":false,"path_per_floor":["M","M","M","M","M","R","E","M","T","R","$","?","?","E","R","B",null,"M","?","M","M","$","R","M","M"],"character_chosen":"IRONCLAD","items_purchased":["Bronze Scales","Medical Kit","Armaments"],"campfire_rested":0,"item_purchase_floors":[11,22,22],"current_hp_per_floor":[80,70,72,62,50,50,30,30,30,30,30,13,13,9,9,15,68,64,64,57,29,29,29,34,0,0],"gold":175,"neow_bonus":"THREE_RARE_CARDS","is_daily":false,"chose_seed":false,"campfire_upgraded":4,"win_rate":0.0,"timestamp":1612166320,"path_taken":["M","?","?","M","M","R","E","M","T","R","$","?","?","E","R","BOSS","M","?","?","M","$","R","?","M"],"items_purchased_type":["Relic","Relic","Card"],"build_version":"2020-12-22","purchased_purges":1,"victory":false,"max_hp_per_floor":[80,80,80,80,80,80,85,85,85,85,85,85,85,85,85,85,85,85,85,85,85,85,85,85,85,85],"card_choices":[{"not_picked":["Exhume","Offering"],"picked":"Barricade","floor":0.0},{"not_picked":["Heavy Blade","Flex"],"picked":"True Grit","floor":1.0},{"not_picked":["Battle Trance","Sentinel"],"picked":"Shrug It Off","floor":2.0},{"not_picked":["Clothesline","Havoc"],"picked":"Disarm","floor":3.0},{"not_picked":["Heavy Blade","Clothesline"],"picked":"Armaments","floor":4.0},{"not_picked":["Wild Strike","Whirlwind"],"picked":"Fire Breathing","floor":5.0},{"not_picked":["Hemokinesis","Intimidate"],"picked":"Seeing Red","floor":7.0},{"not_picked":["Cleave","Blood for Blood"],"picked":"Feel No Pain","floor":8.0},{"not_picked":["Clothesline","Berserk"],"picked":"Uppercut","floor":14.0},{"not_picked":["Barricade","Limit Break"],"picked":"Double Tap","floor":16.0},{"not_picked":["Seeing Red","Inflame"],"picked":"Evolve+1","floor":18.0},{"not_picked":["Pummel+1","Cleave"],"picked":"Sentinel","floor":20.0},{"not_picked":["Blood for Blood","Evolve"],"picked":"Dual Wield+1","floor":21.0},{"not_picked":["Fiend Fire","Armaments"],"picked":"Bloodletting","floor":24}],"player_experience":124464,"relics_obtained":[{"floor":7.0,"key":"Lizard Tail"},{"floor":9.0,"key":"Bottled Lightning"},{"floor":14.0,"key":"HornCleat"},{"floor":17.0,"key":"MawBank"},{"floor":17.0,"key":"Shuriken"},{"floor":17.0,"key":"Champion Belt"}],"event_choices":[{"damage_healed":0.0,"max_hp_gain":0.0,"max_hp_loss":0.0,"gold_gain":0.0,"event_name":"Shining Light","player_choice":"Entered Light","floor":12.0,"gold_loss":0.0,"damage_taken":17.0,"cards_upgraded":["Strike_R","Disarm"]},{"damage_healed":0.0,"max_hp_gain":0.0,"max_hp_loss":0.0,"gold_gain":175.0,"event_name":"Liars Game","player_choice":"AGREE","floor":13.0,"gold_loss":0.0,"damage_taken":0.0,"cards_obtained":["Doubt"]},{"damage_healed":0.0,"max_hp_gain":0.0,"max_hp_loss":0.0,"gold_gain":0.0,"event_name":"Upgrade Shrine","player_choice":"Upgraded","floor":19.0,"gold_loss":0.0,"damage_taken":0.0,"cards_upgraded":["Fire Breathing"]}],"is_beta":false,"boss_relics":[{"not_picked":["Busted Crown","Velvet Choker"],"picked":"Calling Bell"}],"items_purged_floors":[22],"is_endless":false,"potions_floor_spawned":[2,5,14,18,21,24],"killed_by":"Shelled Parasite and Fungi","ascension_level":5}}