{"host":"9n6i2vl93jt4o42q","time":1612190536,"event":{"mods":["BaseMod","Minty Spire (QoL Compilation)","Relic Stats"],"gold_per_floor":[99,55,15,15,15,15,15,15,15,15,15,15,15,15,15,15,15],"floor_reached":16,"language":"ENG","playtime":671,"items_purged":[],"score":224,"play_id":"5b17d98d-786d-4451-b8ed-ee853cd80aab","local_time":"20210201154216","is_ascension_mode":true,"campfire_choices":[{"data":"Eruption","floor":6,"key":"SMITH"},{"floor":10,"key":"REST"},{"floor":15,"key":"REST"}],"circlet_count":0,"master_deck":["AscendersBane","Strike_P","Strike_P","Strike_P","Strike_P","Defend_P","Defend_P","Defend_P","Eruption+1","Vigilance","WindmillStrike","FlurryOfBlows","InnerPeace","EmptyFist","Establishment","FearNoEvil","TalkToTheHand","Protect"],"relics":["Ectoplasm","Orichalcum","Nunchaku","Oddly Smooth Stone"],"acts_visited":["Exordium"],"potions_floor_usage":[3,8,12,12,16],"damage_taken":[{"damage":4,"enemies":"Jaw Worm","floor":1,"turns":3},{"damage":1,"enemies":"Small Slimes","floor":4,"turns":4},{"damage":0,"enemies":"Cultist","floor":5,"turns":2},{"damage":22,"enemies":"Gremlin Nob","floor":7,"turns":3},{"damage":40,"enemies":"Gremlin Gang","floor":8,"turns":5},{"damage":3,"enemies":"Blue Slaver","floor":11,"turns":3},{"damage":16,"enemies":"3 Sentries","floor":12,"turns":6},{"damage":0,"enemies":"2 Fungi Beasts","floor":13,"turns":3},{"damage":34,"enemies":"Slime Boss","floor":16,"turns":6}],"seed_played":"445127715741968677","potions_obtained":[{"floor":1,"key":"Fruit Juice"},{"floor":3,"key":"Regen Potion"},{"floor":3,"key":"LiquidMemories"},{"floor":8,"key":"Ancient Potion"},{"floor":11,"key":"Strength Potion"},{"floor":12,"key":"PowerPotion"}],"is_trial":false,"path_per_floor":["M","?","?","M","M","R","E","M","T","R","M","E","M","?","R","B"],"character_chosen":"WATCHER","items_purchased":[],"campfire_rested":2,"item_purchase_floors":[],"current_hp_per_floor":[57,57,62,61,61,61,39,13,13,34,31,15,15,8,29,0,0],"gold":15,"neow_bonus":"BOSS_RELIC","is_daily":false,"chose_seed":false,"campfire_upgraded":1,"win_rate":0.0,"timestamp":1612190536,"path_taken":["M","?","?","?","M","R","E","M","T","R","M","E","?","?","R","BOSS"],"items_purchased_type":[],"build_version":"2020-12-22","purchased_purges":0,"victory":false,"max_hp_per_floor":[68,68,73,73,73,73,73,73,73,73,73,73,73,73,73,73,73],"relic_stats":{"Nunchaku":[4],"counters":[9,35],"Ectoplasm":179,"Orichalcum":[18],"obtain_stats":[{"Nunchaku":9,"Oddly Smooth Stone":12,"Ectoplasm":0,"PureWater":0,"Orichalcum":7},{"Nunchaku":5,"Oddly Smooth Stone":7,"Ectoplasm":0,"PureWater":0,"Orichalcum":4},{"Nunchaku":17,"Oddly Smooth Stone":26,"Ectoplasm":0,"PureWater":0,"Orichalcum":12}]},"card_choices":[{"not_picked":["PathToVictory","ClearTheMind"],"picked":"WindmillStrike","floor":1},{"not_picked":["WindmillStrike","Protect"],"picked":"FlurryOfBlows","floor":4},{"not_picked":["EmptyFist","PathToVictory"],"picked":"InnerPeace","floor":5},{"not_picked":["SashWhip","PathToVictory"],"picked":"EmptyFist","floor":7},{"not_picked":["Protect","Crescendo"],"picked":"Establishment","floor":8},{"not_picked":["EmptyBody","Crescendo"],"picked":"FearNoEvil","floor":11},{"not_picked":["Evaluate","Crescendo"],"picked":"TalkToTheHand","floor":12},{"not_picked":["Evaluate","EmptyBody"],"picked":"Protect","floor":13}],"player_experience":2376553,"relics_obtained":[{"floor":7,"key":"Orichalcum"},{"floor":9,"key":"Nunchaku"},{"floor":12,"key":"Oddly Smooth Stone"}],"event_choices":[{"damage_healed":0,"gold_gain":0,"player_choice":"Left Gold","damage_taken":0,"max_hp_gain":0,"max_hp_loss":0,"event_name":"World of Goop","floor":2,"gold_loss":44},{"damage_healed":0,"gold_gain":0,"player_choice":"Bought 3 Potions","damage_taken":0,"max_hp_gain":0,"max_hp_loss":0,"event_name":"The Woman in Blue","floor":3,"gold_loss":0},{"cards_removed":["Defend_P"],"damage_healed":0,"gold_gain":0,"player_choice":"Card Removal","damage_taken":7,"max_hp_gain":0,"max_hp_loss":0,"event_name":"Golden Wing","floor":14,"gold_loss":0}],"is_beta":false,"boss_relics":[],"items_purged_floors":[],"is_endless":false,"potions_floor_spawned":[1,7,8,11,12],"killed_by":"Slime Boss","ascension_level":20}}