{"host":"j9ki0s1dicmcfq9y","time":1612208298,"event":{"mods":["BaseMod","Minty Spire (QoL Compilation)","StSLib","The Senshi"],"gold_per_floor":[109,119,294,308,308,308,341,358,383,402,412,431,431,445,445,546,546,561,561,580,540,556,556,582,582,582,598,18,18,34,48,48,151,151,171,141,141,191,202,216,216,216],"floor_reached":41,"language":"ENG","playtime":5567,"items_purged":[],"score":469,"play_id":"b231ad10-64e2-49d2-b5db-9b88e7bbfe84","local_time":"20210201143818","is_ascension_mode":false,"campfire_choices":[{"data":"theSenshi:MoonPrismPowerMakeUp","floor":6,"key":"SMITH"},{"floor":15,"key":"REST"},{"floor":23,"key":"RECALL"},{"floor":25,"key":"REST"},{"floor":32,"key":"REST"}],"circlet_count":0,"master_deck":["theSenshi:SailorKick","theSenshi:SailorKick","theSenshi:SailorKick","theSenshi:SailorKick","theSenshi:SailorBlock","theSenshi:SailorBlock","theSenshi:SailorBlock","theSenshi:SailorBlock","theSenshi:RoseThrow","theSenshi:MoonPrismPowerMakeUp+1","theSenshi:MoonPrincessHalation+1","Doubt","theSenshi:SailorMarsAssists","theSenshi:MoonPunch","theSenshi:SailorJupiterAssists","theSenshi:SailorJupiterAssists","Parasite","theSenshi:StarlightHoneymoonTherapyKiss","theSenshi:SailorV","theSenshi:MoonKick","theSenshi:InTheNickOfTime","theSenshi:CrisisMakeUp","theSenshi:SailorMarsAssists+1","theSenshi:SailorVenusAssists+1","theSenshi:SailorMercuryAssists+1"],"relics":["theSenshi:TransformationBroochRelic","WarpedTongs","theSenshi:TiaraRelic","Strawberry","Philosopher\u0027s Stone","theSenshi:RoseRelic","Lizard Tail","Darkstone Periapt","MutagenicStrength","theSenshi:MoonKaleidoScopeRelic","Torii"],"acts_visited":["Exordium","TheCity","TheBeyond"],"potions_floor_usage":[8,16,20,24,24,27,30,38,39,39,41],"damage_taken":[{"damage":1,"enemies":"Small Slimes","floor":1,"turns":3},{"damage":1,"enemies":"Jaw Worm","floor":2,"turns":6},{"damage":3,"enemies":"Cultist","floor":4,"turns":5},{"damage":22,"enemies":"3 Sentries","floor":7,"turns":8},{"damage":11,"enemies":"Gremlin Gang","floor":8,"turns":6},{"damage":8,"enemies":"Large Slime","floor":10,"turns":5},{"damage":3,"enemies":"Exordium Thugs","floor":11,"turns":4},{"damage":16,"enemies":"Red Slaver","floor":12,"turns":3},{"damage":2,"enemies":"Looter","floor":14,"turns":3},{"damage":13,"enemies":"Hexaghost","floor":16,"turns":9},{"damage":16,"enemies":"2 Thieves","floor":18,"turns":4},{"damage":13,"enemies":"Shell Parasite","floor":20,"turns":4},{"damage":21,"enemies":"Centurion and Healer","floor":22,"turns":7},{"damage":19,"enemies":"Slavers","floor":24,"turns":5},{"damage":12,"enemies":"Cultist and Chosen","floor":27,"turns":5},{"damage":15,"enemies":"Snake Plant","floor":30,"turns":3},{"damage":11,"enemies":"Centurion and Healer","floor":31,"turns":5},{"damage":77,"enemies":"Collector","floor":33,"turns":10},{"damage":13,"enemies":"3 Shapes","floor":35,"turns":7},{"damage":4,"enemies":"Mind Bloom Boss Battle","floor":38,"turns":8},{"damage":33,"enemies":"3 Darklings","floor":39,"turns":5},{"damage":25,"enemies":"Sphere and 2 Shapes","floor":40,"turns":6},{"damage":41,"enemies":"Nemesis","floor":41,"turns":6}],"seed_played":"-2099727959865535194","potions_obtained":[{"floor":2,"key":"CultistPotion"},{"floor":4,"key":"BlessingOfTheForge"},{"floor":7,"key":"Fire Potion"},{"floor":12,"key":"Explosive Potion"},{"floor":14,"key":"Energy Potion"},{"floor":18,"key":"SkillPotion"},{"floor":24,"key":"SteroidPotion"},{"floor":27,"key":"DistilledChaos"},{"floor":35,"key":"Regen Potion"},{"floor":36,"key":"Regen Potion"},{"floor":36,"key":"AttackPotion"},{"floor":38,"key":"SkillPotion"}],"is_trial":false,"path_per_floor":["M","M","?","M","?","R","E","M","T","M","M","M","?","M","R","B",null,"M","?","M","?","M","R","E","R","T","M","$","?","M","M","R","B",null,"M","?","$","?","M","M","E"],"character_chosen":"THE_SENSHI","items_purchased":["Lizard Tail","theSenshi:InTheNickOfTime","Darkstone Periapt"],"campfire_rested":3,"item_purchase_floors":[28,28,28],"current_hp_per_floor":[67,66,66,63,63,63,41,30,37,29,26,10,34,32,60,47,96,80,80,67,67,46,46,27,55,55,43,43,43,28,17,45,25,96,83,83,83,79,63,38,0,0],"gold":216,"neow_bonus":"TWENTY_PERCENT_HP_BONUS","is_daily":false,"chose_seed":false,"campfire_upgraded":1,"win_rate":0.0,"timestamp":1612208298,"path_taken":["M","M","?","M","?","R","E","M","T","?","?","M","?","M","R","BOSS","M","?","?","?","M","R","E","R","T","?","$","?","M","M","R","BOSS","M","?","?","?","M","?","E"],"items_purchased_type":["Relic","Card","Relic"],"build_version":"2020-12-22","purchased_purges":0,"victory":false,"max_hp_per_floor":[89,89,89,89,89,89,89,89,96,96,96,96,96,96,96,96,96,96,96,96,96,96,96,96,96,96,96,96,96,96,96,96,96,96,96,96,96,96,96,96,96,96],"card_choices":[{"not_picked":["theSenshi:MoonsReflection","theSenshi:SupersonicWaves"],"picked":"theSenshi:MoonPrincessHalation","floor":1},{"not_picked":["theSenshi:SailorNeptuneAssists","theSenshi:Sidestep","theSenshi:MoonPower"],"picked":"SKIP","floor":2},{"not_picked":["theSenshi:RainbowMoonHeartAche","theSenshi:MoonPrincessHalation","theSenshi:MoonHealingEscalation"],"picked":"SKIP","floor":4},{"not_picked":["theSenshi:MoonHealingEscalation","theSenshi:MoonEternalMakeUp"],"picked":"theSenshi:SailorMarsAssists","floor":7},{"not_picked":["theSenshi:LateForSchool","theSenshi:EncouragingSpeech","theSenshi:Sidestep"],"picked":"SKIP","floor":8},{"not_picked":["theSenshi:SailorPlanetPower","theSenshi:Sidestep"],"picked":"theSenshi:MoonPunch","floor":10},{"not_picked":["theSenshi:SchoolBag","theSenshi:EncouragingSpeech"],"picked":"theSenshi:SailorJupiterAssists","floor":11},{"not_picked":["theSenshi:PlutosSolemnity","theSenshi:MoonCosmicPowerMakeUp"],"picked":"theSenshi:SailorJupiterAssists","floor":12},{"not_picked":["theSenshi:EncouragingSpeech","theSenshi:SailorStarMakerAssists","theSenshi:LateForSchool"],"picked":"SKIP","floor":14},{"not_picked":["theSenshi:MoonEternalMakeUp","theSenshi:MoonGorgeousMeditation"],"picked":"theSenshi:StarlightHoneymoonTherapyKiss","floor":16},{"not_picked":["theSenshi:SupersonicWaves","theSenshi:SchoolBag"],"picked":"theSenshi:SailorV","floor":18},{"not_picked":["theSenshi:MarsPride","theSenshi:TuxedoSmokingBomber","theSenshi:EncouragingSpeech"],"picked":"SKIP","floor":20},{"not_picked":["theSenshi:LunasBite","theSenshi:ChibiMoonsLove"],"picked":"theSenshi:MoonKick","floor":22},{"not_picked":["theSenshi:KlutzyLuck","theSenshi:MoonEternalMakeUp","theSenshi:MoonPrincessHalation"],"picked":"SKIP","floor":24},{"not_picked":["theSenshi:MoonTiaraMagic+1","theSenshi:SailorMarsAssists","theSenshi:LunaWiseMentor"],"picked":"SKIP","floor":27},{"not_picked":["theSenshi:OdangoHead","theSenshi:MoonKick+1","theSenshi:YouCanTalk"],"picked":"SKIP","floor":30},{"not_picked":["theSenshi:MoonKick","theSenshi:MoonSpiralHeartAttack+1"],"picked":"theSenshi:CrisisMakeUp","floor":31},{"not_picked":["theSenshi:SailorMarsAssists","theSenshi:TallSilhouette","theSenshi:EncouragingSpeech"],"picked":"SKIP","floor":35},{"not_picked":["theSenshi:MoonKick+1","theSenshi:MoonlightKnight+1"],"picked":"theSenshi:SailorMarsAssists+1","floor":38},{"not_picked":["theSenshi:SailorV+1","theSenshi:TallSilhouette+1"],"picked":"theSenshi:SailorVenusAssists+1","floor":39},{"not_picked":["theSenshi:MercurysCunning+1","theSenshi:OdangoHead"],"picked":"theSenshi:SailorMercuryAssists+1","floor":40}],"player_experience":727100,"relics_obtained":[{"floor":7,"key":"theSenshi:TiaraRelic"},{"floor":9,"key":"Strawberry"},{"floor":24,"key":"theSenshi:RoseRelic"},{"floor":38,"key":"Torii"}],"event_choices":[{"damage_healed":0,"gold_gain":175,"player_choice":"AGREE","damage_taken":0,"max_hp_gain":0,"max_hp_loss":0,"event_name":"Liars Game","floor":3,"gold_loss":0,"cards_obtained":["Doubt"]},{"damage_healed":0,"gold_gain":0,"player_choice":"Rummage","damage_taken":0,"relics_obtained":["WarpedTongs"],"max_hp_gain":0,"max_hp_loss":0,"event_name":"Accursed Blacksmith","floor":5,"gold_loss":0,"cards_obtained":["Pain"]},{"damage_healed":24,"gold_gain":0,"player_choice":"Healed and dodged fight","damage_taken":0,"max_hp_gain":0,"max_hp_loss":0,"event_name":"Mushrooms","floor":13,"gold_loss":0,"cards_obtained":["Parasite"]},{"cards_removed":["Pain"],"damage_healed":0,"gold_gain":0,"player_choice":"Card Removal","damage_taken":0,"max_hp_gain":0,"max_hp_loss":0,"event_name":"Wheel of Change","floor":19,"gold_loss":0},{"damage_healed":0,"gold_gain":0,"player_choice":"Upgrade","damage_taken":0,"max_hp_gain":0,"max_hp_loss":0,"event_name":"Designer","floor":21,"gold_loss":40,"cards_upgraded":["theSenshi:MoonPrincessHalation"]},{"damage_healed":0,"gold_gain":0,"player_choice":"Inject Mutagens","damage_taken":0,"relics_obtained":["MutagenicStrength"],"max_hp_gain":0,"max_hp_loss":0,"event_name":"Drug Dealer","floor":29,"gold_loss":0},{"damage_healed":0,"gold_gain":0,"player_choice":"Bought 2 Potions","damage_taken":0,"max_hp_gain":0,"max_hp_loss":0,"event_name":"The Woman in Blue","floor":36,"gold_loss":0},{"damage_healed":0,"gold_gain":0,"player_choice":"Fight","damage_taken":0,"max_hp_gain":0,"max_hp_loss":0,"event_name":"MindBloom","floor":38,"gold_loss":0}],"is_beta":false,"boss_relics":[{"not_picked":["Runic Pyramid","Velvet Choker"],"picked":"Philosopher\u0027s Stone"},{"not_picked":["Coffee Dripper","Runic Dome"],"picked":"theSenshi:MoonKaleidoScopeRelic"}],"items_purged_floors":[],"is_endless":false,"potions_floor_spawned":[2,4,7,12,14,18,24,27,35,38],"killed_by":"Nemesis","ascension_level":0}}