{"host":"z5bn7jsck728mmiq","time":1612170841,"event":{"mods":["BaseMod","Bestiary","DeckTracker","Minty Spire (QoL Compilation)","StSLib"],"gold_per_floor":[114,114,64,139,139,173,173,21,95,61,72,105,105,132,132,232,232,242,242,262,8,107,133,133,58,58,112,27,27,54,54,54,54,54],"floor_reached":33,"language":"ENG","playtime":953,"items_purged":["Defend_P"],"score":293,"play_id":"b99e2ed9-cc40-44b9-b259-42954ecabbd6","local_time":"20210201011401","is_ascension_mode":false,"campfire_choices":[{"floor":7,"key":"REST"},{"floor":15,"key":"REST"},{"data":"Judgement","floor":24,"key":"SMITH"},{"data":"Halt","floor":29,"key":"SMITH"},{"floor":32,"key":"REST"}],"circlet_count":0,"master_deck":["Strike_P","Strike_P","Strike_P","Strike_P","Defend_P","Defend_P","Defend_P","Eruption+1","EmptyBody+1","Halt+1","LessonLearned+1","SandsOfTime+1","EmptyBody+1","SashWhip","Swivel","Judgement+1","ThirdEye+1","Halt+1","WreathOfFlame+1"],"relics":["HolyWater","PreservedInsect","Mummified Hand","Happy Flower","Strawberry","Matryoshka","Juzu Bracelet","Damaru","Pantograph","Art of War","Toy Ornithopter","Question Card","HornCleat"],"acts_visited":["Exordium","TheCity"],"potions_floor_usage":[14,16,33],"damage_taken":[{"damage":1,"enemies":"Jaw Worm","floor":1,"turns":3},{"damage":38,"enemies":"Lagavulin","floor":6,"turns":7},{"damage":0,"enemies":"Cultist","floor":11,"turns":4},{"damage":25,"enemies":"Gremlin Nob","floor":12,"turns":5},{"damage":3,"enemies":"3 Sentries","floor":14,"turns":5},{"damage":28,"enemies":"Slime Boss","floor":16,"turns":10},{"damage":0,"enemies":"Chosen","floor":18,"turns":4},{"damage":0,"enemies":"Spheric Guardian","floor":20,"turns":2},{"damage":22,"enemies":"Slavers","floor":23,"turns":5},{"damage":15,"enemies":"Book of Stabbing","floor":30,"turns":5},{"damage":88,"enemies":"Collector","floor":33,"turns":14}],"seed_played":"2909915049614477663","potions_obtained":[{"floor":11,"key":"LiquidBronze"},{"floor":12,"key":"Weak Potion"},{"floor":14,"key":"BlessingOfTheForge"},{"floor":18,"key":"BlessingOfTheForge"}],"is_trial":false,"path_per_floor":["M","?","$","?","?","E","R","$","T","$","M","E","?","E","R","B",null,"M","?","M","$","?","E","R","$","T","T","?","R","E","?","R","B"],"character_chosen":"WATCHER","items_purchased":["Halt","LessonLearned","SandsOfTime","Matryoshka"],"campfire_rested":3,"item_purchase_floors":[3,8,10,21],"current_hp_per_floor":[78,78,78,67,51,13,36,36,36,36,36,11,37,41,66,38,86,86,86,86,86,86,64,64,64,64,64,64,64,49,49,74,0,0],"gold":54,"neow_bonus":"TEN_PERCENT_HP_BONUS","is_daily":false,"chose_seed":false,"campfire_upgraded":2,"win_rate":0.0,"timestamp":1612170841,"path_taken":["M","?","?","?","?","E","R","$","T","$","?","E","?","E","R","BOSS","M","?","M","$","?","E","R","?","T","?","?","R","E","?","R","BOSS"],"items_purchased_type":["Card","Card","Card","Relic"],"build_version":"2020-12-22","purchased_purges":1,"victory":false,"max_hp_per_floor":[79,79,79,79,79,79,79,79,79,79,79,79,79,86,86,86,86,86,86,86,86,86,86,86,86,86,86,86,86,86,86,86,86,86],"card_choices":[{"not_picked":["Crescendo","JustLucky"],"picked":"EmptyBody","floor":1},{"not_picked":["FlurryOfBlows","Consecrate","FlyingSleeves"],"picked":"SKIP","floor":6},{"not_picked":["Consecrate","Crescendo"],"picked":"EmptyBody","floor":11},{"not_picked":["Fasting2","Protect"],"picked":"SashWhip","floor":12},{"not_picked":["Prostrate","MentalFortress"],"picked":"Swivel","floor":14},{"not_picked":["LessonLearned","Establishment"],"picked":"Judgement","floor":16},{"not_picked":["ClearTheMind","Prostrate+1"],"picked":"ThirdEye+1","floor":18},{"not_picked":["WheelKick","Protect"],"picked":"Halt","floor":20},{"not_picked":["Wireheading+1","EmptyFist+1"],"picked":"WreathOfFlame","floor":23},{"not_picked":["ThirdEye","Pray","CrushJoints","ClearTheMind"],"picked":"SKIP","floor":30}],"player_experience":91537,"relics_obtained":[{"floor":6,"key":"PreservedInsect"},{"floor":9,"key":"Mummified Hand"},{"floor":12,"key":"Happy Flower"},{"floor":14,"key":"Strawberry"},{"floor":23,"key":"Juzu Bracelet"},{"floor":26,"key":"Damaru"},{"floor":26,"key":"Pantograph"},{"floor":27,"key":"Art of War"},{"floor":27,"key":"Toy Ornithopter"},{"floor":30,"key":"HornCleat"}],"event_choices":[{"cards_removed":["Vigilance"],"damage_healed":0,"gold_gain":0,"player_choice":"Purged","damage_taken":0,"max_hp_gain":0,"max_hp_loss":0,"event_name":"Purifier","floor":2,"gold_loss":0},{"damage_healed":0,"gold_gain":75,"player_choice":"Gather Gold","damage_taken":11,"max_hp_gain":0,"max_hp_loss":0,"event_name":"World of Goop","floor":4,"gold_loss":0},{"damage_healed":0,"gold_gain":0,"player_choice":"Entered Light","damage_taken":16,"max_hp_gain":0,"max_hp_loss":0,"event_name":"Shining Light","floor":5,"gold_loss":0,"cards_upgraded":["EmptyBody","Halt"]},{"damage_healed":26,"gold_gain":0,"player_choice":"Banana","damage_taken":0,"max_hp_gain":0,"max_hp_loss":0,"event_name":"Big Fish","floor":13,"gold_loss":0},{"damage_healed":0,"gold_gain":0,"player_choice":"Ignored","damage_taken":0,"max_hp_gain":0,"max_hp_loss":0,"event_name":"The Mausoleum","floor":19,"gold_loss":0},{"damage_healed":0,"gold_gain":99,"player_choice":"Stole From Cult","damage_taken":0,"max_hp_gain":0,"max_hp_loss":0,"event_name":"Nest","floor":22,"gold_loss":0},{"damage_healed":0,"gold_gain":0,"player_choice":"Obtained Relic","damage_taken":0,"relics_obtained":["Question Card"],"max_hp_gain":0,"max_hp_loss":0,"event_name":"Addict","floor":28,"gold_loss":85},{"damage_healed":0,"gold_gain":0,"player_choice":"Forge","damage_taken":0,"max_hp_gain":0,"max_hp_loss":0,"event_name":"Accursed Blacksmith","floor":31,"gold_loss":0,"cards_upgraded":["WreathOfFlame"]}],"is_beta":false,"boss_relics":[{"not_picked":["Pandora\u0027s Box","Runic Pyramid"],"picked":"HolyWater"}],"items_purged_floors":[25],"is_endless":false,"potions_floor_spawned":[11,12,14,18],"killed_by":"Collector","ascension_level":0}}