{"host":"wuernuywc9gl215o","time":1612210551,"event":{"mods":["AchievementEnabler","BaseMod","Block Reminder","Key Reminder","Minty Spire (QoL Compilation)","Permanent Neow","Potion Indicator Mod","Quick Restart","Relic Stats"],"gold_per_floor":[115,135,155,168,168,168,179,214,214,227,227,239,239,256,256,333,333,350,365,33,46,46,46],"floor_reached":22,"language":"ENG","playtime":969,"items_purged":[],"score":384,"play_id":"4ad3b5e8-45eb-4aa5-81f8-8f86410f279f","local_time":"20210201201550","is_ascension_mode":true,"campfire_choices":[{"floor":6.0,"key":"REST"},{"floor":11.0,"key":"REST"},{"data":"Bash","floor":13.0,"key":"SMITH"},{"data":"Second Wind","floor":15.0,"key":"SMITH"}],"circlet_count":0,"master_deck":["AscendersBane","Strike_R","Strike_R","Strike_R","Strike_R","Strike_R","Defend_R","Defend_R","Defend_R","Defend_R","Bash+1","Cleave","Clothesline","Clash","Hemokinesis","Second Wind+1","Inflame+1","Demon Form+1","Iron Wave","Limit Break","Heavy Blade","Feel No Pain+1","Whirlwind","Heavy Blade"],"relics":["Sozu","Frozen Egg 2","PreservedInsect","Blue Candle","Snecko Eye","Toolbox"],"acts_visited":["Exordium","TheCity"],"potions_floor_usage":[],"damage_taken":[{"damage":0.0,"enemies":"Jaw Worm","floor":1.0,"turns":3.0},{"damage":0.0,"enemies":"Cultist","floor":2.0,"turns":3.0},{"damage":9.0,"enemies":"2 Louse","floor":3.0,"turns":2.0},{"damage":2.0,"enemies":"2 Fungi Beasts","floor":4.0,"turns":3.0},{"damage":14.0,"enemies":"Looter","floor":7.0,"turns":3.0},{"damage":24.0,"enemies":"Lagavulin","floor":8.0,"turns":5.0},{"damage":12.0,"enemies":"3 Louse","floor":10.0,"turns":2.0},{"damage":6.0,"enemies":"2 Fungi Beasts","floor":12.0,"turns":3.0},{"damage":3.0,"enemies":"Large Slime","floor":14.0,"turns":5.0},{"damage":15.0,"enemies":"Hexaghost","floor":16.0,"turns":7.0},{"damage":4.0,"enemies":"2 Thieves","floor":18.0,"turns":3.0},{"damage":24.0,"enemies":"3 Byrds","floor":19.0,"turns":5.0},{"damage":12.0,"enemies":"Sentry and Sphere","floor":21.0,"turns":4.0},{"damage":20,"enemies":"Shelled Parasite and Fungi","floor":22,"turns":2}],"seed_played":"417115543903439066","potions_obtained":[],"is_trial":false,"path_per_floor":["M","M","M","M","?","R","M","E","T","M","R","M","R","M","R","B",null,"M","M","$","M","M"],"character_chosen":"IRONCLAD","items_purchased":["Feel No Pain+1","Whirlwind","Toolbox"],"campfire_rested":2,"item_purchase_floors":[20,20,20],"current_hp_per_floor":[68,68,59,57,46,68,54,30,30,18,40,34,34,31,31,16,60,56,32,32,20,0,0],"gold":46,"neow_bonus":"BOSS_RELIC","is_daily":false,"chose_seed":false,"campfire_upgraded":2,"win_rate":0.0,"timestamp":1612210550,"path_taken":["M","M","M","M","?","R","M","E","T","M","R","M","R","M","R","BOSS","M","M","$","M","M"],"items_purchased_type":["Card","Card","Relic"],"build_version":"2020-12-22","purchased_purges":0,"victory":false,"max_hp_per_floor":[75,75,75,75,75,75,75,75,75,75,75,75,75,75,75,75,75,75,75,75,75,75,75],"relic_stats":{"Sozu":5,"counters":[14,50],"Blue Candle":[1],"Snecko Eye":[25,25,21,21],"PreservedInsect":0,"obtain_stats":[{"Sozu":0,"Blue Candle":9,"Snecko Eye":17,"Toolbox":20,"PreservedInsect":8,"Frozen Egg 2":5,"Burning Blood":0},{"Sozu":0,"Blue Candle":6,"Snecko Eye":10,"Toolbox":12,"PreservedInsect":6,"Frozen Egg 2":4,"Burning Blood":0},{"Sozu":0,"Blue Candle":19,"Snecko Eye":36,"Toolbox":44,"PreservedInsect":19,"Frozen Egg 2":11,"Burning Blood":0}]},"card_choices":[{"not_picked":["Thunderclap","Twin Strike"],"picked":"Cleave","floor":1.0},{"not_picked":["Entrench","Iron Wave"],"picked":"Clothesline","floor":2.0},{"not_picked":["Wild Strike","Dark Embrace"],"picked":"Clash","floor":3.0},{"not_picked":["Warcry","Sword Boomerang","Headbutt"],"picked":"SKIP","floor":4.0},{"not_picked":["Body Slam","Pommel Strike"],"picked":"Hemokinesis","floor":7.0},{"not_picked":["Body Slam","Pommel Strike"],"picked":"Second Wind","floor":8.0},{"not_picked":["Shockwave","Havoc"],"picked":"Inflame+1","floor":10.0},{"not_picked":["Pummel","Iron Wave"],"picked":"Demon Form+1","floor":12.0},{"not_picked":["Anger","Sword Boomerang"],"picked":"Iron Wave","floor":14.0},{"not_picked":["Fiend Fire","Barricade+1"],"picked":"Limit Break","floor":16.0},{"not_picked":["Dropkick+1","Spot Weakness+1","Battle Trance+1"],"picked":"SKIP","floor":18.0},{"not_picked":["Blood for Blood","Headbutt"],"picked":"Heavy Blade","floor":19.0},{"not_picked":["Warcry","Clothesline"],"picked":"Heavy Blade","floor":21.0}],"player_experience":757892,"relics_obtained":[{"floor":8.0,"key":"PreservedInsect"},{"floor":9.0,"key":"Blue Candle"}],"event_choices":[{"damage_healed":0.0,"max_hp_gain":0.0,"max_hp_loss":0.0,"gold_gain":0.0,"event_name":"Scrap Ooze","player_choice":"Success","floor":5.0,"gold_loss":0.0,"damage_taken":11.0,"relics_obtained":["Frozen Egg 2"]}],"is_beta":false,"boss_relics":[{"not_picked":["Runic Cube","Astrolabe"],"picked":"Snecko Eye"}],"items_purged_floors":[],"is_endless":false,"potions_floor_spawned":[4,7,12,14,21],"killed_by":"Shelled Parasite and Fungi","ascension_level":20}}