{"host":"zw3x6hwkln2702ol","time":1612149135,"event":{"mods":["AchievementEnabler","BaseMod","Card Forge","Colored Map","Default Mod","Minty Spire (QoL Compilation)","StSLib","TestMod"],"gold_per_floor":[151,151,198,257,313,313,313],"floor_reached":6,"language":"ZHS","playtime":244,"items_purged":[],"score":249,"play_id":"9f04ec50-d45e-4462-8465-16118cde7655","local_time":"20210201111215","is_ascension_mode":true,"campfire_choices":[],"circlet_count":0,"master_deck":["AscendersBane","Strike_B","Strike_B","Strike_B","Defend_B","Defend_B","Defend_B","Defend_B","Zap+1","Dualcast+1","Pride","testmod-Lust","testmod-Wrath","testmod-Sloth","testmod-Envy","testmod-Greed","testmod-Gluttony","testmod-Gluttony","testmod-Gluttony","testmod-Gluttony","Genetic Algorithm+1","testmod-Gluttony","testmod-Gluttony"],"relics":["Cracked Core","Hammer of Thor","Seething Fire","Anvil of the Gods","zzy:PlaceholderRelic","testmod-TestBox","testmod-SevenDeadlySins","Du-Vu Doll","Darkstone Periapt","Blue Candle"],"acts_visited":["Exordium"],"potions_floor_usage":[],"damage_taken":[{"damage":2,"enemies":"Jaw Worm","floor":1,"turns":2},{"damage":0,"enemies":"2 Louse","floor":3,"turns":2},{"damage":0,"enemies":"Small Slimes","floor":4,"turns":2},{"damage":0,"enemies":"Exordium Wildlife","floor":5,"turns":2},{"damage":26,"enemies":"Lagavulin","floor":6,"turns":4}],"seed_played":"-7042988816762838217","potions_obtained":[{"floor":5,"key":"Block Potion"}],"is_trial":false,"path_per_floor":["M","$","M","M","M","E"],"character_chosen":"DEFECT","items_purchased":[],"campfire_rested":0,"item_purchase_floors":[],"current_hp_per_floor":[124,124,124,124,124,125,125],"gold":313,"neow_bonus":"REMOVE_CARD","is_daily":false,"chose_seed":false,"campfire_upgraded":0,"win_rate":0.0,"timestamp":1612149135,"path_taken":["M","$","M","M","M","E"],"items_purchased_type":[],"build_version":"2020-12-22","purchased_purges":0,"victory":false,"max_hp_per_floor":[133,133,133,133,133,147,147],"card_choices":[{"not_picked":["Leap","Barrage","Sweeping Beam"],"picked":"SKIP","floor":1},{"not_picked":["Leap","Barrage","Sweeping Beam"],"picked":"SKIP","floor":1},{"not_picked":["Melter","Steam"],"picked":"Genetic Algorithm","floor":3},{"not_picked":["Conserve Battery","Compile Driver","Steam"],"picked":"SKIP","floor":4},{"not_picked":["Sweeping Beam","Undo","Streamline"],"picked":"SKIP","floor":5}],"player_experience":379354,"relics_obtained":[],"event_choices":[],"is_beta":false,"boss_relics":[],"items_purged_floors":[],"is_endless":false,"potions_floor_spawned":[5],"killed_by":"Lagavulin","ascension_level":19}}