{"host":"3j2m8n0ywf988fwb","time":1612212911,"event":{"mods":["BaseMod","Colored Map","Colored Powertips","Downfall","Highlight Path","Minty Spire (QoL Compilation)","StSLib"],"gold_per_floor":[99,110,560,255,255,270,324,91,91,118,103,278,288,38,53,53,53,53],"floor_reached":16,"language":"ENG","playtime":900,"items_purged":["downfall:Icky","downfall:Icky","Regret"],"score":133,"play_id":"69833d72-e5df-4f81-ab05-67c8378d0c65","local_time":"20210201145511","is_ascension_mode":true,"campfire_choices":[{"data":"sneckomod:TailWhip","floor":1.0,"key":"SMITH"}],"circlet_count":0,"master_deck":["sneckomod:Strike","sneckomod:Strike","sneckomod:Strike","sneckomod:Defend","sneckomod:Defend","sneckomod:Defend","sneckomod:TailWhip+1","sneckomod:SnekBite","sneckomod:Unknown","sneckomod:Unknown","sneckomod:UnknownVulnerable","sneckomod:SnakeSap","sneckomod:UnknownUncommonAttack","sneckomod:UnknownBoss","sneckomod:UnknownVulnerable","sneckomod:UnknownBlock","sneckomod:UnendingSupply","sneckomod:RainOfDice","sneckomod:UnknownColorless","Doubt","sneckomod:Unknown0Cost","sneckomod:UnknownStrike","sneckomod:UnknownUncommonPower","sneckomod:UnknownBoss","sneckomod:UnknownDraw"],"relics":["sneckomod:SneckoSoul","Vajra","Blood Vial","sneckomod:LoadedDie","Guardian:GemstoneGun","DollysMirror","Ornamental Fan"],"acts_visited":["Exordium"],"potions_floor_usage":[8,8,10,16],"damage_taken":[{"damage":4.0,"enemies":"Cultist","floor":2.0,"turns":3.0},{"damage":10.0,"enemies":"downfall:FleeingMerchant","floor":4.0,"turns":4.0},{"damage":10.0,"enemies":"Small Slimes","floor":6.0,"turns":3.0},{"damage":15,"enemies":"downfall:FleeingMerchant","floor":8,"turns":4},{"damage":36,"enemies":"Gremlin Nob","floor":10,"turns":5},{"damage":13,"enemies":"downfall:FleeingMerchant","floor":11,"turns":4},{"damage":0,"enemies":"Jaw Worm","floor":13,"turns":1},{"damage":10,"enemies":"downfall:FleeingMerchant","floor":14,"turns":3},{"damage":3,"enemies":"Blue Slaver","floor":15,"turns":3},{"damage":12,"enemies":"IC_STATUS_ARCHETYPE","floor":16,"turns":2}],"seed_played":"4158148591808388774","potions_obtained":[{"floor":0.0,"key":"Energy Potion"},{"floor":0.0,"key":"SkillPotion"},{"floor":0.0,"key":"LiquidMemories"},{"floor":6.0,"key":"sneckomod:DiceRollPotion"},{"floor":15,"key":"GamblersBrew"}],"is_trial":false,"path_per_floor":["R","M","?","$","?","M","T","$","?","E","$","?","M","$","M","B"],"character_chosen":"THE_SNECKO","items_purchased":["sneckomod:UnknownUncommonAttack","Vajra","sneckomod:UnknownBlock","sneckomod:UnendingSupply","sneckomod:UnknownUncommonPower","DollysMirror","Ornamental Fan"],"campfire_rested":0,"item_purchase_floors":[4,4,8,8,14,14,14],"current_hp_per_floor":[90,86,86,76,76,66,66,53,53,19,8,8,10,2,1,0,0,0],"gold":53,"neow_bonus":"THREE_SMALL_POTIONS","is_daily":false,"chose_seed":false,"campfire_upgraded":1,"win_rate":0.0,"timestamp":1612212911,"path_taken":["R","M","?","$","?","M","T","$","?","E","?","?","M","?","M","BOSS"],"items_purchased_type":["Card","Relic","Card","Card","Card","Relic","Relic"],"build_version":"2020-12-22","purchased_purges":3,"victory":false,"max_hp_per_floor":[90,90,90,90,90,90,90,90,90,90,90,90,90,90,90,90,90,90],"card_choices":[{"not_picked":["sneckomod:Nope","sneckomod:SoulRoll"],"picked":"sneckomod:UnknownVulnerable","floor":2.0},{"not_picked":["sneckomod:DiceCrush","sneckomod:ImprovisedGuard"],"picked":"sneckomod:SnakeSap","floor":4.0},{"not_picked":["sneckomod:SoulDraw","sneckomod:UnknownCommonSkill"],"picked":"sneckomod:UnknownBoss","floor":6.0},{"not_picked":["sneckomod:SnakeSap","sneckomod:DefensiveFlair"],"picked":"sneckomod:UnknownVulnerable","floor":8},{"not_picked":["sneckomod:UnknownBlock","sneckomod:SoulRoll"],"picked":"sneckomod:RainOfDice","floor":10},{"not_picked":["sneckomod:ImprovisedGuard","sneckomod:SoulRoll"],"picked":"sneckomod:UnknownColorless","floor":11},{"not_picked":["sneckomod:WideSting","sneckomod:UnknownClassPURPLE"],"picked":"sneckomod:Unknown0Cost","floor":13},{"not_picked":["sneckomod:Unknown1Cost","sneckomod:UnendingSupply"],"picked":"sneckomod:UnknownStrike","floor":14},{"not_picked":["sneckomod:QuickMove","sneckomod:DiceCrush"],"picked":"sneckomod:UnknownDraw","floor":15}],"player_experience":987106,"relics_obtained":[{"floor":7.0,"key":"Blood Vial"},{"floor":10,"key":"Guardian:GemstoneGun"}],"event_choices":[{"cards_removed":["downfall:Icky"],"damage_healed":0.0,"max_hp_gain":0.0,"max_hp_loss":0.0,"gold_gain":0.0,"event_name":"The Cleric","player_choice":"Card Removal","floor":5.0,"gold_loss":0.0,"damage_taken":0.0},{"damage_healed":0,"gold_gain":0,"player_choice":"Box","damage_taken":0,"relics_obtained":["sneckomod:LoadedDie"],"max_hp_gain":0,"max_hp_loss":0,"event_name":"Big Fish","floor":9,"gold_loss":0,"cards_obtained":["Regret"]}],"is_beta":false,"boss_relics":[],"items_purged_floors":[4,8,14],"is_endless":false,"potions_floor_spawned":[2,6,15],"killed_by":"IC_STATUS_ARCHETYPE","ascension_level":2}}