{"host":"1focbxb2e8qu7ccd","time":1612211859,"event":{"mods":["BaseMod","Minty Spire (QoL Compilation)","Relic Stats"],"gold_per_floor":[115,115,20,20,34,61,61,81,81,108,108,128,161,173,173,247,247,259,259,19,30,44,76,76,108,155,155,174,174,174],"floor_reached":29,"language":"ENG","playtime":1931,"items_purged":[],"score":538,"play_id":"c0b101e7-0544-4bff-80c6-4a53456bfac0","local_time":"20210201153739","is_ascension_mode":true,"campfire_choices":[{"data":"Neutralize","floor":7,"key":"SMITH"},{"data":"Noxious Fumes","floor":15,"key":"SMITH"},{"data":"After Image","floor":24,"key":"SMITH"}],"circlet_count":0,"master_deck":["AscendersBane","Strike_G","Strike_G+1","Strike_G+1","Strike_G","Strike_G","Defend_G","Defend_G","Defend_G","Defend_G","Defend_G","Survivor","Neutralize+1","Finisher","Dagger Spray","Dagger Throw","Venomology","Terror","Noxious Fumes+1","Acrobatics","Noxious Fumes","After Image+1","Well Laid Plans+1","Backflip","PiercingWail"],"relics":["Ring of the Snake","Potion Belt","Blue Candle","The Courier","Whetstone","Boot","Meat on the Bone","Bottled Flame","Coffee Dripper","Membership Card","Paper Crane","Lantern","Ornamental Fan"],"acts_visited":["Exordium","TheCity"],"potions_floor_usage":[6,13,16,16,18,21,22,23,23,23,25,25,25,28,28],"damage_taken":[{"damage":4,"enemies":"Small Slimes","floor":1,"turns":4},{"damage":1,"enemies":"Cultist","floor":5,"turns":4},{"damage":3,"enemies":"Gremlin Nob","floor":6,"turns":3},{"damage":2,"enemies":"Jaw Worm","floor":8,"turns":5},{"damage":30,"enemies":"Lagavulin","floor":10,"turns":6},{"damage":3,"enemies":"Looter","floor":12,"turns":4},{"damage":37,"enemies":"Gremlin Nob","floor":13,"turns":5},{"damage":14,"enemies":"3 Louse","floor":14,"turns":2},{"damage":10,"enemies":"The Guardian","floor":16,"turns":10},{"damage":19,"enemies":"Chosen","floor":18,"turns":5},{"damage":4,"enemies":"Shell Parasite","floor":21,"turns":6},{"damage":18,"enemies":"Snecko","floor":22,"turns":5},{"damage":27,"enemies":"Gremlin Leader","floor":23,"turns":7},{"damage":11,"enemies":"Book of Stabbing","floor":25,"turns":7},{"damage":3,"enemies":"Chosen and Byrds","floor":28,"turns":7},{"damage":35,"enemies":"Shelled Parasite and Fungi","floor":29,"turns":3}],"seed_played":"3684176636497715526","potions_obtained":[{"floor":1,"key":"CunningPotion"},{"floor":10,"key":"Dexterity Potion"},{"floor":13,"key":"SpeedPotion"},{"floor":14,"key":"Fire Potion"},{"floor":18,"key":"PowerPotion"},{"floor":21,"key":"Dexterity Potion"},{"floor":25,"key":"Fruit Juice"},{"floor":28,"key":"FearPotion"}],"is_trial":false,"path_per_floor":["M","?","$","T","M","E","R","M","T","E","?","M","E","M","R","B",null,"M","?","$","M","M","E","R","E","T","?","M","M"],"character_chosen":"THE_SILENT","items_purchased":["Finisher","Dagger Spray","Membership Card","Paper Crane"],"campfire_rested":0,"item_purchase_floors":[3,3,20,20],"current_hp_per_floor":[55,55,55,55,54,51,51,49,49,19,19,28,30,28,28,30,57,38,38,38,34,28,13,13,14,14,14,28,0,0],"gold":174,"neow_bonus":"RANDOM_COMMON_RELIC","is_daily":false,"chose_seed":false,"campfire_upgraded":3,"win_rate":0.0,"timestamp":1612211859,"path_taken":["M","?","?","?","M","E","R","M","T","E","?","M","E","M","R","BOSS","M","?","$","M","M","E","R","E","T","?","M","M"],"items_purchased_type":["Card","Card","Relic","Relic"],"build_version":"2020-12-22","purchased_purges":0,"victory":false,"max_hp_per_floor":[66,66,66,66,66,66,66,66,66,66,66,66,66,66,66,66,66,66,66,66,66,66,66,66,66,66,66,71,71,71],"relic_stats":{"counters":[16,83],"Ornamental Fan":[8],"Blue Candle":[0],"Whetstone":["Strike_G","Strike_G"],"Boot":[43],"obtain_stats":[{"Potion Belt":0,"Lantern":23,"Blue Candle":2,"The Courier":4,"Whetstone":6,"Paper Crane":20,"Boot":9,"Bottled Flame":13,"Ornamental Fan":25,"Coffee Dripper":17,"Membership Card":20,"Ring of the Snake":0,"Meat on the Bone":10},{"Potion Belt":0,"Lantern":13,"Blue Candle":1,"The Courier":1,"Whetstone":3,"Paper Crane":10,"Boot":4,"Bottled Flame":7,"Ornamental Fan":14,"Coffee Dripper":9,"Membership Card":10,"Ring of the Snake":0,"Meat on the Bone":5},{"Potion Belt":0,"Lantern":66,"Blue Candle":4,"The Courier":4,"Whetstone":11,"Paper Crane":48,"Boot":16,"Bottled Flame":31,"Ornamental Fan":73,"Coffee Dripper":43,"Membership Card":48,"Ring of the Snake":0,"Meat on the Bone":22}],"Ring of the Snake":[32],"Meat on the Bone":96},"card_choices":[{"not_picked":["Noxious Fumes","Eviscerate"],"picked":"Sucker Punch","floor":1},{"not_picked":["Deadly Poison","Deflect"],"picked":"Dagger Throw","floor":5},{"not_picked":["Slice","Deflect"],"picked":"Venomology","floor":6},{"not_picked":["Dodge and Roll","Outmaneuver"],"picked":"Terror","floor":8},{"not_picked":["Dagger Throw","Calculated Gamble"],"picked":"Noxious Fumes","floor":10},{"not_picked":["Bane","Outmaneuver"],"picked":"Acrobatics","floor":12},{"not_picked":["Masterful Stab","Expertise"],"picked":"Noxious Fumes","floor":13},{"not_picked":["Flying Knee","Sucker Punch","Acrobatics"],"picked":"SKIP","floor":14},{"not_picked":["Venomology","Burst"],"picked":"After Image","floor":16},{"not_picked":["Blade Dance","Accuracy"],"picked":"Well Laid Plans+1","floor":18},{"not_picked":["Bane","Dash"],"picked":"Backflip","floor":21},{"not_picked":["Dash","Dagger Spray","Deflect"],"picked":"SKIP","floor":22},{"not_picked":["Envenom","Blade Dance","Slice+1"],"picked":"SKIP","floor":23},{"not_picked":["Heel Hook","Cloak And Dagger"],"picked":"PiercingWail","floor":25},{"not_picked":["Acrobatics","Heel Hook","Terror"],"picked":"SKIP","floor":28}],"player_experience":855846,"relics_obtained":[{"floor":4,"key":"The Courier"},{"floor":6,"key":"Whetstone"},{"floor":9,"key":"Boot"},{"floor":10,"key":"Meat on the Bone"},{"floor":13,"key":"Bottled Flame"},{"floor":23,"key":"Lantern"},{"floor":25,"key":"Ornamental Fan"}],"event_choices":[{"cards_removed":["Sucker Punch"],"damage_healed":0,"gold_gain":0,"player_choice":"Gave Card","damage_taken":0,"relics_obtained":["Blue Candle"],"max_hp_gain":0,"max_hp_loss":0,"event_name":"WeMeetAgain","floor":2,"gold_loss":0},{"damage_healed":0,"gold_gain":0,"player_choice":"Ignored","damage_taken":0,"max_hp_gain":0,"max_hp_loss":0,"event_name":"Shining Light","floor":11,"gold_loss":0},{"damage_healed":0,"gold_gain":0,"player_choice":"Ignored","damage_taken":0,"max_hp_gain":0,"max_hp_loss":0,"event_name":"Vampires","floor":19,"gold_loss":0},{"damage_healed":0,"gold_gain":0,"player_choice":"Ignored","damage_taken":0,"max_hp_gain":0,"max_hp_loss":0,"event_name":"Cursed Tome","floor":27,"gold_loss":0}],"is_beta":false,"boss_relics":[{"not_picked":["Busted Crown","Tiny House"],"picked":"Coffee Dripper"}],"items_purged_floors":[],"is_endless":false,"potions_floor_spawned":[1,10,13,14,18,21,25,28],"killed_by":"Shelled Parasite and Fungi","ascension_level":18}}