{"host":"ojezjkpqju62j8xy","time":1612181387,"event":{"mods":["ATMod(°¢èªMod)","Act Like it!","Aspiration","BaseMod","Conspire","Gensokyo","Minty Spire (QoL Compilation)","Pale of the Ancients","Reliquary","Replay The Spire","Spicy Shops","StSLib","¡¾ÒÅÎï¿¨ÅÆ¡¿REMEMod","²ÐÁôÖ®Îï"],"gold_per_floor":[114,114,131,131,145,173,183,212,212,22,22,22,54,54,54,158,158,178,388,15,15,29,58,58,87,162,162,196,211,230,61,61,159,159,475,495,495,506,506,741,741,773,773,790,802,829,847,311,311,311,326,339,339,365,365,377,377,450,450,450],"floor_reached":61,"language":"ZHS","playtime":2660,"items_purged":["ReplayTheSpireMod:Splinters","Clumsy"],"score":2078,"play_id":"bedfab33-f454-4558-b3ab-682e185b4be1","local_time":"20210201200947","is_ascension_mode":true,"campfire_choices":[{"floor":11.0,"key":"RECALL"},{"floor":15.0,"key":"REST"},{"data":"AT_MachinaRedman","floor":24.0,"key":"SMITH"},{"floor":41.0,"key":"REST"},{"floor":49.0,"key":"REST"},{"floor":55.0,"key":"REST"},{"data":"Blasphemy","floor":57,"key":"SMITH"}],"circlet_count":0,"master_deck":["Strike_P+1","Strike_P+1","Strike_P+1","Strike_P+1","Defend_P","Defend_P","Defend_P","Defend_P","Eruption","Vigilance","AT_DrawKnifeCut","Swift Strike","Prostrate","Replay:ManipulateFuture","FollowUp","Blasphemy+1","SignatureMove","Consecrate","DeceiveReality","Protect","AT_MachinaRedman+1","Wallop","SandsOfTime","Ragnarok","AT_OneInchPunch","FearNoEvil","FollowUp+1","FlyingSleeves+1","EmptyMind+1","InnerPeace","AT_ChampionKick+1","REME_CRH+1","Judgement","ThirdEye+1","REME_Repentance+1","CrushJoints+1","ClearTheMind+1","BattleHymn+1","Protect+1","CarveReality","ReachHeaven","Conclude","Prostrate","Conclude","REME_MagicPocketWatch","MentalFortress","PathToVictory+1","AT_MachinaRedman","Halt+1","ReachHeaven","FearNoEvil","Conclude+1","MentalFortress+1"],"relics":["PureWater","AT_ATBox","REME_ComplimentaryCards","aspiration:Nostalgia","Cracked Core","Replay:Bottled Eggs","Ginger","Blood Vial","AT_ChloranthyRing","conspire:Dentures","Gensokyo:CelestialsFlawlessClothing","reliquary:RedCape","FossilizedHelix","reliquary:OuijaBoard","REME_HandOfSuture","aspiration:ArtOfWarUpgrade","reliquary:BoilingFlask","Juzu Bracelet","reliquary:WritOfMandamus","aspiration:Lifesprig","AT_Manta","reliquary:PorcupineQuills","ReplayTheSpireMod:Lightbulb","AT_RabadonDeathcap","Happy Flower","Orrery","paleoftheancients:Timepiece","paleoftheancients:KeyRelic","CultistMask","paleoftheancients:SoulOfTheShowman","reliquary:Stiletto","Divine Protection"],"acts_visited":["Gensokyo:Gensokyo","Gensokyo:Gensokyoer","Gensokyo:Gensokyoest","paleoftheancients:PaleOfTheAncients"],"potions_floor_usage":[56,60,60],"damage_taken":[{"damage":0.0,"enemies":"Gensokyo:Python","floor":1.0,"turns":2.0},{"damage":0.0,"enemies":"Gensokyo:2_Kodama","floor":3.0,"turns":1.0},{"damage":0.0,"enemies":"Gensokyo:3_Fairies","floor":5.0,"turns":2.0},{"damage":0.0,"enemies":"Gensokyo:Aya","floor":6.0,"turns":2.0},{"damage":0.0,"enemies":"Gensokyo:LivingMonolith","floor":7.0,"turns":1.0},{"damage":0.0,"enemies":"Gensokyo:Cirno","floor":8.0,"turns":5.0},{"damage":2.0,"enemies":"Gensokyo:Mamizou","floor":13.0,"turns":3.0},{"damage":0.0,"enemies":"Gensokyo:Reimu","floor":16.0,"turns":7.0},{"damage":12.0,"enemies":"Gensokyo:3_Dogs","floor":18.0,"turns":4.0},{"damage":0.0,"enemies":"Gensokyo:2_Gloops","floor":22.0,"turns":2.0},{"damage":0.0,"enemies":"Gensokyo:Reisen","floor":23.0,"turns":3.0},{"damage":8.0,"enemies":"Gensokyo:Koishi","floor":25.0,"turns":3.0},{"damage":12.0,"enemies":"Gensokyo:Tenshi","floor":28.0,"turns":4.0},{"damage":7.0,"enemies":"Gensokyo:Monolith_and_Dog","floor":29.0,"turns":3.0},{"damage":3.0,"enemies":"Gensokyo:Slime_Group","floor":30.0,"turns":3.0},{"damage":31.0,"enemies":"Gensokyo:Eternal_Rivals","floor":33.0,"turns":8.0},{"damage":22.0,"enemies":"Gensokyo:AncientGuardian","floor":35.0,"turns":5.0},{"damage":0.0,"enemies":"Gensokyo:3_Boulders","floor":36.0,"turns":1.0},{"damage":0.0,"enemies":"Gensokyo:SeedOfUnknown","floor":38.0,"turns":3.0},{"damage":39.0,"enemies":"Gensokyo:Marisa","floor":40.0,"turns":4.0},{"damage":20.0,"enemies":"Gensokyo:Doremy","floor":42.0,"turns":3.0},{"damage":0.0,"enemies":"Gensokyo:Dusk_and_Dawn","floor":44.0,"turns":2.0},{"damage":0.0,"enemies":"Gensokyo:4_Bats","floor":45.0,"turns":2.0},{"damage":0.0,"enemies":"Gensokyo:Marisa","floor":46.0,"turns":1.0},{"damage":0.0,"enemies":"Gensokyo:SeedOfUnknown","floor":47.0,"turns":2.0},{"damage":11.0,"enemies":"Gensokyo:Yuyuko","floor":50.0,"turns":4.0},{"damage":28.0,"enemies":"Gensokyo:Yuyuko","floor":51.0,"turns":4.0},{"damage":4.0,"enemies":"Gensokyo:Yuyuko","floor":52.0,"turns":6.0},{"damage":0,"enemies":"Gensokyo:Yuyuko","floor":56,"turns":4},{"damage":8,"enemies":"paleoftheancients:N","floor":60,"turns":5}],"seed_played":"3463362490572729257","potions_obtained":[{"floor":5.0,"key":"Fire Potion"},{"floor":6.0,"key":"Strength Potion"},{"floor":13.0,"key":"Milkshake"},{"floor":23.0,"key":"PowerPotion"},{"floor":29.0,"key":"AttackPotion"},{"floor":30.0,"key":"FearPotion"},{"floor":33.0,"key":"Weak Potion"},{"floor":38.0,"key":"Energy Potion"},{"floor":40.0,"key":"Fire Potion"},{"floor":56,"key":"ColorlessPotion"}],"is_trial":false,"path_per_floor":["M","T","M","?","M","E","M","E","T","$","R","?","E","?","R","B",null,"M","?","$","?","M","E","R","E","T","R","E","M","M","COS","R","B",null,"M","M","?","M","?","E","R","E","T","M","M","E","M","$","R","B","M","M","?","T","R","M","R","T","?","B",null],"character_chosen":"WATCHER","items_purchased":["AT_ChloranthyRing","DeceiveReality","FossilizedHelix","reliquary:OuijaBoard","Ragnarok","Prostrate","Conclude","REME_MagicPocketWatch","Happy Flower","Orrery"],"campfire_rested":4,"item_purchase_floors":[10,10,20,20,20,48,48,48,48,48],"current_hp_per_floor":[65,65,65,65,65,65,65,65,65,65,65,65,65,47,68,70,72,60,60,60,67,69,71,71,64,64,64,54,49,63,63,63,34,63,43,45,45,47,47,10,31,13,13,15,17,19,21,21,42,65,57,57,57,57,72,72,72,72,72,66],"gold":450,"neow_bonus":"NOSTALGIA","is_daily":false,"chose_seed":false,"campfire_upgraded":2,"win_rate":0.0,"timestamp":1612181387,"path_taken":["M","?","M","?","M","E","M","E","T","$","R","?","E","?","R","BOSS","M","?","?","?","M","E","R","E","T","R","E","M","M","COS","R","BOSS","M","M","?","M","?","E","R","E","T","M","M","E","M","?","R","BOSS","M","M","?","T","R","M","R","T","?","BOSS"],"items_purchased_type":["Relic","Card","Relic","Relic","Card","Card","Card","Card","Relic","Relic"],"build_version":"2020-12-22","purchased_purges":2,"victory":true,"max_hp_per_floor":[72,72,72,72,72,72,72,72,72,72,72,72,72,72,72,72,72,72,72,72,72,72,72,72,72,72,72,72,72,72,72,72,72,72,72,72,72,72,72,72,72,72,72,72,72,72,72,72,72,72,72,72,72,72,72,72,72,72,72,72],"card_choices":[{"not_picked":["Meditate","MentalFortress"],"picked":"Prostrate","floor":1.0},{"not_picked":["AT_RealFormLess","Adaptation"],"picked":"Replay:ManipulateFuture","floor":3.0},{"not_picked":["Protect","CrushJoints"],"picked":"FollowUp","floor":5.0},{"not_picked":["Crescendo","Replay:Cycle"],"picked":"Blasphemy","floor":6.0},{"not_picked":["Wireheading","FollowUp"],"picked":"SignatureMove","floor":7.0},{"not_picked":["DevaForm","Collect"],"picked":"Consecrate","floor":8.0},{"not_picked":["Sanctity","ThirdEye"],"picked":"Protect","floor":13.0},{"not_picked":["REME_EmptyShield","DeusExMachina"],"picked":"AT_MachinaRedman","floor":16.0},{"not_picked":["Halt","SignatureMove"],"picked":"Wallop","floor":18.0},{"not_picked":["Protect+1","AT_RealFormLess+1"],"picked":"SandsOfTime","floor":19.0},{"not_picked":["FlurryOfBlows","Replay:AtTheReady"],"picked":"AT_OneInchPunch","floor":22.0},{"not_picked":["Replay:AtTheReady+1","EmptyBody+1"],"picked":"FearNoEvil","floor":23.0},{"not_picked":["Meditate","ClearTheMind"],"picked":"FollowUp+1","floor":25.0},{"not_picked":["Devotion","CutThroughFate"],"picked":"FlyingSleeves+1","floor":28.0},{"not_picked":["Swivel","FlyingSleeves+1"],"picked":"EmptyMind+1","floor":29.0},{"not_picked":["FlyingSleeves","Replay:ManipulateFuture"],"picked":"InnerPeace","floor":30.0},{"not_picked":["Wish+1","REME_EmptyShield+1"],"picked":"AT_ChampionKick+1","floor":33.0},{"not_picked":["DeusExMachina","MasterReality"],"picked":"REME_CRH","floor":33.0},{"not_picked":["Ragnarok","Replay:AllIn"],"picked":"Judgement","floor":35.0},{"not_picked":["BowlingBash","MentalFortress"],"picked":"ThirdEye+1","floor":35.0},{"not_picked":["Collect","Replay:DivineShield"],"picked":"REME_Repentance+1","floor":36.0},{"not_picked":["EmptyBody","Study+1"],"picked":"CrushJoints+1","floor":38.0},{"not_picked":["BattleHymn","Pray+1"],"picked":"ClearTheMind+1","floor":40.0},{"not_picked":["Replay:ManipulateFuture+1","DeusExMachina"],"picked":"BattleHymn+1","floor":42.0},{"not_picked":["FollowUp+1","PathToVictory"],"picked":"Protect+1","floor":44.0},{"not_picked":["ClearTheMind","Evaluate+1"],"picked":"CarveReality","floor":45.0},{"not_picked":["Perseverance+1","Replay:DivineShield+1"],"picked":"ReachHeaven","floor":46.0},{"not_picked":["ThirdEye","EmptyFist"],"picked":"Conclude","floor":47.0},{"not_picked":["Replay:Vibes","Replay:ManipulateFuture+1"],"picked":"MentalFortress","floor":48.0},{"not_picked":["REME_MusicOfDeath","Collect"],"picked":"PathToVictory+1","floor":48.0},{"not_picked":["Crescendo+1","BowlingBash+1"],"picked":"AT_MachinaRedman","floor":48.0},{"not_picked":["ClearTheMind","DevaForm"],"picked":"Halt+1","floor":48.0},{"not_picked":["FlyingSleeves","Prostrate+1"],"picked":"ReachHeaven","floor":48.0},{"not_picked":["SignatureMove","Evaluate+1"],"picked":"FearNoEvil","floor":51.0},{"not_picked":["Collect+1","Replay:ManipulateFuture"],"picked":"Conclude+1","floor":52.0},{"not_picked":["PathToVictory+1","Protect"],"picked":"MentalFortress+1","floor":56}],"player_experience":1511348,"relics_obtained":[{"floor":2.0,"key":"Replay:Bottled Eggs"},{"floor":6.0,"key":"Ginger"},{"floor":8.0,"key":"Blood Vial"},{"floor":13.0,"key":"conspire:Dentures"},{"floor":23.0,"key":"REME_HandOfSuture"},{"floor":25.0,"key":"Art of War"},{"floor":26.0,"key":"reliquary:BoilingFlask"},{"floor":28.0,"key":"Juzu Bracelet"},{"floor":40.0,"key":"AT_Manta"},{"floor":42.0,"key":"reliquary:PorcupineQuills"},{"floor":43.0,"key":"ReplayTheSpireMod:Lightbulb"},{"floor":46.0,"key":"AT_RabadonDeathcap"},{"floor":52.0,"key":"paleoftheancients:SoulOfTheShowman"},{"floor":54.0,"key":"reliquary:Stiletto"},{"floor":58,"key":"Divine Protection"}],"event_choices":[{"damage_healed":0.0,"max_hp_gain":0.0,"max_hp_loss":0.0,"gold_gain":0.0,"event_name":"conspire:Investor","player_choice":"Leave","floor":39.0,"gold_loss":0.0,"damage_taken":0.0},{"damage_healed":0.0,"max_hp_gain":0.0,"max_hp_loss":0.0,"gold_gain":0.0,"event_name":"Upgrade Shrine","player_choice":"Upgraded","floor":53.0,"gold_loss":0.0,"damage_taken":0.0,"cards_upgraded":["REME_CRH"]}],"is_beta":false,"boss_relics":[{"not_picked":["Empty Cage","Runic Dome"],"picked":"reliquary:RedCape"},{"not_picked":["Abe\u0027s Treasure","aspiration:FutureDiary"],"picked":"reliquary:WritOfMandamus"}],"items_purged_floors":[20,48],"is_endless":false,"potions_floor_spawned":[5,6,13,23,29,30,33,38,40,42,44,52,56],"ascension_level":7}}