{"host":"7sni158j623xchr2","time":1612204472,"event":{"mods":["BaseMod","Colored Map","Highlight Path","Minty Spire (QoL Compilation)","Permanent Neow","Potion Indicator Mod","Rare Cards Sparkle","Relic Sorter","Relic Stats","StSLib","everything is the same but u backflip on backflip"],"gold_per_floor":[113,128,128,147,127,161,161,173,173,173,191,205,238,238,238,338,338,348,328,345,42,62,91,104,139,162,162,9,28,328,344,344,446,446,457,111,127,127,127,161,161,175,175,175,191,30,80,97,97,97,97,97,7,37,37],"floor_reached":56,"language":"ENG","playtime":2255,"items_purged":["Writhe","Decay"],"score":1379,"play_id":"dcf85ed8-b74c-4b08-b9b0-1fb02dbbf070","local_time":"20210201123432","is_ascension_mode":true,"campfire_choices":[{"data":"Phantasmal Killer","floor":7,"key":"SMITH"},{"data":"Poisoned Stab","floor":10,"key":"SMITH"},{"data":"Neutralize","floor":15,"key":"SMITH"},{"data":"Adrenaline","floor":27,"key":"SMITH"},{"data":"Footwork","floor":32,"key":"SMITH"},{"data":"Footwork","floor":41,"key":"SMITH"},{"floor":44,"key":"RECALL"},{"data":"Footwork","floor":49,"key":"SMITH"},{"data":"Survivor","floor":52,"key":"SMITH"}],"circlet_count":0,"master_deck":["Strike_G","Strike_G","Strike_G","Defend_G","Defend_G","Defend_G","Defend_G","Survivor+1","Neutralize+1","Phantasmal Killer+1","All Out Attack","Poisoned Stab+1","PiercingWail","Masterful Stab","PiercingWail","Footwork+1","Adrenaline+1","Venomology+1","Poisoned Stab+1","Acrobatics+1","Bouncing Flask+1","Corpse Explosion+1","Die Die Die","Tactician+1","Dodge and Roll+1","Cloak And Dagger+1","Malaise+1","Poisoned Stab+1","Dash+1","Choke+1","Leg Sweep+1","Footwork+1","Deflect+1","Calculated Gamble+1","Crippling Poison+1","Blade Dance+1","Footwork+1","Burst+1","PiercingWail+1","Cloak And Dagger+1","PiercingWail+1"],"relics":["Ring of the Snake","Art of War","Meat on the Bone","Toxic Egg 2","HoveringKite","FossilizedHelix","InkBottle","Shuriken","Ancient Tea Set","Membership Card","Old Coin","Astrolabe","Mummified Hand","Bottled Tornado","Singing Bowl","StrikeDummy","Chemical X","CaptainsWheel","Anchor"],"acts_visited":["Exordium","TheCity","TheBeyond","TheEnding"],"potions_floor_usage":[6,6,13,13,18,19,20,22,23,24,25,25,29,31,33,33,33,40,40,45,50,50,55,55,55,55,55],"damage_taken":[{"damage":1,"enemies":"Small Slimes","floor":1,"turns":3},{"damage":0,"enemies":"Cultist","floor":2,"turns":3},{"damage":0,"enemies":"Jaw Worm","floor":4,"turns":2},{"damage":14,"enemies":"3 Sentries","floor":6,"turns":6},{"damage":0,"enemies":"Red Slaver","floor":8,"turns":3},{"damage":0,"enemies":"3 Louse","floor":11,"turns":3},{"damage":0,"enemies":"Gremlin Gang","floor":12,"turns":3},{"damage":25,"enemies":"Lagavulin","floor":13,"turns":10},{"damage":39,"enemies":"Hexaghost","floor":16,"turns":13},{"damage":8,"enemies":"Spheric Guardian","floor":18,"turns":4},{"damage":22,"enemies":"2 Thieves","floor":19,"turns":4},{"damage":16,"enemies":"Sentry and Sphere","floor":20,"turns":8},{"damage":1,"enemies":"Chosen and Byrds","floor":22,"turns":6},{"damage":2,"enemies":"Gremlin Leader","floor":23,"turns":6},{"damage":0,"enemies":"Centurion and Healer","floor":24,"turns":4},{"damage":23,"enemies":"Book of Stabbing","floor":25,"turns":5},{"damage":0,"enemies":"Cultist and Chosen","floor":29,"turns":3},{"damage":5,"enemies":"Snecko","floor":31,"turns":4},{"damage":12,"enemies":"Champ","floor":33,"turns":11},{"damage":0,"enemies":"3 Shapes","floor":35,"turns":3},{"damage":0,"enemies":"Orb Walker","floor":37,"turns":4},{"damage":52,"enemies":"Giant Head","floor":40,"turns":10},{"damage":0,"enemies":"Writhing Mass","floor":42,"turns":6},{"damage":19,"enemies":"3 Darklings","floor":45,"turns":6},{"damage":9,"enemies":"Mind Bloom Boss Battle","floor":47,"turns":6},{"damage":7,"enemies":"Jaw Worm Horde","floor":48,"turns":3},{"damage":16,"enemies":"Awakened One","floor":50,"turns":16},{"damage":0,"enemies":"Shield and Spear","floor":54,"turns":5},{"damage":78,"enemies":"The Heart","floor":55,"turns":14}],"seed_played":"1467876190246049211","potions_obtained":[{"floor":1,"key":"SkillPotion"},{"floor":2,"key":"Regen Potion"},{"floor":5,"key":"Poison Potion"},{"floor":6,"key":"Dexterity Potion"},{"floor":12,"key":"Energy Potion"},{"floor":16,"key":"FearPotion"},{"floor":19,"key":"Ancient Potion"},{"floor":23,"key":"BlessingOfTheForge"},{"floor":25,"key":"FairyPotion"},{"floor":29,"key":"LiquidMemories"},{"floor":40,"key":"PowerPotion"},{"floor":47,"key":"Ancient Potion"}],"is_trial":false,"path_per_floor":["M","M","?","M","?","E","R","M","T","R","M","M","E","?","R","B",null,"M","M","M","$","M","E","M","E","T","R","$","M","?","M","R","B",null,"M","$","M","?","?","E","R","M","T","R","M","$","?","M","R","B",null,"R","$","E","B",null],"character_chosen":"THE_SILENT","items_purchased":["FossilizedHelix","Membership Card","Mummified Hand","Footwork","Bottled Tornado","Deflect+1","Footwork","Chemical X","PiercingWail+1","Cloak And Dagger+1","GhostInAJar"],"campfire_rested":0,"item_purchase_floors":[21,28,36,36,36,36,46,46,53,53,53],"current_hp_per_floor":[69,69,69,69,69,66,66,66,66,66,66,66,41,41,41,14,70,62,40,36,36,47,45,45,34,34,34,34,46,46,41,41,41,70,70,70,70,70,70,32,32,44,44,44,37,37,42,47,47,43,74,74,74,74,31],"gold":37,"neow_bonus":"ONE_RANDOM_RARE_CARD","is_daily":false,"chose_seed":false,"campfire_upgraded":8,"win_rate":0.0,"timestamp":1612204472,"path_taken":["M","M","?","?","?","E","R","M","T","R","?","M","E","?","R","BOSS","M","?","M","$","M","E","M","E","T","R","?","M","?","M","R","BOSS","M","$","M","?","?","E","R","M","T","R","M","$","?","M","R","BOSS","R","$","E","BOSS"],"items_purchased_type":["Relic","Relic","Relic","Card","Relic","Card","Card","Relic","Card","Card","Potion"],"build_version":"2020-12-22","purchased_purges":2,"victory":true,"max_hp_per_floor":[70,70,70,70,70,70,70,70,70,70,70,70,70,70,70,70,70,70,70,70,70,70,70,70,70,70,70,70,70,70,70,70,70,70,70,70,70,70,70,72,72,72,72,72,72,72,74,74,74,74,74,74,74,74,74],"relic_stats":{"Singing Bowl":4,"counters":[29,174],"Shuriken":[44],"Mummified Hand":[27],"Astrolabe":["Poisoned Stab","Dash","Choke"],"HoveringKite":[48],"Art of War":[13],"Chemical X":[5],"obtain_stats":[{"Singing Bowl":40,"Astrolabe":34,"HoveringKite":17,"Bottled Tornado":36,"Ancient Tea Set":26,"Old Coin":30,"CaptainsWheel":47,"Anchor":54,"Shuriken":25,"Mummified Hand":36,"Art of War":6,"Membership Card":28,"Chemical X":46,"Toxic Egg 2":14,"StrikeDummy":43,"FossilizedHelix":21,"InkBottle":23,"Ring of the Snake":0,"Meat on the Bone":13},{"Singing Bowl":22,"Astrolabe":19,"HoveringKite":9,"Bottled Tornado":20,"Ancient Tea Set":16,"Old Coin":17,"CaptainsWheel":25,"Anchor":28,"Shuriken":16,"Mummified Hand":20,"Art of War":4,"Membership Card":16,"Chemical X":24,"Toxic Egg 2":8,"StrikeDummy":23,"FossilizedHelix":12,"InkBottle":14,"Ring of the Snake":0,"Meat on the Bone":8},{"Singing Bowl":118,"Astrolabe":101,"HoveringKite":46,"Bottled Tornado":104,"Ancient Tea Set":83,"Old Coin":86,"CaptainsWheel":136,"Anchor":160,"Shuriken":83,"Mummified Hand":104,"Art of War":14,"Membership Card":83,"Chemical X":130,"Toxic Egg 2":33,"StrikeDummy":124,"FossilizedHelix":62,"InkBottle":74,"Ring of the Snake":0,"Meat on the Bone":33}],"InkBottle":[47],"Ring of the Snake":[58],"Meat on the Bone":156},"card_choices":[{"not_picked":["Flying Knee","PiercingWail"],"picked":"All Out Attack","floor":1},{"not_picked":["Outmaneuver","Bane"],"picked":"Poisoned Stab","floor":2},{"not_picked":["Dodge and Roll","Accuracy"],"picked":"PiercingWail","floor":4},{"not_picked":["Caltrops","Cloak And Dagger"],"picked":"Masterful Stab","floor":6},{"not_picked":["Outmaneuver","Underhanded Strike"],"picked":"PiercingWail","floor":8},{"not_picked":["Bane","Underhanded Strike","Skewer"],"picked":"SKIP","floor":11},{"not_picked":["Sucker Punch","Dagger Spray"],"picked":"Footwork","floor":12},{"not_picked":["Noxious Fumes","All Out Attack"],"picked":"Adrenaline","floor":13},{"not_picked":["Tools of the Trade","Wraith Form v2"],"picked":"Venomology+1","floor":16},{"not_picked":["Sucker Punch","Dagger Spray"],"picked":"Poisoned Stab+1","floor":18},{"not_picked":["Deadly Poison+1","Infinite Blades"],"picked":"Acrobatics+1","floor":19},{"not_picked":["All Out Attack","Prepared+1"],"picked":"Bouncing Flask+1","floor":20},{"not_picked":["Caltrops","Outmaneuver+1"],"picked":"Corpse Explosion+1","floor":22},{"not_picked":["Choke","Poisoned Stab"],"picked":"Die Die Die","floor":23},{"not_picked":["Slice","Acrobatics+1"],"picked":"Tactician+1","floor":24},{"not_picked":["Riddle With Holes","Underhanded Strike+1"],"picked":"Dodge and Roll+1","floor":25},{"not_picked":["Bane+1","Setup+1"],"picked":"PiercingWail+1","floor":29},{"not_picked":["Slice+1","PiercingWail+1"],"picked":"Cloak And Dagger+1","floor":31},{"not_picked":["Bullet Time+1","Doppelganger+1"],"picked":"Malaise+1","floor":33},{"not_picked":["Sucker Punch","Outmaneuver+1"],"picked":"Leg Sweep+1","floor":35},{"not_picked":["Dodge and Roll+1","Quick Slash+1"],"picked":"Calculated Gamble+1","floor":37},{"not_picked":["Flechettes","Backstab+1","Concentrate+1"],"picked":"Singing Bowl","floor":40},{"not_picked":["Accuracy","Noxious Fumes+1"],"picked":"Crippling Poison+1","floor":42},{"not_picked":["All Out Attack+1","Dodge and Roll+1"],"picked":"Blade Dance+1","floor":45},{"not_picked":["Expertise+1","Slice+1","Quick Slash+1"],"picked":"Singing Bowl","floor":47},{"not_picked":["Slice+1","Backstab"],"picked":"Burst+1","floor":48},{"not_picked":["Deadly Poison+1","Flying Knee+1"],"picked":"PiercingWail+1","floor":54}],"player_experience":1735776,"relics_obtained":[{"floor":6,"key":"Art of War"},{"floor":13,"key":"Meat on the Bone"},{"floor":23,"key":"InkBottle"},{"floor":25,"key":"Shuriken"},{"floor":26,"key":"Ancient Tea Set"},{"floor":40,"key":"Singing Bowl"},{"floor":43,"key":"StrikeDummy"},{"floor":47,"key":"CaptainsWheel"},{"floor":54,"key":"Anchor"}],"event_choices":[{"damage_healed":0,"gold_gain":0,"player_choice":"Cursed","damage_taken":0,"max_hp_gain":0,"max_hp_loss":0,"event_name":"Wheel of Change","floor":3,"gold_loss":0,"cards_obtained":["Decay"]},{"damage_healed":0,"gold_gain":0,"player_choice":"Bought 1 Potion","damage_taken":0,"max_hp_gain":0,"max_hp_loss":0,"event_name":"The Woman in Blue","floor":5,"gold_loss":0},{"damage_healed":0,"gold_gain":0,"player_choice":"Gave Potion","damage_taken":0,"relics_obtained":["Toxic Egg 2"],"max_hp_gain":0,"max_hp_loss":0,"event_name":"WeMeetAgain","floor":14,"gold_loss":0},{"damage_healed":0,"gold_gain":0,"player_choice":"Opened","damage_taken":0,"relics_obtained":["Old Coin"],"max_hp_gain":0,"max_hp_loss":0,"event_name":"The Mausoleum","floor":30,"gold_loss":0,"cards_obtained":["Writhe"]},{"damage_healed":0,"gold_gain":0,"player_choice":"Ignored","damage_taken":0,"max_hp_gain":0,"max_hp_loss":0,"event_name":"Tomb of Lord Red Mask","floor":38,"gold_loss":0},{"cards_removed":["PiercingWail"],"damage_healed":0,"gold_gain":0,"player_choice":"Removed Skill","damage_taken":0,"max_hp_gain":0,"max_hp_loss":0,"event_name":"Falling","floor":39,"gold_loss":0},{"damage_healed":0,"gold_gain":0,"player_choice":"Fight","damage_taken":0,"max_hp_gain":0,"max_hp_loss":0,"event_name":"MindBloom","floor":47,"gold_loss":0}],"is_beta":false,"boss_relics":[{"not_picked":["Snecko Eye","Ectoplasm"],"picked":"HoveringKite"},{"not_picked":["Sozu","Runic Dome"],"picked":"Astrolabe"}],"items_purged_floors":[36,46],"is_endless":false,"potions_floor_spawned":[1,2,6,12,16,19,23,24,25,29,37,40,47,54],"ascension_level":1}}