{"host":"1q02rw1wpi0nrsss","time":1612211726,"event":{"mods":["AchievementEnabler","BaseMod","Better Note","Custom Start","Dark Map","DeckTracker","Disable Question Mark Monsters","Hermit","Minty Spire (QoL Compilation)","Permanent Neow","Quick Restart","Rare Cards Sparkle","Relic Stats","StSLib"],"gold_per_floor":[369,51,66,66,66,93,93,126,126,143,159,173,173,185,185,287,287,303,328,328,343,343,343,361,386,386,405,405,211,211,221,221,319,319,338,338,338,348,348,348],"floor_reached":39,"language":"ENG","playtime":1931,"items_purged":["hermit:Strike_Hermit"],"score":461,"play_id":"8fca2b52-d542-49f0-a95b-129b4a608706","local_time":"20210201123526","is_ascension_mode":false,"campfire_choices":[{"data":"hermit:Snapshot","floor":7.0,"key":"SMITH"},{"floor":13.0,"key":"REST"},{"floor":15.0,"key":"REST"},{"floor":23.0,"key":"REST"},{"floor":28,"key":"REST"},{"data":"hermit:GhostlyPresence","floor":30,"key":"SMITH"},{"data":"hermit:Vantage","floor":32,"key":"SMITH"}],"circlet_count":0,"master_deck":["hermit:Strike_Hermit","hermit:Strike_Hermit","hermit:Strike_Hermit","hermit:Defend_Hermit","hermit:Defend_Hermit","hermit:Defend_Hermit","hermit:Defend_Hermit","hermit:Snapshot+1","hermit:Covet","Parasite","hermit:TakeAim","hermit:CursedWeapon+1","hermit:Magnum+1","hermit:Grudge+1","hermit:Vantage+1","hermit:GoldenBullet+1","hermit:Ricochet+1","hermit:GhostlyPresence+1","hermit:FlashPowder+1"],"relics":["hermit:Momento","Molten Egg 2","Blood Vial","Darkstone Periapt","Pantograph","SacredBark","Red Mask","MutagenicStrength","StoneCalendar","hermit:DentedPlate"],"acts_visited":["Exordium","TheCity","TheBeyond"],"potions_floor_usage":[33,33,39],"damage_taken":[{"damage":0.0,"enemies":"Cultist","floor":1.0,"turns":4.0},{"damage":11.0,"enemies":"2 Louse","floor":3.0,"turns":3.0},{"damage":23.0,"enemies":"Lagavulin","floor":6.0,"turns":5.0},{"damage":24.0,"enemies":"3 Sentries","floor":8.0,"turns":7.0},{"damage":3.0,"enemies":"Jaw Worm","floor":10.0,"turns":2.0},{"damage":2.0,"enemies":"2 Fungi Beasts","floor":11.0,"turns":3.0},{"damage":8.0,"enemies":"Exordium Wildlife","floor":12.0,"turns":3.0},{"damage":2.0,"enemies":"Large Slime","floor":14.0,"turns":5.0},{"damage":23.0,"enemies":"The Guardian","floor":16.0,"turns":12.0},{"damage":12.0,"enemies":"Shell Parasite","floor":18.0,"turns":6.0},{"damage":25.0,"enemies":"Masked Bandits","floor":19.0,"turns":6.0},{"damage":3.0,"enemies":"Chosen","floor":21.0,"turns":3.0},{"damage":2.0,"enemies":"Snake Plant","floor":24.0,"turns":2.0},{"damage":19.0,"enemies":"Slavers","floor":25.0,"turns":6.0},{"damage":4,"enemies":"Cultist and Chosen","floor":27,"turns":4},{"damage":12,"enemies":"Centurion and Healer","floor":31,"turns":5},{"damage":54,"enemies":"Automaton","floor":33,"turns":7},{"damage":24,"enemies":"3 Darklings","floor":35,"turns":7},{"damage":4,"enemies":"Orb Walker","floor":38,"turns":4},{"damage":35,"enemies":"Spire Growth","floor":39,"turns":4}],"seed_played":"-7801271001499706074","potions_obtained":[{"floor":3.0,"key":"ColorlessPotion"},{"floor":8.0,"key":"Swift Potion"},{"floor":10.0,"key":"FearPotion"},{"floor":12.0,"key":"BlessingOfTheForge"},{"floor":16.0,"key":"Energy Potion"},{"floor":19.0,"key":"Weak Potion"},{"floor":24.0,"key":"BlessingOfTheForge"},{"floor":27,"key":"PowerPotion"}],"is_trial":false,"path_per_floor":["M","$","M","?","$","E","R","E","T","M","M","M","R","M","R","B",null,"M","?","?","M","?","R","M","E","T","M","R","$","R","M","R","B",null,"M","?","?","M","M"],"character_chosen":"HERMIT","items_purchased":["Molten Egg 2","hermit:CursedWeapon+1","hermit:GhostlyPresence","PowerPotion"],"campfire_rested":4,"item_purchase_floors":[2,2,29,29],"current_hp_per_floor":[75,75,64,64,64,41,41,19,19,18,18,12,34,34,56,52,75,63,40,40,39,39,61,61,44,44,42,64,64,64,54,54,21,53,31,31,31,29,0,0],"gold":348,"neow_bonus":"TWO_FIFTY_GOLD","is_daily":false,"chose_seed":false,"campfire_upgraded":3,"win_rate":0.0,"timestamp":1612211726,"path_taken":["M","$","?","?","$","E","R","E","T","?","?","M","R","M","R","BOSS","M","?","?","M","?","R","M","E","T","M","R","$","R","M","R","BOSS","M","?","?","M","M"],"items_purchased_type":["Relic","Card","Card","Potion"],"build_version":"2020-12-22","purchased_purges":1,"victory":false,"max_hp_per_floor":[75,75,75,75,75,75,75,75,75,75,75,75,75,75,75,75,75,75,75,75,75,75,75,75,75,75,75,75,75,75,75,75,75,107,107,107,107,107,107,107],"relic_stats":{"Blood Vial":28,"Darkstone Periapt":0,"counters":[20,98],"Pantograph":40,"StoneCalendar":[44],"obtain_stats":[{"Blood Vial":6,"Darkstone Periapt":8,"hermit:DentedPlate":34,"Pantograph":9,"SacredBark":17,"MutagenicStrength":22,"Molten Egg 2":2,"StoneCalendar":25,"Red Mask":19,"hermit:Momento":0},{"Blood Vial":3,"Darkstone Periapt":4,"hermit:DentedPlate":17,"Pantograph":4,"SacredBark":9,"MutagenicStrength":12,"Molten Egg 2":1,"StoneCalendar":14,"Red Mask":11,"hermit:Momento":0},{"Blood Vial":12,"Darkstone Periapt":19,"hermit:DentedPlate":83,"Pantograph":19,"SacredBark":44,"MutagenicStrength":59,"Molten Egg 2":4,"StoneCalendar":67,"Red Mask":56,"hermit:Momento":0}]},"card_choices":[{"not_picked":["hermit:Combo","hermit:Ricochet"],"picked":"hermit:TakeAim","floor":1.0},{"not_picked":["hermit:Malice+1","hermit:NoHoldsBarred+1","hermit:Virtue"],"picked":"SKIP","floor":3.0},{"not_picked":["hermit:SprayPray+1","hermit:Midnight","hermit:DeadMansHand"],"picked":"SKIP","floor":6.0},{"not_picked":["hermit:TrackingShot+1","hermit:WideOpen+1"],"picked":"hermit:Grudge+1","floor":8.0},{"not_picked":["hermit:HighCaliber+1","hermit:DeadMansHand"],"picked":"hermit:Vantage","floor":10.0},{"not_picked":["hermit:Glare","hermit:Coalescence","hermit:LowProfile"],"picked":"SKIP","floor":11.0},{"not_picked":["hermit:Roughhouse+1","hermit:Ricochet+1","hermit:NoHoldsBarred+1"],"picked":"SKIP","floor":12.0},{"not_picked":["hermit:Coalescence","hermit:ItchyTrigger+1","hermit:Shortfuse+1"],"picked":"SKIP","floor":14.0},{"not_picked":["hermit:Coalescence","hermit:ItchyTrigger+1","hermit:Shortfuse+1"],"picked":"SKIP","floor":14.0},{"not_picked":["hermit:ItchyTrigger+1","hermit:WideOpen+1"],"picked":"hermit:GoldenBullet+1","floor":18.0},{"not_picked":["hermit:ItchyTrigger+1","hermit:Roulette+1"],"picked":"hermit:Ricochet+1","floor":19.0},{"not_picked":["hermit:WideOpen+1","hermit:ItchyTrigger+1","hermit:Feint"],"picked":"SKIP","floor":21.0},{"not_picked":["hermit:ItchyTrigger+1","hermit:Headshot+1","hermit:Virtue+1"],"picked":"SKIP","floor":24.0},{"not_picked":["hermit:BodyArmor+1","hermit:HoleUp","hermit:Showdown+1"],"picked":"SKIP","floor":25.0},{"not_picked":["hermit:Gestalt","hermit:Roulette+1","hermit:TakeAim"],"picked":"SKIP","floor":27},{"not_picked":["hermit:Headshot+1","hermit:Horror"],"picked":"hermit:FlashPowder+1","floor":31},{"not_picked":["hermit:Vantage","hermit:LoneWolf","hermit:ItchyTrigger+1"],"picked":"SKIP","floor":35},{"not_picked":["hermit:Coalescence+1","hermit:BodyArmor+1","hermit:Dive"],"picked":"SKIP","floor":38}],"player_experience":427007,"relics_obtained":[{"floor":6.0,"key":"Blood Vial"},{"floor":8.0,"key":"Darkstone Periapt"},{"floor":9.0,"key":"Pantograph"},{"floor":19.0,"key":"Red Mask"},{"floor":25.0,"key":"StoneCalendar"}],"event_choices":[{"damage_healed":0.0,"max_hp_gain":0.0,"max_hp_loss":0.0,"gold_gain":0.0,"event_name":"betterNote:BetterNote","player_choice":"Take","floor":4.0,"gold_loss":0.0,"damage_taken":0.0,"cards_obtained":["hermit:Magnum"]},{"damage_healed":0.0,"max_hp_gain":0.0,"max_hp_loss":0.0,"gold_gain":0.0,"event_name":"Masked Bandits","player_choice":"Fought Bandits","floor":19.0,"gold_loss":0.0,"damage_taken":0.0},{"damage_healed":0.0,"max_hp_gain":0.0,"max_hp_loss":0.0,"gold_gain":0.0,"event_name":"Ghosts","player_choice":"Ignored","floor":20.0,"gold_loss":0.0,"damage_taken":0.0},{"damage_healed":0.0,"max_hp_gain":0.0,"max_hp_loss":0.0,"gold_gain":0.0,"event_name":"Drug Dealer","player_choice":"Inject Mutagens","floor":22.0,"gold_loss":0.0,"damage_taken":0.0,"relics_obtained":["MutagenicStrength"]},{"damage_healed":0,"gold_gain":0,"player_choice":"Memory 1","damage_taken":0,"max_hp_gain":0,"max_hp_loss":0,"event_name":"SensoryStone","floor":36,"gold_loss":0},{"damage_healed":0,"gold_gain":0,"player_choice":"Ignored","damage_taken":0,"max_hp_gain":0,"max_hp_loss":0,"event_name":"SecretPortal","floor":37,"gold_loss":0}],"is_beta":false,"boss_relics":[{"not_picked":["Philosopher\u0027s Stone","Calling Bell"],"picked":"SacredBark"},{"not_picked":["Fusion Hammer","Snecko Eye"],"picked":"hermit:DentedPlate"}],"items_purged_floors":[29],"is_endless":false,"potions_floor_spawned":[3,8,10,12,16,19,24,27],"killed_by":"Spire Growth","ascension_level":0}}