{"host":"jwbw4f4imxd0v0b0","time":1612155731,"event":{"mods":["BaseMod","Colored Map","Highlight Path","Minty Spire (QoL Compilation)","Relic Stats","StSLib"],"gold_per_floor":[118,134,134,134,148,148,148,166,166,199,199,28,28,53,53,53,53],"floor_reached":16,"language":"ENG","playtime":583,"items_purged":[],"score":200,"play_id":"682fae90-62c9-4049-98b2-48b5e6246327","local_time":"20210131230211","is_ascension_mode":true,"campfire_choices":[{"floor":7.0,"key":"REST"},{"floor":11,"key":"REST"},{"data":"Defragment","floor":13,"key":"SMITH"},{"data":"Capacitor","floor":15,"key":"SMITH"}],"circlet_count":0,"master_deck":["AscendersBane","Strike_B","Strike_B","Strike_B","Strike_B","Defend_B","Defend_B","Defend_B","Defend_B","Zap","Dualcast","Barrage","Defragment+1","Coolheaded","Conserve Battery","Capacitor+1","Genetic Algorithm"],"relics":["Cracked Core","Question Card","Golden Idol","Art of War","Orichalcum","Pen Nib","MealTicket"],"acts_visited":["Exordium"],"potions_floor_usage":[10],"damage_taken":[{"damage":7.0,"enemies":"2 Louse","floor":1.0,"turns":4.0},{"damage":12.0,"enemies":"Jaw Worm","floor":2.0,"turns":2.0},{"damage":1.0,"enemies":"Cultist","floor":5.0,"turns":3.0},{"damage":11.0,"enemies":"Exordium Thugs","floor":8.0,"turns":4.0},{"damage":19,"enemies":"3 Sentries","floor":10,"turns":6},{"damage":9,"enemies":"Looter","floor":14,"turns":4},{"damage":30,"enemies":"Hexaghost","floor":16,"turns":9}],"seed_played":"-3538992386537018360","potions_obtained":[{"floor":5.0,"key":"FocusPotion"},{"floor":8.0,"key":"PowerPotion"},{"floor":10,"key":"FearPotion"}],"is_trial":false,"path_per_floor":["M","M","?","?","M","T","R","M","T","E","R","$","R","M","R","B"],"character_chosen":"DEFECT","items_purchased":["MealTicket"],"campfire_rested":2,"item_purchase_floors":[12],"current_hp_per_floor":[64,52,26,26,25,25,46,35,35,16,37,37,37,28,28,0,0],"gold":53,"neow_bonus":"TEN_PERCENT_HP_BONUS","is_daily":false,"chose_seed":false,"campfire_upgraded":2,"win_rate":0.0,"timestamp":1612155731,"path_taken":["M","M","?","?","M","?","R","?","T","E","R","?","R","M","R","BOSS"],"items_purchased_type":["Relic"],"build_version":"2020-12-22","purchased_purges":0,"victory":false,"max_hp_per_floor":[78,78,78,71,71,71,71,71,71,71,71,71,71,71,71,71,71],"relic_stats":{"counters":[7,32],"Golden Idol":19,"MealTicket":0,"Pen Nib":[1],"Art of War":[5],"Orichalcum":[66],"Question Card":4,"obtain_stats":[{"Golden Idol":4,"MealTicket":12,"Pen Nib":10,"Art of War":6,"Orichalcum":9,"Cracked Core":0,"Question Card":3},{"Golden Idol":2,"MealTicket":5,"Pen Nib":5,"Art of War":3,"Orichalcum":4,"Cracked Core":0,"Question Card":2},{"Golden Idol":6,"MealTicket":19,"Pen Nib":19,"Art of War":9,"Orichalcum":13,"Cracked Core":0,"Question Card":6}]},"card_choices":[{"not_picked":["Gash","Chaos"],"picked":"Barrage","floor":1.0},{"not_picked":["Redo","Capacitor"],"picked":"Defragment","floor":2.0},{"not_picked":["Steam","Loop","Sweeping Beam"],"picked":"Coolheaded","floor":5.0},{"not_picked":["Self Repair","Skim","Hologram"],"picked":"Conserve Battery","floor":8.0},{"not_picked":["Consume","Fusion","Hologram"],"picked":"Capacitor","floor":10},{"not_picked":["Rebound","Gash","Redo"],"picked":"Genetic Algorithm","floor":14}],"player_experience":1197201,"relics_obtained":[{"floor":6.0,"key":"Art of War"},{"floor":9.0,"key":"Orichalcum"},{"floor":10,"key":"Pen Nib"}],"event_choices":[{"damage_healed":0.0,"max_hp_gain":0.0,"max_hp_loss":0.0,"gold_gain":0.0,"event_name":"Scrap Ooze","player_choice":"Success","floor":3.0,"gold_loss":0.0,"damage_taken":26.0,"relics_obtained":["Question Card"]},{"damage_healed":0.0,"max_hp_gain":0.0,"max_hp_loss":7.0,"gold_gain":0.0,"event_name":"Golden Idol","player_choice":"Lose Max HP","floor":4.0,"gold_loss":0.0,"damage_taken":0.0,"relics_obtained":["Golden Idol"]}],"is_beta":false,"boss_relics":[],"items_purged_floors":[],"is_endless":false,"potions_floor_spawned":[5,8,10],"killed_by":"Hexaghost","ascension_level":20}}