{"host":"qheym18ww6mhskxf","time":1612181718,"event":{"mods":["100% Spire Juice","BaseMod","CapriCore","Friendly Minions","GungeonMod","KOR Keyword Fix","Kiyohime£¨?ýï£©","Minty Spire (QoL Compilation)","Prisma Mod","Quick Restart","RRrroohrrRGHHhhh!!","Rare Cards Sparkle","Shop Mod","Spicy Shops","StSLib","Td1madao Mod","The Dragon Tamer","Username Fix"],"gold_per_floor":[113,188,206,25,37,37,37,66,66,66,91,103,115,153,165,273,285,311,337,142,153,184,215,32,32,32,58,58,88,88,121,121,227,227,242,142,142,142,13,13,44,44,44,55,81,117,144,156,156,253,253,267,281,281,311,371,401,401,432,432,382,382,174,174,285,285,384,384,395,395,410,77,93,93,113,113,357,372,387,438,461,695,695,791,791,807,502,515,532,544,544,780,791,1047,1058,1296,1045,1259,1259,1259,1362,1362,1379,1410,1469,1469,1469],"floor_reached":106,"language":"KOR","playtime":3475,"items_purged":["DemoMod:Strike_Huntress","DemoMod:Strike_Huntress","DemoMod:Defend_Huntress","DemoMod:Defend_Huntress","DemoMod:CrossBow","Injury","DemoMod:Roll+1","Writhe"],"score":4637,"play_id":"d1000679-bcde-46c3-a20b-1d348cc96f37","local_time":"20210201211518","daily_mods":["Heirloom","Time Dilation","DeadlyEvents","Elite Swarm"],"is_ascension_mode":true,"campfire_choices":[{"data":"PrismaMod:ChloeGaeBolg","floor":6.0,"key":"SMITH"},{"data":"DemoMod:RustySidearm","floor":10.0,"key":"SMITH"},{"data":"DemoMod:Gungine","floor":12.0,"key":"SMITH"},{"floor":15.0,"key":"REST"},{"floor":30.0,"key":"DIG"},{"data":"PrismaMod:ChloeCarnivalDefend","floor":32.0,"key":"SMITH"},{"data":"DemoMod:Roll","floor":40.0,"key":"SMITH"},{"floor":42.0,"key":"DIG"},{"floor":49,"key":"DIG"},{"data":"PrismaMod:ChloeCarnivalDefend","floor":58,"key":"SMITH"},{"floor":62,"key":"DIG"},{"floor":66,"key":"DIG"},{"data":"Panacea","floor":74,"key":"SMITH"},{"floor":76,"key":"DIG"},{"data":"DemoMod:GunslingerForm","floor":83,"key":"SMITH"},{"floor":91,"key":"DIG"},{"data":"DemoMod:FullFirepower","floor":100,"key":"SMITH"}],"circlet_count":0,"master_deck":["DemoMod:ManualReload+1","PrismaMod:ChloeGaeBolg+1","DemoMod:Gungine+1","PrismaMod:ChloeCarnivalDefend+1","DemoMod:Gungine+1","PrismaMod:ChloeCheapAttack+1","PrismaMod:ChloeCarnivalDefend+1","Panacea+1","DemoMod:GunslingerForm+1","DemoMod:FullFirepower+1","DemoMod:BSG"],"relics":["DemoMod:Dog","DemoMod:HipHolster","Membership Card","DemoMod:Bottle","Bag of Marbles","DemoMod:HoleyGrail","DemoMod:WaxWing","MerchantsRug","Shovel","Lantern","Potion Belt","DemoMod:OrangeGuonStone","HandDrill","Mercury Hourglass","Blood Vial","DemoMod:GlassGuonStoneRelic","DemoMod:GundromedaStrain","CaptainsWheel","InkBottle","Eternal Feather","DemoMod:RedGuonStone","TheAbacus","Singing Bowl","FossilizedHelix","HornCleat","DemoMod:RiddleOfLead","Medical Kit","DemoMod:CrisisStone","DemoMod:Plus1Bullets","Sundial","StoneCalendar","rorgmod:Ceramic Fish","Pen Nib","Toy Ornithopter","rorgmod:Black Star","DemoMod:SilverBullets","ClockworkSouvenir","Ancient Tea Set","DemoMod:WhiteGuonStone","PreservedInsect","MealTicket","Calipers","Letter Opener","Bottled Lightning","DemoMod:Metronome","Sling","Coffee Dripper","Unceasing Top","Thread and Needle","Frozen Egg 2","Strange Spoon","Nunchaku","Orichalcum","Philosopher\u0027s Stone","Bronze Scales","Toxic Egg 2"],"acts_visited":["Exordium","TheCity","TheBeyond","Exordium","TheCity","TheBeyond","Exordium"],"potions_floor_usage":[50,50,72],"damage_taken":[{"damage":4.0,"enemies":"Small Slimes","floor":1.0,"turns":4.0},{"damage":7.0,"enemies":"Jaw Worm","floor":3.0,"turns":4.0},{"damage":0.0,"enemies":"Cultist","floor":5.0,"turns":4.0},{"damage":1.0,"enemies":"Gremlin Nob","floor":8.0,"turns":4.0},{"damage":6.0,"enemies":"Lagavulin","floor":11.0,"turns":5.0},{"damage":10.0,"enemies":"3 Sentries","floor":14.0,"turns":4.0},{"damage":21.0,"enemies":"The Guardian","floor":16.0,"turns":5.0},{"damage":0.0,"enemies":"Shell Parasite","floor":18.0,"turns":2.0},{"damage":0.0,"enemies":"2 Thieves","floor":19.0,"turns":2.0},{"damage":0.0,"enemies":"3 Cultists","floor":21.0,"turns":3.0},{"damage":4.0,"enemies":"Sentry and Sphere","floor":22.0,"turns":8.0},{"damage":0.0,"enemies":"Slavers","floor":23.0,"turns":4.0},{"damage":0.0,"enemies":"Book of Stabbing","floor":27.0,"turns":2.0},{"damage":17.0,"enemies":"Slavers","floor":29.0,"turns":2.0},{"damage":0.0,"enemies":"Book of Stabbing","floor":31.0,"turns":1.0},{"damage":0.0,"enemies":"Collector","floor":33.0,"turns":2.0},{"damage":0.0,"enemies":"Orb Walker","floor":35.0,"turns":1.0},{"damage":0.0,"enemies":"Nemesis","floor":41.0,"turns":2.0},{"damage":0,"enemies":"3 Shapes","floor":44,"turns":2},{"damage":0,"enemies":"Reptomancer","floor":45,"turns":2},{"damage":0,"enemies":"Giant Head","floor":46,"turns":4},{"damage":0,"enemies":"Reptomancer","floor":47,"turns":2},{"damage":0,"enemies":"Writhing Mass","floor":48,"turns":2},{"damage":0,"enemies":"Donu and Deca","floor":50,"turns":4},{"damage":0,"enemies":"2 Louse","floor":52,"turns":1},{"damage":0,"enemies":"Jaw Worm","floor":53,"turns":1},{"damage":0,"enemies":"3 Sentries","floor":55,"turns":1},{"damage":0,"enemies":"Lagavulin","floor":57,"turns":1},{"damage":0,"enemies":"3 Sentries","floor":59,"turns":2},{"damage":0,"enemies":"Gremlin Nob","floor":65,"turns":1},{"damage":0,"enemies":"Hexaghost","floor":67,"turns":2},{"damage":0,"enemies":"Spheric Guardian","floor":69,"turns":1},{"damage":0,"enemies":"Shell Parasite","floor":71,"turns":1},{"damage":0,"enemies":"Shelled Parasite and Fungi","floor":73,"turns":2},{"damage":0,"enemies":"Centurion and Healer","floor":75,"turns":1},{"damage":0,"enemies":"Gremlin Leader","floor":77,"turns":1},{"damage":0,"enemies":"Snecko","floor":78,"turns":1},{"damage":0,"enemies":"Snake Plant","floor":79,"turns":1},{"damage":0,"enemies":"Centurion and Healer","floor":80,"turns":1},{"damage":0,"enemies":"Book of Stabbing","floor":82,"turns":2},{"damage":0,"enemies":"Collector","floor":84,"turns":3},{"damage":0,"enemies":"Orb Walker","floor":86,"turns":1},{"damage":0,"enemies":"3 Shapes","floor":88,"turns":2},{"damage":0,"enemies":"Spire Growth","floor":89,"turns":2},{"damage":0,"enemies":"Jaw Worm Horde","floor":90,"turns":1},{"damage":0,"enemies":"Reptomancer","floor":92,"turns":1},{"damage":0,"enemies":"Sphere and 2 Shapes","floor":93,"turns":2},{"damage":0,"enemies":"Nemesis","floor":94,"turns":1},{"damage":0,"enemies":"Writhing Mass","floor":95,"turns":2},{"damage":0,"enemies":"Reptomancer","floor":96,"turns":2},{"damage":0,"enemies":"Nemesis","floor":98,"turns":1},{"damage":0,"enemies":"Donu and Deca","floor":101,"turns":3},{"damage":0,"enemies":"Jaw Worm","floor":103,"turns":1},{"damage":0,"enemies":"2 Louse","floor":104,"turns":3},{"damage":0,"enemies":"3 Sentries","floor":105,"turns":1},{"damage":0,"enemies":"2 Louse","floor":106,"turns":1}],"seed_played":"3373396739081423727","potions_obtained":[{"floor":5.0,"key":"BlessingOfTheForge"},{"floor":14.0,"key":"SmokeBomb"},{"floor":16.0,"key":"LiquidBronze"},{"floor":19.0,"key":"PowerPotion"},{"floor":23.0,"key":"SteroidPotion"},{"floor":29.0,"key":"EntropicBrew"},{"floor":41.0,"key":"Weak Potion"},{"floor":44,"key":"LiquidMemories"},{"floor":45,"key":"Strength Potion"},{"floor":48,"key":"Fire Potion"},{"floor":53,"key":"SkillPotion"},{"floor":59,"key":"Strength Potion"},{"floor":67,"key":"FearPotion"},{"floor":71,"key":"Fire Potion"},{"floor":72,"key":"DuplicationPotion"},{"floor":72,"key":"EntropicBrew"},{"floor":72,"key":"EssenceOfSteel"},{"floor":72,"key":"LiquidMemories"},{"floor":72,"key":"Ancient Potion"},{"floor":75,"key":"DistilledChaos"},{"floor":78,"key":"DemoMod:LeadSkinPotion"},{"floor":84,"key":"SpeedPotion"},{"floor":86,"key":"EssenceOfSteel"},{"floor":90,"key":"ColorlessPotion"},{"floor":93,"key":"Block Potion"},{"floor":95,"key":"Swift Potion"}],"is_trial":true,"path_per_floor":["M","?","M","$","M","R","T","E","T","R","E","R","?","E","R","B",null,"M","M","$","M","?","E","$","?","T","E","?","E","R","E","R","B",null,"M","$","?","?","$","R","E","R","T","M","E","E","E","M","R","B",null,"M","M","?","E","$","E","R","E","T","?","R","$","?","E","R","B",null,"M","?","M","$","M","R","M","R","E","M","M","M","$","E","R","B",null,"M","$","M","M","M","R","E","M","E","M","E","$","E","?","R","B",null,"M","?","?","M"],"character_chosen":"HUNTRESS","items_purchased":["Membership Card","MerchantsRug","Shovel","Lantern","Potion Belt","DemoMod:OrangeGuonStone","HandDrill","Eternal Feather","DemoMod:RedGuonStone","TheAbacus","Singing Bowl","Medical Kit","DemoMod:CrisisStone","DemoMod:Plus1Bullets","rorgmod:Ceramic Fish","Pen Nib","ClockworkSouvenir","Cauldron","Ancient Tea Set","DemoMod:WhiteGuonStone","PreservedInsect","Panacea","MealTicket","DemoMod:Metronome","Sling","Unceasing Top","Thread and Needle","Lee\u0027s Waffle","Frozen Egg 2","Strange Spoon","Nunchaku","Orichalcum"],"campfire_rested":1,"item_purchase_floors":[4,20,20,20,24,24,24,36,36,36,39,56,56,56,63,63,72,72,72,72,72,72,72,81,81,87,87,87,97,97,97,97],"current_hp_per_floor":[59,48,41,41,41,41,41,40,52,52,46,46,30,20,44,23,67,67,67,67,67,63,63,63,63,63,63,63,48,48,50,50,52,75,77,77,77,77,77,80,84,84,84,84,86,88,90,92,92,94,104,106,108,108,110,110,110,110,112,112,112,112,112,112,114,114,116,116,118,118,120,120,122,122,124,124,124,126,128,130,130,132,132,134,134,136,143,145,147,149,149,151,153,155,157,157,157,157,149,149,151,151,153,155,157,157,157],"gold":1469,"neow_bonus":"","is_daily":false,"chose_seed":false,"campfire_upgraded":9,"win_rate":0.0,"timestamp":1612181718,"path_taken":["M","?","M","$","M","R","?","E","T","R","?","R","?","E","R","BOSS","M","M","$","M","?","E","$","?","T","E","?","E","R","?","R","BOSS","M","$","?","?","$","R","E","R","T","M","E","?","E","?","R","BOSS","M","?","?","?","$","E","R","E","T","?","R","$","?","?","R","BOSS","M","?","M","$","M","R","?","R","E","M","M","M","$","E","R","BOSS","M","$","M","?","M","R","E","M","E","M","E","$","E","?","R","BOSS","M","?","?","?"],"items_purchased_type":["Relic","Relic","Relic","Relic","Relic","Relic","Relic","Relic","Relic","Relic","Relic","Relic","Relic","Relic","Relic","Relic","Relic","Relic","Relic","Relic","Relic","Card","Relic","Relic","Relic","Relic","Relic","Relic","Relic","Relic","Relic","Relic"],"build_version":"2020-12-22","purchased_purges":8,"victory":false,"max_hp_per_floor":[70,70,70,70,70,70,70,70,82,82,82,82,82,82,82,82,82,82,82,82,82,82,82,82,82,82,82,82,82,82,82,82,82,82,82,82,82,82,82,82,84,84,84,84,86,88,90,92,92,94,104,106,108,108,110,110,110,110,112,112,112,112,112,112,114,114,116,116,118,118,120,120,122,122,124,124,124,126,128,130,130,132,132,134,134,136,143,145,147,149,149,151,153,155,157,157,157,157,149,149,151,151,153,155,157,157,157],"card_choices":[{"not_picked":["DemoMod:BoxingGlove","DemoMod:StickyCrossBow","PrismaMod:ChloeCommonAOEAttack"],"picked":"SKIP","floor":1.0},{"not_picked":["PrismaMod:ChloeRhongomyniad","PrismaMod:ChloeDiscardRecovery","DemoMod:HardPowerCard"],"picked":"SKIP","floor":3.0},{"not_picked":["PrismaMod:ChloeRuleBreaker","DemoMod:SpreadAmmo"],"picked":"PrismaMod:ChloeGaeBolg","floor":5.0},{"not_picked":["DemoMod:DoubleVision","PrismaMod:ChloeCarnivalAttack","PrismaMod:ChloeDoubleRelicSpeed"],"picked":"SKIP","floor":8.0},{"not_picked":["DemoMod:DoubleVision","PrismaMod:ChloeDevil"],"picked":"DemoMod:Gungine","floor":11.0},{"not_picked":["PrismaMod:ChloeAnySkillTrace","PrismaMod:ChloeUnlimitedBladeWorks","DemoMod:SuppressiveFire"],"picked":"SKIP","floor":14.0},{"not_picked":["PrismaMod:ChloeAnySkillTrace","PrismaMod:ChloeUnlimitedBladeWorks","DemoMod:SuppressiveFire"],"picked":"SKIP","floor":14.0},{"not_picked":["DemoMod:FastSwitch","DemoMod:Camera+1","DemoMod:Unity+1"],"picked":"SKIP","floor":18.0},{"not_picked":["DemoMod:ShadowBullets","DemoMod:ZorGun","DemoMod:BattleInHaste"],"picked":"SKIP","floor":19.0},{"not_picked":["DemoMod:HuntsMan","DemoMod:Unmoved","PrismaMod:ChloeCommonAOEAttack"],"picked":"SKIP","floor":21.0},{"not_picked":["DemoMod:FortunesFavor","PrismaMod:ChloeExhaustOne","DemoMod:Unmoved+1"],"picked":"SKIP","floor":22.0},{"not_picked":["DemoMod:SuppressiveFire","PrismaMod:ChloeAnyAttackTrace","PrismaMod:ChloeAnyCommonTrace"],"picked":"SKIP","floor":23.0},{"not_picked":["PrismaMod:ChloeCarnivalAttack","DemoMod:GunslingerForm","DemoMod:Elimentaler"],"picked":"SKIP","floor":27.0},{"not_picked":["PrismaMod:ChloeReshuffleDiscard","DemoMod:GunslingerForm","DemoMod:BlankBullets"],"picked":"SKIP","floor":29.0},{"not_picked":["PrismaMod:ChloeAnyRareTrace","PrismaMod:ChloeDevil"],"picked":"PrismaMod:ChloeCarnivalDefend","floor":31.0},{"not_picked":["DemoMod:DarkMarker","PrismaMod:ChloeExhaustThree"],"picked":"DemoMod:Gungine","floor":33.0},{"not_picked":["DemoMod:Casey+1","DemoMod:GunstockTap","DemoMod:SniperShot+1"],"picked":"SKIP","floor":35.0},{"not_picked":["DemoMod:SuppressiveFire","PrismaMod:ChloeDevil","PrismaMod:ChloeAnyPowerTrace"],"picked":"Singing Bowl","floor":41.0},{"not_picked":["DemoMod:AC15+1","DemoMod:ConditionalReflex"],"picked":"PrismaMod:ChloeCheapAttack+1","floor":44},{"not_picked":["DemoMod:BSG","PrismaMod:ChloeAnySkillTrace","PrismaMod:ChloeDoubleRelicSpeed"],"picked":"Singing Bowl","floor":45},{"not_picked":["PrismaMod:ChloeAnyAttackTrace","DemoMod:BlackHoleGun","PrismaMod:ChloeAnyPowerTrace"],"picked":"Singing Bowl","floor":46},{"not_picked":["PrismaMod:ChloeAnyCommonTrace","DemoMod:FightSabre","PrismaMod:ChloeUnlimitedBladeWorks"],"picked":"Singing Bowl","floor":47},{"not_picked":["PrismaMod:ChloeExhaustOne+1","PrismaMod:ChloeMordred","PrismaMod:ChloeRuleBreaker"],"picked":"Singing Bowl","floor":48},{"not_picked":["PrismaMod:ChloeUnlimitedBladeWorks","PrismaMod:ChloeDevil","DemoMod:Desperate"],"picked":"Singing Bowl","floor":50},{"not_picked":["DemoMod:Camera","DemoMod:Casey","DemoMod:Ejector"],"picked":"Singing Bowl","floor":52},{"not_picked":["DemoMod:TableSutra","DemoMod:FeignSurrender","DemoMod:Evolver"],"picked":"Singing Bowl","floor":53},{"not_picked":["DemoMod:BalloonGun","DemoMod:FightSabre","DemoMod:ThirdPartyController"],"picked":"Singing Bowl","floor":55},{"not_picked":["PrismaMod:ChloeCarnivalAOEAttack","PrismaMod:ChloeDoubleRelicSpeed"],"picked":"PrismaMod:ChloeCarnivalDefend","floor":57},{"not_picked":["PrismaMod:ChloeCarnivalDefend","DemoMod:GunslingerForm","DemoMod:Slinger"],"picked":"Singing Bowl","floor":59},{"not_picked":["PrismaMod:ChloeDoubleRelicSpeed","PrismaMod:ChloeAnyCommonTrace","DemoMod:Gungine"],"picked":"Singing Bowl","floor":65},{"not_picked":["DemoMod:DoubleVision","DemoMod:DarkMarker","PrismaMod:ChloeAnyUncommonTrace"],"picked":"Singing Bowl","floor":67},{"not_picked":["PrismaMod:ChloeRitsuka","DemoMod:MachoBrace","DemoMod:Ejector"],"picked":"Singing Bowl","floor":69},{"not_picked":["DemoMod:PotionOfGunFriendShip","DemoMod:HuntsMan","DemoMod:Purify"],"picked":"Singing Bowl","floor":71},{"not_picked":["PrismaMod:ChloeCheapDefend+1","DemoMod:Casey","DemoMod:FeignSurrender"],"picked":"Singing Bowl","floor":73},{"not_picked":["PrismaMod:ChloeCheapAttackTwo","PrismaMod:ChloeMaid","DemoMod:HighKaliber"],"picked":"Singing Bowl","floor":75},{"not_picked":["DemoMod:BalloonGun","DemoMod:DarkMarker"],"picked":"DemoMod:GunslingerForm","floor":77},{"not_picked":["PrismaMod:ChloeRuleBreaker","DemoMod:Purify","DemoMod:Replace+1"],"picked":"Singing Bowl","floor":78},{"not_picked":["DemoMod:BattleInHaste","DemoMod:Unmoved","DemoMod:StickyCrossBow+1"],"picked":"Singing Bowl","floor":79},{"not_picked":["DemoMod:DoubleSwitch+1","PrismaMod:ChloeExhaustThree","DemoMod:FeignSurrender+1"],"picked":"Singing Bowl","floor":80},{"not_picked":["DemoMod:DarkMarker","DemoMod:Gungine","PrismaMod:ChloeUnlimitedBladeWorks"],"picked":"Singing Bowl","floor":82},{"not_picked":["PrismaMod:ChloeAnyPowerTrace","DemoMod:SuppressiveFire","DemoMod:BulletBore"],"picked":"Singing Bowl","floor":84},{"not_picked":["DemoMod:DirectionalPad+1","DemoMod:PracticeMakesPerfect","DemoMod:Unity"],"picked":"Singing Bowl","floor":86},{"not_picked":["DemoMod:StickyCrossBow","DemoMod:AWP+1","DemoMod:SAA"],"picked":"Singing Bowl","floor":88},{"not_picked":["DemoMod:BoxingGlove","DemoMod:DirectionalPad","DemoMod:TableSutra"],"picked":"Singing Bowl","floor":89},{"not_picked":["DemoMod:BlackHoleGun","DemoMod:SniperShot","DemoMod:Ejector"],"picked":"Singing Bowl","floor":90},{"not_picked":["PrismaMod:ChloeCarnivalAOEAttack","PrismaMod:ChloeGreatTracePools","DemoMod:Gungine"],"picked":"Singing Bowl","floor":92},{"not_picked":["DemoMod:SpreadAmmo+1","DemoMod:SAA","DemoMod:Casey"],"picked":"Singing Bowl","floor":93},{"not_picked":["DemoMod:Gungine","DemoMod:GunslingerForm","PrismaMod:ChloeAnyRareTrace"],"picked":"Singing Bowl","floor":94},{"not_picked":["DemoMod:Unmoved+1","DemoMod:LifeOrb+1","DemoMod:PotionOfGunFriendShip+1"],"picked":"Singing Bowl","floor":95},{"not_picked":["PrismaMod:ChloeHalloween","DemoMod:Slinger"],"picked":"DemoMod:FullFirepower","floor":96},{"not_picked":["DemoMod:BulletBore","DemoMod:Desperate"],"picked":"DemoMod:BSG","floor":98},{"not_picked":["DemoMod:Gungine","PrismaMod:ChloeExhaustThree","PrismaMod:ChloeAnyCommonTrace"],"picked":"Singing Bowl","floor":101},{"not_picked":["PrismaMod:ChloeCaladbolg","DemoMod:GunstockTap","DemoMod:TeaPot"],"picked":"Singing Bowl","floor":103},{"not_picked":["DemoMod:HardPowerCard","DemoMod:AC15","PrismaMod:ChloeDemonicTutor"],"picked":"Singing Bowl","floor":104},{"not_picked":["PrismaMod:ChloeCheapAttack","DemoMod:Unmoved+1","PrismaMod:ChloeGaeBolg"],"picked":"Singing Bowl","floor":105}],"player_experience":466543,"relics_obtained":[{"floor":7.0,"key":"DemoMod:Bottle"},{"floor":8.0,"key":"Bag of Marbles"},{"floor":9.0,"key":"DemoMod:Orange"},{"floor":11.0,"key":"MawBank"},{"floor":14.0,"key":"DemoMod:HoleyGrail"},{"floor":22.0,"key":"DemoMod:Antibody"},{"floor":23.0,"key":"DemoMod:PartiallyEatenCheese"},{"floor":26.0,"key":"Mercury Hourglass"},{"floor":27.0,"key":"Blood Vial"},{"floor":29.0,"key":"DemoMod:GundromedaStrain"},{"floor":30.0,"key":"Blue Candle"},{"floor":31.0,"key":"CaptainsWheel"},{"floor":33.0,"key":"InkBottle"},{"floor":41.0,"key":"FossilizedHelix"},{"floor":42.0,"key":"Bottled Flame"},{"floor":43.0,"key":"HornCleat"},{"floor":45,"key":"DemoMod:AgedBell"},{"floor":46,"key":"DemoMod:SuperHotWatch"},{"floor":47,"key":"DemoMod:VorpalBullet"},{"floor":49,"key":"DemoMod:ResourcefulSack"},{"floor":60,"key":"Sundial"},{"floor":62,"key":"StoneCalendar"},{"floor":66,"key":"Toy Ornithopter"},{"floor":75,"key":"Calipers"},{"floor":76,"key":"Letter Opener"},{"floor":77,"key":"DemoMod:DecoyRelic"},{"floor":77,"key":"Bottled Lightning"},{"floor":91,"key":"Dream Catcher"},{"floor":104,"key":"Bronze Scales"},{"floor":105,"key":"Toxic Egg 2"}],"event_choices":[{"damage_healed":0.0,"max_hp_gain":0.0,"max_hp_loss":0.0,"gold_gain":75.0,"event_name":"World of Goop","player_choice":"Gather Gold","floor":2.0,"gold_loss":0.0,"damage_taken":11.0},{"damage_healed":0.0,"max_hp_gain":0.0,"max_hp_loss":0.0,"gold_gain":0.0,"event_name":"Shining Light","player_choice":"Entered Light","floor":13.0,"gold_loss":0.0,"damage_taken":16.0,"cards_upgraded":["DemoMod:ManualReload","DemoMod:Strike_Huntress"]},{"damage_healed":0.0,"max_hp_gain":0.0,"max_hp_loss":0.0,"gold_gain":0.0,"event_name":"Vampires","player_choice":"Ignored","floor":25.0,"gold_loss":0.0,"damage_taken":0.0},{"cards_removed":["DemoMod:Defend_Huntress"],"damage_healed":0.0,"max_hp_gain":0.0,"max_hp_loss":0.0,"gold_gain":0.0,"event_name":"Bonfire Elementals","player_choice":"Offered Basic","floor":28.0,"gold_loss":0.0,"damage_taken":0.0},{"cards_removed":["DemoMod:Defend_Huntress"],"damage_healed":0.0,"max_hp_gain":0.0,"max_hp_loss":0.0,"gold_gain":0.0,"event_name":"Falling","player_choice":"Removed Skill","floor":37.0,"gold_loss":0.0,"damage_taken":0.0},{"damage_healed":0.0,"max_hp_gain":0.0,"max_hp_loss":0.0,"gold_gain":0.0,"event_name":"Upgrade Shrine","player_choice":"Upgraded","floor":38.0,"gold_loss":0.0,"damage_taken":0.0,"cards_upgraded":["DemoMod:Gungine"]},{"cards_removed":["DemoMod:Strike_Huntress"],"damage_healed":0,"gold_gain":0,"player_choice":"Forget","damage_taken":0,"max_hp_gain":0,"max_hp_loss":0,"event_name":"Living Wall","floor":54,"gold_loss":0},{"cards_removed":["DemoMod:RustySidearm"],"damage_healed":0,"gold_gain":0,"player_choice":"Card Removal","damage_taken":0,"max_hp_gain":0,"max_hp_loss":0,"event_name":"The Cleric","floor":61,"gold_loss":50},{"damage_healed":0,"gold_gain":0,"player_choice":"Ignored","damage_taken":0,"max_hp_gain":0,"max_hp_loss":0,"event_name":"Transmorgrifier","floor":64,"gold_loss":0},{"damage_healed":0,"gold_gain":0,"player_choice":"Opened","damage_taken":0,"relics_obtained":["DemoMod:SilverBullets"],"max_hp_gain":0,"max_hp_loss":0,"event_name":"The Mausoleum","floor":70,"gold_loss":0},{"damage_healed":0,"gold_gain":0,"player_choice":"Max HP","damage_taken":0,"max_hp_gain":0,"max_hp_loss":8,"event_name":"Winding Halls","floor":99,"gold_loss":0},{"damage_healed":0,"gold_gain":0,"player_choice":"Searched \u00271\u0027 times","damage_taken":0,"max_hp_gain":0,"max_hp_loss":0,"event_name":"Dead Adventurer","floor":105,"gold_loss":0}],"is_beta":false,"boss_relics":[{"not_picked":["Ectoplasm","Fusion Hammer"],"picked":"DemoMod:WaxWing"},{"not_picked":["Snecko Eye","Busted Crown"],"picked":"Sozu"},{"not_picked":["DemoMod:Test1","SlaversCollar"],"picked":"DemoMod:RiddleOfLead"},{"not_picked":["Runic Pyramid","SacredBark"],"picked":"rorgmod:Black Star"},{"not_picked":["SlaversCollar","rorgmod:Empty Cage"],"picked":"Coffee Dripper"},{"not_picked":["Astrolabe","Runic Dome"],"picked":"Philosopher\u0027s Stone"}],"items_purged_floors":[4,20,20,24,36,56,63,72],"is_endless":true,"potions_floor_spawned":[5,14,16,19,23,29,31,41,44,45,48,53,59,67,71,75,78,82,84,86,90,93,94,95],"killed_by":"2 Louse","ascension_level":9}}