{"host":"jpcy2bclvs7juczu","time":1612205961,"event":{"mods":["Alarm Clock","BaseMod","Bestiary","Block Reminder","Colored Map","Colored Powertips","Curses Come First","Dark Map","Filter the Spire","Minty Spire (QoL Compilation)","Quick Restart","RNG Fix","Random Character Button","Relic Stats","Slay the Relics Exporter","Smile Girya","StSLib","everything is the same but u backflip on backflip","ojb\u0027s Better Paths Mod","ojb\u0027s Info Mod","slay the spire mod where everything is the same but ironclad has a cowboy hat"],"gold_per_floor":[160,160,179,199,211,211,245,245,299,299,1,19,50,69,69,143,143,154,173,173,190,105,105,133,133,133],"floor_reached":25,"language":"ENG","playtime":596,"items_purged":["Strike_G"],"score":566,"play_id":"17187b09-1e1a-4df0-b405-a25955557db8","local_time":"20210201135921","is_ascension_mode":true,"campfire_choices":[{"data":"Dagger Spray","floor":6.0,"key":"SMITH"},{"data":"Dagger Spray","floor":15,"key":"SMITH"},{"data":"Envenom","floor":23,"key":"SMITH"}],"circlet_count":0,"master_deck":["AscendersBane","Strike_G","Strike_G","Strike_G+1","Strike_G","Defend_G","Defend_G","Defend_G","Defend_G","Defend_G","Survivor","Neutralize","Flying Knee","Dagger Spray+1","Blade Dance","Dagger Spray+1","Blade Dance","Accuracy","Envenom+1","Deflect+1","Phantasmal Killer"],"relics":["Tiny House","Vajra","Blood Vial","Orichalcum","Pen Nib","Coffee Dripper","Boot","Eternal Feather"],"acts_visited":["Exordium","TheCity"],"potions_floor_usage":[13,16,21,21,25],"damage_taken":[{"damage":0.0,"enemies":"2 Louse","floor":1.0,"turns":2.0},{"damage":4.0,"enemies":"Jaw Worm","floor":3.0,"turns":5.0},{"damage":7.0,"enemies":"Small Slimes","floor":4.0,"turns":3.0},{"damage":0.0,"enemies":"3 Louse","floor":5.0,"turns":1.0},{"damage":47.0,"enemies":"Lagavulin","floor":7.0,"turns":6.0},{"damage":2.0,"enemies":"Looter","floor":12.0,"turns":2.0},{"damage":18,"enemies":"Gremlin Nob","floor":13,"turns":4},{"damage":8,"enemies":"Red Slaver","floor":14,"turns":2},{"damage":0,"enemies":"Slime Boss","floor":16,"turns":4},{"damage":5,"enemies":"Spheric Guardian","floor":18,"turns":3},{"damage":2,"enemies":"Chosen","floor":19,"turns":3},{"damage":21,"enemies":"Shelled Parasite and Fungi","floor":21,"turns":3},{"damage":22,"enemies":"Book of Stabbing","floor":24,"turns":4},{"damage":10,"enemies":"Chosen and Byrds","floor":25,"turns":3}],"seed_played":"-6992869513761638264","potions_obtained":[{"floor":0.0,"key":"Explosive Potion"},{"floor":4.0,"key":"DistilledChaos"},{"floor":12.0,"key":"AttackPotion"},{"floor":13,"key":"Explosive Potion"},{"floor":19,"key":"Ancient Potion"},{"floor":24,"key":"EssenceOfSteel"}],"is_trial":false,"path_per_floor":["M","?","M","M","M","R","E","?","T","?","$","M","E","M","R","B",null,"M","M","?","M","?","R","E","M"],"character_chosen":"THE_SILENT","items_purchased":["Orichalcum","PowerPotion"],"campfire_rested":0,"item_purchase_floors":[11,11],"current_hp_per_floor":[64,64,60,53,53,53,6,71,71,76,76,74,58,52,52,54,71,68,68,46,27,27,27,7,0,0],"gold":133,"neow_bonus":"BOSS_RELIC","is_daily":false,"chose_seed":false,"campfire_upgraded":3,"win_rate":0.0,"timestamp":1612205961,"path_taken":["M","?","M","M","M","R","E","?","T","?","$","M","E","M","R","BOSS","M","M","?","M","?","R","E","M"],"items_purchased_type":["Relic","Potion"],"build_version":"2020-12-22","purchased_purges":1,"victory":false,"max_hp_per_floor":[71,71,71,71,71,71,71,71,71,76,76,76,76,76,76,76,76,76,76,81,81,81,81,81,81,81],"relic_stats":{"Blood Vial":16,"counters":[14,45],"Eternal Feather":0,"Pen Nib":[8],"Orichalcum":[96],"Boot":[11],"obtain_stats":[{"Blood Vial":9,"Tiny House":0,"Vajra":7,"Eternal Feather":24,"Pen Nib":13,"Coffee Dripper":17,"Orichalcum":11,"Boot":22,"Ring of the Snake":0},{"Blood Vial":5,"Tiny House":0,"Vajra":5,"Eternal Feather":13,"Pen Nib":7,"Coffee Dripper":9,"Orichalcum":5,"Boot":12,"Ring of the Snake":0},{"Blood Vial":17,"Tiny House":0,"Vajra":17,"Eternal Feather":42,"Pen Nib":23,"Coffee Dripper":29,"Orichalcum":17,"Boot":38,"Ring of the Snake":0}]},"card_choices":[{"not_picked":["Bouncing Flask","Accuracy"],"picked":"Flying Knee","floor":1.0},{"not_picked":["Cloak And Dagger","Dagger Throw"],"picked":"Dagger Spray","floor":3.0},{"not_picked":["All Out Attack","Well Laid Plans"],"picked":"Blade Dance","floor":4.0},{"not_picked":["Backstab","Prepared"],"picked":"Dagger Spray","floor":5.0},{"not_picked":["Reflex","Backstab"],"picked":"Masterful Stab","floor":7.0},{"not_picked":["Dagger Throw","Calculated Gamble","Dagger Spray"],"picked":"SKIP","floor":12.0},{"not_picked":["Outmaneuver","Bane"],"picked":"Blade Dance","floor":13},{"not_picked":["Dagger Spray","Poisoned Stab","Accuracy"],"picked":"SKIP","floor":14},{"not_picked":["Dagger Spray","Poisoned Stab"],"picked":"Accuracy","floor":14},{"not_picked":["Malaise","A Thousand Cuts"],"picked":"Envenom","floor":16},{"not_picked":["Eviscerate","Underhanded Strike","Poisoned Stab"],"picked":"SKIP","floor":18},{"not_picked":["Dodge and Roll","Flechettes","Bane"],"picked":"SKIP","floor":19},{"not_picked":["Caltrops","Dagger Throw"],"picked":"Deflect+1","floor":21},{"not_picked":["Blade Dance","Well Laid Plans"],"picked":"Phantasmal Killer","floor":24}],"player_experience":1543732,"relics_obtained":[{"floor":7.0,"key":"Vajra"},{"floor":9.0,"key":"Blood Vial"},{"floor":13,"key":"Pen Nib"},{"floor":24,"key":"Eternal Feather"}],"event_choices":[{"damage_healed":0.0,"max_hp_gain":0.0,"max_hp_loss":0.0,"gold_gain":0.0,"event_name":"Liars Game","player_choice":"Ignored","floor":2.0,"gold_loss":0.0,"damage_taken":0.0},{"cards_removed":["Masterful Stab"],"damage_healed":65.0,"max_hp_gain":0.0,"max_hp_loss":0.0,"gold_gain":0.0,"event_name":"Bonfire Elementals","player_choice":"Offered Uncommon","floor":8.0,"gold_loss":0.0,"damage_taken":0.0},{"damage_healed":0.0,"max_hp_gain":5.0,"max_hp_loss":0.0,"gold_gain":0.0,"event_name":"Big Fish","player_choice":"Donut","floor":10.0,"gold_loss":0.0,"damage_taken":0.0},{"damage_healed":0,"gold_gain":0,"player_choice":"Shed Blood","damage_taken":27,"max_hp_gain":5,"max_hp_loss":0,"event_name":"Forgotten Altar","floor":20,"gold_loss":0},{"damage_healed":0,"gold_gain":0,"player_choice":"Obtained Relic","damage_taken":0,"relics_obtained":["Boot"],"max_hp_gain":0,"max_hp_loss":0,"event_name":"Addict","floor":22,"gold_loss":85}],"is_beta":false,"boss_relics":[{"not_picked":["Fusion Hammer","Sozu"],"picked":"Coffee Dripper"}],"items_purged_floors":[11],"is_endless":false,"potions_floor_spawned":[4,12,13,14,19,24],"killed_by":"Chosen and Byrds","ascension_level":20}}