{"host":"7oiwk103j2prpym5","time":1612150890,"event":{"mods":["BaseMod","BetterRewards","Colored Map","Colored Powertips","GifTheSpireLib","Infinite Spire","Minty Spire (QoL Compilation)","Permanent Neow","Relic Filter Mod","Reliquary","Remove Card Discount Mod","Replay The Spire","StSLib","Stuff the Spire","Weighted Paths"],"gold_per_floor":[117,117,132,132,20,20,54,54,54,72,90,115,10,10,10,130,130,124,140,140,161,185,216,231,270,270,270,270],"floor_reached":27,"language":"ENG","playtime":3089,"items_purged":["Strike_B","Defend_B","Injury","Strike_B","Defend_B"],"score":405,"play_id":"8fb05ee4-dfac-432b-8bf8-52e0abebfe2b","local_time":"20210131214130","is_ascension_mode":false,"campfire_choices":[{"floor":6,"key":"RECALL"},{"floor":8,"key":"REST"},{"data":"Rainbow","floor":15,"key":"SMITH"}],"circlet_count":0,"master_deck":["Strike_B","Strike_B","Defend_B","Defend_B","Zap","Dualcast","Storm","Glacier","Aggregate+1","White Noise","White Noise+1","Leap","Streamline","Self Repair","BootSequence","Rainbow+1","Static Discharge+1","Ball Lightning","Regret","Echo Form","ReplayGash+1","Scrape","White Noise+1","Conserve Battery","Coolheaded","ReplaySolidLightProjector","StuffTheSpire:Synthwave","BasicCrystalCard"],"relics":["Cracked Core","infinitespire:Freezer","Solar Panel","Gambling Chip","Snecko Heart","Golden Idol","reliquary:SilkGlove","Pear","BranchBurnRelic","Ring of Chaos","Strawberry","Bottled Tornado"],"acts_visited":["Exordium","TheCity"],"potions_floor_usage":[23],"damage_taken":[{"damage":0,"enemies":"Jaw Worm","floor":1,"turns":3},{"damage":0,"enemies":"2 Louse","floor":3,"turns":2},{"damage":0,"enemies":"3 Sentries","floor":7,"turns":2},{"damage":8,"enemies":"infinitespire:Voidling","floor":10,"turns":4},{"damage":10,"enemies":"3 Louse","floor":11,"turns":3},{"damage":4,"enemies":"Exordium Thugs","floor":12,"turns":4},{"damage":32,"enemies":"Fading Forest","floor":16,"turns":11},{"damage":14,"enemies":"2 Thieves","floor":18,"turns":4},{"damage":6,"enemies":"Shell Parasite","floor":19,"turns":4},{"damage":25,"enemies":"Centurion and Healer","floor":21,"turns":5},{"damage":7,"enemies":"Chosen and Byrds","floor":22,"turns":5},{"damage":13,"enemies":"Book of Stabbing","floor":23,"turns":5},{"damage":19,"enemies":"Shelled Parasite and Fungi","floor":24,"turns":5},{"damage":34,"enemies":"Slavers","floor":25,"turns":5},{"damage":50,"enemies":"Gremlin Leader","floor":27,"turns":5}],"seed_played":"1804675608144344457","potions_obtained":[{"floor":3,"key":"SkillPotion"},{"floor":12,"key":"Flashbang"},{"floor":18,"key":"SteroidPotion"},{"floor":24,"key":"FocusPotion"}],"is_trial":false,"path_per_floor":["M","?","M","?","$","R","E","R","T","M","M","M","$","?","R","B",null,"M","M","?","M","M","E","M","E","T","E"],"character_chosen":"DEFECT","items_purchased":["infinitespire:Freezer","Solar Panel","Storm","Glacier","White Noise+1","Leap","Static Discharge+1","Ball Lightning"],"campfire_rested":1,"item_purchase_floors":[0,0,0,0,5,5,13,13],"current_hp_per_floor":[53,53,55,55,55,55,55,75,85,85,84,82,82,82,82,68,85,85,85,85,79,76,79,69,41,41,0,0],"gold":270,"neow_bonus":"","is_daily":false,"chose_seed":false,"campfire_upgraded":1,"win_rate":0.0,"timestamp":1612150890,"path_taken":["M","?","M","?","$","R","E","R","T","M","M","M","$","?","R","BOSS","M","M","?","M","?","E","M","E","T","E"],"items_purchased_type":["Relic","Relic","Card","Card","Card","Card","Card","Card"],"build_version":"2020-12-22","purchased_purges":5,"victory":false,"max_hp_per_floor":[75,75,75,75,75,75,75,75,85,85,85,85,85,85,85,85,85,85,85,85,85,85,92,92,92,92,92,92],"card_choices":[{"not_picked":["Streamline","Redo"],"picked":"Aggregate","floor":1},{"not_picked":["Go for the Eyes","BasicCrystalCard"],"picked":"White Noise","floor":3},{"not_picked":["StuffTheSpire:LoadUp","Turbo"],"picked":"Streamline","floor":7},{"not_picked":["Turbo","Force Field"],"picked":"Self Repair","floor":10},{"not_picked":["StuffTheSpire:Coldhearted","Gash"],"picked":"BootSequence","floor":11},{"not_picked":["StuffTheSpire:LoadUp","Panic Button"],"picked":"Rainbow","floor":12},{"not_picked":["Rainbow","Hyperbeam"],"picked":"Echo Form","floor":16},{"not_picked":["BootSequence","ReplayTheSpireMod:Repulse"],"picked":"ReplayGash+1","floor":18},{"not_picked":["Redo","Hologram+1"],"picked":"Scrape","floor":19},{"not_picked":["Heatsinks","StuffTheSpire:Rend"],"picked":"Conserve Battery","floor":21},{"not_picked":["Compile Driver","Recycle+1"],"picked":"Coolheaded","floor":22},{"not_picked":["Panic Button+1","Recycle"],"picked":"ReplaySolidLightProjector","floor":23},{"not_picked":["StuffTheSpire:Plugnplay","Cold Snap"],"picked":"StuffTheSpire:Synthwave","floor":24},{"not_picked":["Conserve Battery","Tempest+1"],"picked":"BasicCrystalCard","floor":25}],"player_experience":836034,"relics_obtained":[{"floor":7,"key":"reliquary:SilkGlove"},{"floor":9,"key":"Pear"},{"floor":23,"key":"Strawberry"},{"floor":25,"key":"Bottled Tornado"}],"event_choices":[{"damage_healed":0,"gold_gain":0,"player_choice":"Take Wound","damage_taken":0,"relics_obtained":["Golden Idol"],"max_hp_gain":0,"max_hp_loss":0,"event_name":"Golden Idol","floor":2,"gold_loss":0,"cards_obtained":["Injury"]},{"damage_healed":0,"gold_gain":0,"player_choice":"Grow","damage_taken":0,"max_hp_gain":0,"max_hp_loss":0,"event_name":"Living Wall","floor":4,"gold_loss":0,"cards_upgraded":["Aggregate"]},{"damage_healed":0,"gold_gain":0,"player_choice":"Box","damage_taken":0,"relics_obtained":["Dead Branch"],"max_hp_gain":0,"max_hp_loss":0,"event_name":"Big Fish","floor":14,"gold_loss":0,"cards_obtained":["Regret"]},{"damage_healed":0,"gold_gain":0,"player_choice":"Copied","damage_taken":0,"max_hp_gain":0,"max_hp_loss":0,"event_name":"Duplicator","floor":20,"gold_loss":0,"cards_obtained":["White Noise"]}],"is_beta":false,"boss_relics":[{"not_picked":["Tiny House","reliquary:KinkedSpring"],"picked":"Ring of Chaos"}],"items_purged_floors":[0,0,5,5,13],"is_endless":false,"potions_floor_spawned":[3,12,18,21,24],"killed_by":"Gremlin Leader","ascension_level":0}}