{"host":"wfkvcf4y4vkrpwe0","time":1612187586,"event":{"mods":["BaseMod","Conspire","Downfall","Hermit","Minty Spire (QoL Compilation)","StSLib","The Construct","The Cursed","The Disciple","The Hierophant","The Necromancer"],"gold_per_floor":[112,112,130,130,142,142,142,142,142,142,174,194,212,230,230,230,230],"floor_reached":16,"language":"ENG","playtime":488,"items_purged":[],"score":152,"play_id":"ea79c233-c49d-4b18-b070-1eb77d2e07c8","local_time":"20210201135306","is_ascension_mode":false,"campfire_choices":[{"data":"construct:Synchronize","floor":6.0,"key":"SMITH"},{"floor":10.0,"key":"RECALL"},{"floor":15.0,"key":"REST"}],"circlet_count":0,"master_deck":["conspire:GhostlyStrike","conspire:GhostlyStrike","conspire:GhostlyStrike","conspire:GhostlyStrike","conspire:GhostlyStrike","conspire:GhostlyDefend","conspire:GhostlyDefend","conspire:GhostlyDefend","conspire:GhostlyDefend","conspire:GhostlyDefend","construct:AttackMode","construct:DefenseMode","Pain","construct:Synchronize+1"],"relics":["construct:Cogwheel","NeowsBlessing","WarpedTongs","FaceOfCleric","conspire:DeflatedDodgeball","Singing Bowl"],"acts_visited":["Exordium"],"potions_floor_usage":[16,16],"damage_taken":[{"damage":0.0,"enemies":"Cultist","floor":1.0,"turns":1.0},{"damage":0.0,"enemies":"Jaw Worm","floor":3.0,"turns":1.0},{"damage":0.0,"enemies":"2 Louse","floor":5.0,"turns":1.0},{"damage":33.0,"enemies":"Lagavulin","floor":11.0,"turns":5.0},{"damage":8.0,"enemies":"Red Slaver","floor":12.0,"turns":3.0},{"damage":18.0,"enemies":"Exordium Thugs","floor":13.0,"turns":7.0},{"damage":13.0,"enemies":"Blue Slaver","floor":14.0,"turns":5.0},{"damage":60,"enemies":"The Guardian","floor":16,"turns":7}],"seed_played":"1278654263772054446","potions_obtained":[{"floor":1.0,"key":"sneckomod:MuddlingPotion"},{"floor":3.0,"key":"SneckoOil"}],"is_trial":false,"path_per_floor":["M","?","M","?","M","R","?","?","T","R","E","M","M","M","R","B"],"character_chosen":"THE_CONSTRUCT_MOD","items_purchased":[],"campfire_rested":1,"item_purchase_floors":[],"current_hp_per_floor":[85,85,85,85,85,85,85,85,85,85,55,50,35,25,54,0,0],"gold":230,"neow_bonus":"THREE_ENEMY_KILL","is_daily":false,"chose_seed":false,"campfire_upgraded":1,"win_rate":0.0,"timestamp":1612187586,"path_taken":["M","?","M","?","?","R","?","?","T","R","E","M","M","M","R","BOSS"],"items_purchased_type":[],"build_version":"2020-12-22","purchased_purges":0,"victory":false,"max_hp_per_floor":[85,85,85,85,85,85,85,85,85,85,88,91,94,97,97,97,97],"card_choices":[{"not_picked":["construct:BatteryAcid","construct:Versatility","construct:Anticipate"],"picked":"SKIP","floor":1.0},{"not_picked":["construct:Tumble","construct:FocusedBeam","construct:ElectricArmor"],"picked":"SKIP","floor":3.0},{"not_picked":["construct:PointDefense","construct:Accumulate"],"picked":"construct:Synchronize","floor":5.0},{"not_picked":["construct:Tumble","construct:Accumulate","construct:BatteryAcid"],"picked":"Singing Bowl","floor":11.0},{"not_picked":["construct:Reinforce","construct:SuppressiveFire","construct:Backfire"],"picked":"Singing Bowl","floor":12.0},{"not_picked":["construct:Overcharge","construct:UnbalancingBlast","construct:Antimatter"],"picked":"Singing Bowl","floor":13.0},{"not_picked":["construct:Tumble","construct:Construct_Overclock","construct:FocusedBeam"],"picked":"Singing Bowl","floor":14.0}],"player_experience":573565,"relics_obtained":[{"floor":9.0,"key":"conspire:DeflatedDodgeball"},{"floor":11.0,"key":"Singing Bowl"}],"event_choices":[{"damage_healed":0.0,"max_hp_gain":0.0,"max_hp_loss":0.0,"gold_gain":0.0,"event_name":"conspire:LoneGhost","player_choice":"Agree","floor":2.0,"gold_loss":0.0,"damage_taken":0.0},{"damage_healed":0.0,"max_hp_gain":0.0,"max_hp_loss":0.0,"gold_gain":0.0,"event_name":"Accursed Blacksmith","player_choice":"Rummage","floor":4.0,"gold_loss":0.0,"damage_taken":0.0,"relics_obtained":["WarpedTongs"],"cards_obtained":["Pain"]},{"damage_healed":0.0,"max_hp_gain":0.0,"max_hp_loss":0.0,"gold_gain":0.0,"event_name":"conspire:Investor","player_choice":"Leave","floor":7.0,"gold_loss":0.0,"damage_taken":0.0},{"damage_healed":0.0,"max_hp_gain":0.0,"max_hp_loss":0.0,"gold_gain":0.0,"event_name":"FaceTrader","player_choice":"Trade","floor":8.0,"gold_loss":0.0,"damage_taken":0.0,"relics_obtained":["FaceOfCleric"]}],"is_beta":false,"boss_relics":[],"items_purged_floors":[],"is_endless":false,"potions_floor_spawned":[1,3],"killed_by":"The Guardian","ascension_level":0}}