{"host":"8962ghaoa8fyttvy","time":1612180170,"event":{"mods":["2.2 Compatiblity","AchievementEnabler","BaseMod","Bestiary","Colored Map","Colored Powertips","Curses Come First","Highlight Path","Keyboard Shortcuts","Minty Spire (QoL Compilation)","Relic Stats","Slay the Relics Exporter","StSLib","SuperFastMode"],"gold_per_floor":[118,69,88,88,88,119,119,132,132,132,143,143,143,168,168,168,168],"floor_reached":16,"language":"ENG","playtime":212,"items_purged":[],"score":100,"play_id":"9b69a276-0452-4311-8e0c-fc6a1cde359c","local_time":"20210201064930","is_ascension_mode":false,"campfire_choices":[{"data":"1","floor":7,"key":"LIFT"},{"data":"2","floor":10,"key":"LIFT"},{"data":"3","floor":15,"key":"LIFT"}],"circlet_count":0,"master_deck":["Strike_B","Strike_B","Strike_B","Strike_B","Defend_B","Defend_B","Defend_B","Defend_B","Zap+1","Dualcast+1","Sweeping Beam","Sweeping Beam+1","Static Discharge","Sweeping Beam","Reprogram","Streamline"],"relics":["Cracked Core","NeowsBlessing","Girya","Calipers","Golden Idol"],"acts_visited":["Exordium"],"potions_floor_usage":[],"damage_taken":[{"damage":0,"enemies":"Cultist","floor":1,"turns":1},{"damage":0,"enemies":"Jaw Worm","floor":3,"turns":1},{"damage":4,"enemies":"3 Sentries","floor":6,"turns":2},{"damage":7,"enemies":"Small Slimes","floor":8,"turns":2},{"damage":12,"enemies":"Looter","floor":11,"turns":4},{"damage":3,"enemies":"Exordium Thugs","floor":14,"turns":3},{"damage":35,"enemies":"Slime Boss","floor":16,"turns":3}],"seed_played":"3269071924032572875","potions_obtained":[{"floor":1,"key":"SpeedPotion"},{"floor":14,"key":"SteroidPotion"}],"is_trial":false,"path_per_floor":["M","$","M","?","?","E","R","M","T","R","M","?","?","M","R","B"],"character_chosen":"DEFECT","items_purchased":["Sweeping Beam"],"campfire_rested":0,"item_purchase_floors":[2],"current_hp_per_floor":[75,75,75,75,75,71,71,64,64,64,52,37,37,34,34,0,0],"gold":168,"neow_bonus":"THREE_ENEMY_KILL","is_daily":false,"chose_seed":false,"campfire_upgraded":0,"win_rate":0.0,"timestamp":1612180170,"path_taken":["M","$","M","?","?","E","R","?","T","R","M","?","?","M","R","BOSS"],"items_purchased_type":["Card"],"build_version":"2020-12-22","purchased_purges":0,"victory":false,"max_hp_per_floor":[75,75,75,75,75,75,75,75,75,75,75,75,69,69,69,69,69],"relic_stats":{"counters":[7,16],"Golden Idol":5,"obtain_stats":[{"Girya":6,"Calipers":9,"NeowsBlessing":0,"Golden Idol":13,"Cracked Core":0},{"Girya":3,"Calipers":4,"NeowsBlessing":0,"Golden Idol":5,"Cracked Core":0},{"Girya":4,"Calipers":6,"NeowsBlessing":0,"Golden Idol":10,"Cracked Core":0}]},"card_choices":[{"not_picked":["Sunder","Barrage"],"picked":"Sweeping Beam","floor":1},{"not_picked":["Hologram","Compile Driver"],"picked":"Static Discharge","floor":3},{"not_picked":["Compile Driver","Leap","Barrage"],"picked":"SKIP","floor":6},{"not_picked":["BootSequence","Gash"],"picked":"Sweeping Beam","floor":8},{"not_picked":["Capacitor","Steam"],"picked":"Reprogram","floor":11},{"not_picked":["Lockon","Capacitor"],"picked":"Streamline","floor":14}],"player_experience":18367,"relics_obtained":[{"floor":6,"key":"Girya"},{"floor":9,"key":"Calipers"}],"event_choices":[{"damage_healed":0,"gold_gain":0,"player_choice":"Ignored","damage_taken":0,"max_hp_gain":0,"max_hp_loss":0,"event_name":"Liars Game","floor":4,"gold_loss":0},{"damage_healed":0,"gold_gain":0,"player_choice":"Upgraded","damage_taken":0,"max_hp_gain":0,"max_hp_loss":0,"event_name":"Upgrade Shrine","floor":5,"gold_loss":0,"cards_upgraded":["Sweeping Beam"]},{"damage_healed":0,"gold_gain":0,"player_choice":"Entered Light","damage_taken":15,"max_hp_gain":0,"max_hp_loss":0,"event_name":"Shining Light","floor":12,"gold_loss":0,"cards_upgraded":["Zap","Dualcast"]},{"damage_healed":0,"gold_gain":0,"player_choice":"Lose Max HP","damage_taken":0,"relics_obtained":["Golden Idol"],"max_hp_gain":0,"max_hp_loss":6,"event_name":"Golden Idol","floor":13,"gold_loss":0}],"is_beta":false,"boss_relics":[],"items_purged_floors":[],"is_endless":false,"potions_floor_spawned":[1,14],"killed_by":"Slime Boss","ascension_level":0}}