{"host":"8is2j71l4wmybkoi","time":1612168797,"event":{"mods":["AchievementEnabler","BaseMod","Colored Map","Minty Spire (QoL Compilation)","Rare Cards Sparkle","StSLib","SuperFastMode"],"gold_per_floor":[114,128,128,139,153,153,179,179,179,208,208,227,242,261,261,366,366,416,431,447,224,238,268,268,193,239,274,274,289,289,315,315,315,315],"floor_reached":33,"language":"KOR","playtime":1466,"items_purged":["Strike_R"],"score":516,"play_id":"e124ec4b-8c45-4dd3-b90f-bd83615e4b2b","local_time":"20210201173957","daily_mods":["Diverse","Heirloom"],"is_ascension_mode":true,"campfire_choices":[{"data":"Hemokinesis","floor":6.0,"key":"SMITH"},{"data":"Go for the Eyes","floor":8.0,"key":"SMITH"},{"data":"Shrug It Off","floor":15.0,"key":"SMITH"},{"data":"Bash","floor":24.0,"key":"SMITH"},{"data":"Double Tap","floor":28.0,"key":"SMITH"},{"data":"FollowUp","floor":32,"key":"SMITH"}],"circlet_count":0,"master_deck":["AscendersBane","Strike_R","Strike_R","Strike_R","Defend_R","Defend_R","Defend_R","Defend_R","Bash+1","Hemokinesis+1","Cleave","Go for the Eyes+1","Leg Sweep","Conserve Battery","Shrug It Off+1","Venomology","Double Tap+1","White Noise","Twin Strike+1","Coolheaded","FollowUp+1","Dual Wield+1"],"relics":["Burning Blood","Du-Vu Doll","Meat on the Bone","Pantograph","HornCleat","SacredBark","Toy Ornithopter","Centennial Puzzle","Potion Belt","Bottled Lightning","FaceOfCleric","Happy Flower"],"acts_visited":["Exordium","TheCity"],"potions_floor_usage":[31,31,33,33,33],"damage_taken":[{"damage":1.0,"enemies":"Cultist","floor":1.0,"turns":3.0},{"damage":2.0,"enemies":"2 Louse","floor":2.0,"turns":2.0},{"damage":14.0,"enemies":"Jaw Worm","floor":4.0,"turns":2.0},{"damage":8.0,"enemies":"3 Louse","floor":5.0,"turns":2.0},{"damage":4.0,"enemies":"Gremlin Nob","floor":7.0,"turns":2.0},{"damage":9.0,"enemies":"3 Sentries","floor":10.0,"turns":6.0},{"damage":11.0,"enemies":"Gremlin Gang","floor":12.0,"turns":3.0},{"damage":25.0,"enemies":"Large Slime","floor":13.0,"turns":6.0},{"damage":2.0,"enemies":"Exordium Thugs","floor":14.0,"turns":4.0},{"damage":61.0,"enemies":"Slime Boss","floor":16.0,"turns":10.0},{"damage":8.0,"enemies":"2 Thieves","floor":18.0,"turns":4.0},{"damage":13.0,"enemies":"Chosen","floor":19.0,"turns":4.0},{"damage":7.0,"enemies":"Centurion and Healer","floor":20.0,"turns":6.0},{"damage":16.0,"enemies":"Snake Plant","floor":22.0,"turns":6.0},{"damage":48.0,"enemies":"Gremlin Leader","floor":23.0,"turns":11.0},{"damage":57.0,"enemies":"Slavers","floor":27.0,"turns":9.0},{"damage":25.0,"enemies":"Sentry and Sphere","floor":29.0,"turns":5.0},{"damage":20,"enemies":"Book of Stabbing","floor":31,"turns":4},{"damage":112,"enemies":"Champ","floor":33,"turns":10}],"seed_played":"-450091055886747464","potions_obtained":[{"floor":1.0,"key":"ColorlessPotion"},{"floor":2.0,"key":"Fire Potion"},{"floor":4.0,"key":"LiquidMemories"},{"floor":10.0,"key":"Fire Potion"},{"floor":12.0,"key":"BloodPotion"},{"floor":19.0,"key":"FearPotion"},{"floor":22.0,"key":"Weak Potion"},{"floor":23.0,"key":"BloodPotion"}],"is_trial":true,"path_per_floor":["M","M","?","M","M","R","E","R","T","E","?","M","M","M","R","B",null,"M","M","M","$","M","E","R","?","T","E","R","M","?","E","R","B"],"character_chosen":"IRONCLAD","items_purchased":["Toy Ornithopter"],"campfire_rested":0,"item_purchase_floors":[21],"current_hp_per_floor":[77,80,80,72,70,70,72,72,72,69,69,64,57,61,61,37,69,67,60,59,59,80,50,50,50,50,53,53,46,46,55,55,0,0],"gold":315,"neow_bonus":"","is_daily":false,"chose_seed":false,"campfire_upgraded":6,"win_rate":0.0,"timestamp":1612168797,"path_taken":["M","M","?","M","M","R","E","R","T","E","?","M","M","?","R","BOSS","M","M","M","$","M","E","R","?","T","E","R","M","?","E","R","BOSS"],"items_purchased_type":["Relic"],"build_version":"2020-12-22","purchased_purges":1,"victory":false,"max_hp_per_floor":[80,80,80,80,80,80,80,80,80,80,80,80,80,80,80,80,80,80,80,80,80,80,80,80,80,80,80,80,80,80,81,81,81,81],"card_choices":[{"not_picked":["Wireheading","Deadly Poison","Capacitor"],"picked":"SKIP","floor":1.0},{"not_picked":["Consume","Expertise"],"picked":"Hemokinesis","floor":2.0},{"not_picked":["Ball Lightning","Deadly Poison"],"picked":"Cleave","floor":4.0},{"not_picked":["Twin Strike","Body Slam"],"picked":"Go for the Eyes","floor":5.0},{"not_picked":["Prostrate","Clothesline"],"picked":"Leg Sweep","floor":7.0},{"not_picked":["Protect","Sanctity"],"picked":"Conserve Battery","floor":10.0},{"not_picked":["Bullet Time","Iron Wave","Sentinel"],"picked":"SKIP","floor":12.0},{"not_picked":["Poisoned Stab","Storm"],"picked":"Shrug It Off","floor":13.0},{"not_picked":["Pommel Strike","Havoc"],"picked":"Venomology","floor":14.0},{"not_picked":["Biased Cognition","Grand Finale"],"picked":"Double Tap","floor":16.0},{"not_picked":["Conserve Battery","Stack","Deadly Poison"],"picked":"SKIP","floor":18.0},{"not_picked":["EmptyFist","Auto Shields"],"picked":"White Noise","floor":19.0},{"not_picked":["Heavy Blade","CrushJoints"],"picked":"Twin Strike+1","floor":20.0},{"not_picked":["Melter","EmptyFist"],"picked":"Coolheaded","floor":22.0},{"not_picked":["Expertise","Underhanded Strike","Fire Breathing"],"picked":"SKIP","floor":23.0},{"not_picked":["Hemokinesis","FTL"],"picked":"FollowUp","floor":27.0},{"not_picked":["PiercingWail","Conserve Battery+1"],"picked":"Dual Wield+1","floor":29.0},{"not_picked":["Capacitor","Multi-Cast","Genetic Algorithm"],"picked":"SKIP","floor":31}],"player_experience":902520,"relics_obtained":[{"floor":7.0,"key":"Meat on the Bone"},{"floor":9.0,"key":"Pantograph"},{"floor":10.0,"key":"HornCleat"},{"floor":23.0,"key":"Centennial Puzzle"},{"floor":26.0,"key":"Potion Belt"},{"floor":27.0,"key":"Bottled Lightning"},{"floor":31,"key":"Happy Flower"}],"event_choices":[{"damage_healed":0.0,"max_hp_gain":0.0,"max_hp_loss":0.0,"gold_gain":0.0,"event_name":"Liars Game","player_choice":"Ignored","floor":3.0,"gold_loss":0.0,"damage_taken":0.0},{"damage_healed":0.0,"max_hp_gain":0.0,"max_hp_loss":0.0,"gold_gain":0.0,"event_name":"NoteForYourself","player_choice":"Ignored","floor":11.0,"gold_loss":0.0,"damage_taken":0.0},{"cards_removed":["Strike_R"],"damage_healed":0.0,"max_hp_gain":0.0,"max_hp_loss":0.0,"gold_gain":0.0,"event_name":"Beggar","player_choice":"Gave Gold","floor":25.0,"gold_loss":75.0,"damage_taken":0.0},{"damage_healed":0.0,"max_hp_gain":0.0,"max_hp_loss":0.0,"gold_gain":0.0,"event_name":"FaceTrader","player_choice":"Trade","floor":30.0,"gold_loss":0.0,"damage_taken":0.0,"relics_obtained":["FaceOfCleric"]}],"is_beta":false,"boss_relics":[{"not_picked":["SlaversCollar","Runic Cube"],"picked":"SacredBark"}],"items_purged_floors":[21],"is_endless":false,"potions_floor_spawned":[1,2,4,10,12,19,22,23],"killed_by":"Champ","ascension_level":10}}