{"host":"xz7n3qy1zq36rzpg","time":1612190074,"event":{"mods":["BaseMod","Colored Map","Colored Powertips","Highlight Path","Minty Spire (QoL Compilation)","Quick Restart","Shop Mod"],"gold_per_floor":[114,114,129,144,144,174,174,174,199,199,199],"floor_reached":10,"language":"ENG","playtime":335,"items_purged":[],"score":66,"play_id":"a5356992-b448-4d92-9af2-d39f695974bf","local_time":"20210201153434","daily_mods":["Chimera","ControlledChaos","Night Terrors"],"is_ascension_mode":false,"campfire_choices":[{"floor":8,"key":"DIG"}],"circlet_count":0,"master_deck":["Bash","Survivor","Zap","Eruption","Strike_R","Strike_G+1","Strike_B","Defend_R","Defend_G+1","Defend_P","Searing Blow","Regret","Spot Weakness","Heavy Blade","Ghostly Armor"],"relics":["Burning Blood","Frozen Eye","Shovel","Girya","Molten Egg 2","Orichalcum","Happy Flower"],"acts_visited":["Exordium"],"potions_floor_usage":[6,10],"damage_taken":[{"damage":5,"enemies":"Jaw Worm","floor":1,"turns":3},{"damage":7,"enemies":"Small Slimes","floor":3,"turns":3},{"damage":6,"enemies":"Cultist","floor":4,"turns":3},{"damage":16,"enemies":"3 Sentries","floor":6,"turns":4},{"damage":53,"enemies":"Lagavulin","floor":10,"turns":3}],"seed_played":"-6699970657251824518","potions_obtained":[{"floor":1,"key":"Fire Potion"},{"floor":3,"key":"HeartOfIron"}],"is_trial":false,"path_per_floor":["M","?","M","M","?","E","?","R","T","E"],"character_chosen":"IRONCLAD","items_purchased":[],"campfire_rested":0,"item_purchase_floors":[],"current_hp_per_floor":[80,80,79,79,67,57,41,41,41,0,0],"gold":199,"neow_bonus":"","is_daily":true,"chose_seed":false,"campfire_upgraded":0,"win_rate":0.0,"timestamp":1612190074,"path_taken":["M","?","M","M","?","E","?","R","T","E"],"items_purchased_type":[],"build_version":"2020-12-22","purchased_purges":0,"victory":false,"max_hp_per_floor":[80,80,80,80,80,80,80,80,80,80,80],"card_choices":[{"not_picked":["Havoc","Intimidate"],"picked":"Searing Blow","floor":1},{"not_picked":["Flex","Clothesline"],"picked":"Spot Weakness","floor":3},{"not_picked":["Warcry","Havoc"],"picked":"Heavy Blade","floor":4},{"not_picked":["True Grit","Havoc"],"picked":"Ghostly Armor","floor":6}],"player_experience":406044,"relics_obtained":[{"floor":6,"key":"Molten Egg 2"},{"floor":8,"key":"Orichalcum"},{"floor":9,"key":"Happy Flower"}],"event_choices":[{"damage_healed":0,"gold_gain":0,"player_choice":"Box","damage_taken":0,"relics_obtained":["Shovel"],"max_hp_gain":0,"max_hp_loss":0,"event_name":"Big Fish","floor":2,"gold_loss":0,"cards_obtained":["Regret"]},{"damage_healed":0,"gold_gain":0,"player_choice":"Success","damage_taken":12,"relics_obtained":["Girya"],"max_hp_gain":0,"max_hp_loss":0,"event_name":"Scrap Ooze","floor":5,"gold_loss":0},{"damage_healed":0,"gold_gain":0,"player_choice":"Entered Light","damage_taken":16,"max_hp_gain":0,"max_hp_loss":0,"event_name":"Shining Light","floor":7,"gold_loss":0,"cards_upgraded":["Strike_G","Defend_G"]}],"is_beta":false,"boss_relics":[],"items_purged_floors":[],"is_endless":false,"potions_floor_spawned":[1,3],"killed_by":"Lagavulin","ascension_level":0}}