{"host":"ehgz297skgb1u9fr","time":1612212409,"event":{"mods":["2.2 Compatiblity","Act Like it!","Aspiration","BaseMod","Conspire","Energized Spire","Hubris","Minty Spire (QoL Compilation)","RRrroohrrRGHHhhh!!","Reliquary","Replay The Spire","Retaliation","Shop Mod","Small Relic Pack","StSLib","Wandering Minibosses","Wide Potions"],"gold_per_floor":[111,124,124,53,73,73,108,119,168,181,210,224,256,266,266,365,365,381,296,26,26,44,73,73,99,99,114,131,151,76,76,76,173,173,184,196,196,87,187,217,217,217,217],"floor_reached":42,"language":"ENG","playtime":2173,"items_purged":["Defend_B"],"score":565,"play_id":"b6b3fef1-2e7f-476a-bb5a-3d281dba4d7a","local_time":"20210201144649","is_ascension_mode":true,"campfire_choices":[{"data":"Whirlwind","floor":6,"key":"SMITH"},{"floor":24,"key":"REST"},{"floor":32,"key":"REST"},{"floor":41,"key":"RECALL"}],"circlet_count":0,"master_deck":["Strike_B","Strike_B","Defend_B","Defend_B","Rip and Tear","Whirlwind+1","Double Tap+1","Loop+1","Inflame+1","Heavy Blade","rorgmod:Storm+1","Offering","Hologram","Ball Lightning","Hologram","hubris:SpecializedCircuitry+1","Time Bomb","relicPack:TruthCard","Multi-Cast","Replay:AllIn","Mayhem+1","Ball Lightning+1","rorgmod:Leap+1"],"relics":["FrozenCore","aspiration:Nostalgia","Iron Core","rorgmod:Loose Gear","Frozen Egg 2","hubris:BallOfYels","aspiration:FutureDiary","Replay:Mystery Machine","Onion Ring","Geode","hubris:TenFootPole","wanderingMiniBosses:AbyssPearl","hubris:Towel","relicPack:EdsArm","reliquary:IridiumChain"],"acts_visited":["Exordium","TheCity","TheBeyond"],"potions_floor_usage":[11,22,27,36,42],"damage_taken":[{"damage":3.0,"enemies":"2 Louse","floor":1.0,"turns":3.0},{"damage":0.0,"enemies":"Cultist","floor":2.0,"turns":2.0},{"damage":2,"enemies":"Small Slimes","floor":5,"turns":2},{"damage":13,"enemies":"3 Sentries","floor":7,"turns":3},{"damage":2,"enemies":"Blue Slaver","floor":8,"turns":2},{"damage":0,"enemies":"Gremlin Gang","floor":10,"turns":1},{"damage":0,"enemies":"Lagavulin","floor":11,"turns":2},{"damage":0,"enemies":"2 Fungi Beasts","floor":12,"turns":1},{"damage":18,"enemies":"3 Sentries","floor":13,"turns":3},{"damage":7,"enemies":"Large Slime","floor":14,"turns":3},{"damage":5,"enemies":"Slime Boss","floor":16,"turns":6},{"damage":27,"enemies":"3 Byrds","floor":18,"turns":3},{"damage":20,"enemies":"2 Thieves","floor":22,"turns":2},{"damage":6,"enemies":"Gremlin Leader","floor":23,"turns":3},{"damage":11,"enemies":"conspire:Head Lice","floor":25,"turns":3},{"damage":47,"enemies":"Snecko","floor":27,"turns":6},{"damage":6,"enemies":"Sentry and Sphere","floor":28,"turns":3},{"damage":6,"enemies":"Shelled Parasite and Fungi","floor":29,"turns":1},{"damage":26,"enemies":"Collector","floor":33,"turns":4},{"damage":5,"enemies":"Orb Walker","floor":35,"turns":2},{"damage":0,"enemies":"3 Darklings","floor":36,"turns":2},{"damage":13,"enemies":"R_Hoarder","floor":40,"turns":6},{"damage":68,"enemies":"Giant Head","floor":42,"turns":5}],"seed_played":"2951298800752296721","potions_obtained":[{"floor":5,"key":"BlessingOfTheForge"},{"floor":8,"key":"FairyPotion"},{"floor":10,"key":"DistilledChaos"},{"floor":13,"key":"Regen Potion"},{"floor":23,"key":"GamblersBrew"},{"floor":33,"key":"Adrenaline Potion"},{"floor":35,"key":"EssenceOfSteel"}],"is_trial":false,"path_per_floor":["M","M","?","$","M","R","E","M","T","M","E","M","E","M","R","B",null,"M","?","$","?","M","E","R","E","T","M","M","M","?","?","R","B",null,"M","M","?","$","?","E","R","E"],"character_chosen":"DEFECT","items_purchased":["Whirlwind","Onion Ring","Conserve Battery","Ball Lightning+1"],"campfire_rested":2,"item_purchase_floors":[4,20,20,38],"current_hp_per_floor":[72,72,72,72,70,70,57,55,55,55,55,55,37,30,52,47,75,48,48,48,48,38,32,54,43,43,22,16,10,10,10,32,6,75,70,70,70,70,70,57,57,0,0],"gold":217,"neow_bonus":"NOSTALGIA","is_daily":false,"chose_seed":false,"campfire_upgraded":1,"win_rate":0.0,"timestamp":1612212409,"path_taken":["M","M","?","?","M","R","E","M","T","M","E","M","E","?","R","BOSS","M","?","$","?","?","E","R","E","T","M","M","M","?","?","R","BOSS","M","M","?","$","?","E","R","E"],"items_purchased_type":["Card","Relic","Card","Card"],"build_version":"2020-12-22","purchased_purges":1,"victory":false,"max_hp_per_floor":[75,75,75,75,75,75,75,75,75,75,75,75,75,75,75,75,75,75,75,75,75,75,75,75,75,75,75,75,75,75,75,75,75,75,75,75,70,70,70,70,70,70,70],"card_choices":[{"not_picked":["WeaponsOverheat","ReplaySolidLightProjector"],"picked":"Rip and Tear","floor":1.0},{"not_picked":["Clash","Glacier"],"picked":"Gash","floor":2.0},{"not_picked":["Cold Snap","Sweeping Beam","Hello World"],"picked":"SKIP","floor":5},{"not_picked":["Skim","rorgmod:Steady Aim","rorgmod:Refrigerate"],"picked":"SKIP","floor":7},{"not_picked":["rorgmod:Refrigerate","WeaponsOverheat","Headbutt"],"picked":"SKIP","floor":8},{"not_picked":["Time Bomb","Reboot"],"picked":"Double Tap","floor":10},{"not_picked":["Body Slam","BasicCrystalCard"],"picked":"Loop+1","floor":11},{"not_picked":["rorgmod:Ventilation Error","Iron Wave"],"picked":"Inflame+1","floor":12},{"not_picked":["conspire:Rain","Rebound"],"picked":"Heavy Blade","floor":13},{"not_picked":["Melter","Conserve Battery"],"picked":"rorgmod:Storm+1","floor":14},{"not_picked":["Firewall","rorgmod:Black Ice+1"],"picked":"Offering","floor":16},{"not_picked":["rorgmod:Overcurrent","Crystallizer+1","Undo+1"],"picked":"SKIP","floor":18},{"not_picked":["Redo","ReplayTheSpireMod:Calculation Training+1"],"picked":"Hologram","floor":22},{"not_picked":["rorgmod:Overcurrent","rorgmod:Steady Aim"],"picked":"Ball Lightning","floor":23},{"not_picked":["Panic Button+1","Loop+1","ReplayTheSpireMod:System Scan"],"picked":"SKIP","floor":25},{"not_picked":["Compile Driver+1","rorgmod:Overcurrent","rorgmod:Fragmentation"],"picked":"SKIP","floor":27},{"not_picked":["Fission","Barrage"],"picked":"Hologram","floor":28},{"not_picked":["Hologram","Consume","rorgmod:Overcurrent+1"],"picked":"SKIP","floor":29},{"not_picked":["rorgmod:Biogeneration","Mirror Shield"],"picked":"hubris:SpecializedCircuitry+1","floor":33},{"not_picked":["Sweeping Beam","Steam Power+1"],"picked":"Time Bomb","floor":35},{"not_picked":["Barrage","BasicCrystalCard","aspiration:Polymerization+1"],"picked":"SKIP","floor":36},{"not_picked":["Sweeping Beam","Streamline+1"],"picked":"rorgmod:Leap+1","floor":40}],"player_experience":404651,"relics_obtained":[{"floor":9,"key":"rorgmod:Loose Gear"},{"floor":11,"key":"Frozen Egg 2"},{"floor":13,"key":"hubris:BallOfYels"},{"floor":23,"key":"Geode"},{"floor":25,"key":"hubris:TenFootPole"},{"floor":28,"key":"wanderingMiniBosses:AbyssPearl"},{"floor":40,"key":"reliquary:IridiumChain"}],"event_choices":[{"damage_healed":0,"gold_gain":0,"player_choice":"Obtained Relic","damage_taken":0,"relics_obtained":["Replay:Mystery Machine"],"max_hp_gain":0,"max_hp_loss":0,"event_name":"Addict","floor":19,"gold_loss":85},{"damage_healed":0,"gold_gain":0,"player_choice":"Leave","damage_taken":0,"max_hp_gain":0,"max_hp_loss":0,"event_name":"FaceTrader","floor":21,"gold_loss":0},{"cards_removed":["Dualcast"],"damage_healed":0,"gold_gain":0,"player_choice":"Gave Gold","damage_taken":0,"max_hp_gain":0,"max_hp_loss":0,"event_name":"Beggar","floor":30,"gold_loss":75},{"damage_healed":0,"gold_gain":100,"player_choice":"Pray","damage_taken":0,"max_hp_gain":0,"max_hp_loss":0,"event_name":"Golden Shrine","floor":39,"gold_loss":0}],"is_beta":false,"boss_relics":[{"not_picked":["Nuclear Battery","conspire:RunicOctahedron"],"picked":"aspiration:FutureDiary"},{"not_picked":["Runic Dome","energizedSpire:MagnifyingGlass"],"picked":"FrozenCore"}],"items_purged_floors":[38],"is_endless":false,"potions_floor_spawned":[5,8,10,13,14,16,23,29,33,35],"killed_by":"Giant Head","ascension_level":1}}