{"host":"x5anfo2w8aotfuta","time":1612154142,"event":{"mods":["AchievementEnabler","BaseMod","Bestiary","Block Reminder","Colored Map","Colored Powertips","DeckTracker","Highlight Path","Minty Spire (QoL Compilation)","Quick Restart","Rare Cards Sparkle","Relic Stats","StSLib"],"gold_per_floor":[113,125,143,143,156,183,0,27,27,61,81,81,112,128,128,231,231,246,256,274,288,301,326,425,457,469,396,40,40,55,55,55,152,152,172,192,192,192,205,238,238,272,272,283,283,283,334,369,369,369,369,369,68,94,94],"floor_reached":56,"language":"ENG","playtime":5751,"items_purged":["Strike_B","Strike_B"],"score":1779,"play_id":"026d77f9-976f-4f25-bcc6-07a460b0b230","local_time":"20210131203542","is_ascension_mode":true,"campfire_choices":[{"floor":12,"key":"REST"},{"data":"Genetic Algorithm","floor":15,"key":"SMITH"},{"floor":29,"key":"REST"},{"data":"Master of Strategy","floor":32,"key":"SMITH"},{"data":"Seek","floor":41,"key":"SMITH"},{"floor":46,"key":"RECALL"},{"data":"Apotheosis","floor":49,"key":"SMITH"},{"data":"Fission","floor":52,"key":"SMITH"}],"circlet_count":0,"master_deck":["Defend_B","Defend_B","Defend_B","Defend_B","Zap","Dualcast","Go for the Eyes","BootSequence","Sweeping Beam","Seek+1","Darkness","Apotheosis+1","Coolheaded","Double Energy","Skim","Genetic Algorithm+1","Compile Driver","Multi-Cast","Compile Driver","Doom and Gloom","Self Repair+1","Coolheaded+1","Creative AI+1","Leap","Master of Strategy+1","Turbo","Skim","Fission+1","Hologram","Fusion","Turbo+1","Defragment+1"],"relics":["Philosopher\u0027s Stone","Potion Belt","Frozen Egg 2","Emotion Chip","Gambling Chip","PreservedInsect","Nuclear Battery","Tiny Chest","MawBank","Centennial Puzzle","Black Star","Meat on the Bone","Strawberry","DataDisk","Blood Vial","StoneCalendar","Singing Bowl","Akabeko","Sundial","Bronze Scales","Sling","Shuriken","Letter Opener"],"acts_visited":["Exordium","TheCity","TheBeyond","TheEnding"],"potions_floor_usage":[6,13,16,21,23,33,33,40,45,55,55,55,55],"damage_taken":[{"damage":3,"enemies":"Jaw Worm","floor":1,"turns":4},{"damage":0,"enemies":"Cultist","floor":2,"turns":3},{"damage":0,"enemies":"Small Slimes","floor":3,"turns":4},{"damage":0,"enemies":"3 Louse","floor":5,"turns":3},{"damage":25,"enemies":"3 Sentries","floor":6,"turns":8},{"damage":0,"enemies":"Lagavulin","floor":8,"turns":6},{"damage":15,"enemies":"3 Sentries","floor":10,"turns":5},{"damage":0,"enemies":"Large Slime","floor":11,"turns":4},{"damage":2,"enemies":"Gremlin Nob","floor":13,"turns":3},{"damage":0,"enemies":"Blue Slaver","floor":14,"turns":3},{"damage":0,"enemies":"Slime Boss","floor":16,"turns":6},{"damage":0,"enemies":"Chosen","floor":18,"turns":3},{"damage":0,"enemies":"3 Byrds","floor":19,"turns":3},{"damage":6,"enemies":"Snake Plant","floor":20,"turns":3},{"damage":1,"enemies":"Cultist and Chosen","floor":21,"turns":2},{"damage":0,"enemies":"Centurion and Healer","floor":22,"turns":5},{"damage":18,"enemies":"Slavers","floor":23,"turns":4},{"damage":47,"enemies":"Gremlin Leader","floor":25,"turns":4},{"damage":0,"enemies":"Snake Plant","floor":30,"turns":3},{"damage":0,"enemies":"Collector","floor":33,"turns":5},{"damage":0,"enemies":"Orb Walker","floor":35,"turns":4},{"damage":0,"enemies":"3 Shapes","floor":36,"turns":3},{"damage":20,"enemies":"3 Darklings","floor":39,"turns":5},{"damage":5,"enemies":"Giant Head","floor":40,"turns":5},{"damage":0,"enemies":"Reptomancer","floor":42,"turns":3},{"damage":4,"enemies":"Transient","floor":44,"turns":5},{"damage":7,"enemies":"Giant Head","floor":48,"turns":7},{"damage":28,"enemies":"Donu and Deca","floor":50,"turns":6},{"damage":2,"enemies":"Shield and Spear","floor":54,"turns":3},{"damage":31,"enemies":"The Heart","floor":55,"turns":5}],"seed_played":"-4654761175977293662","potions_obtained":[{"floor":1,"key":"ColorlessPotion"},{"floor":3,"key":"PowerPotion"},{"floor":8,"key":"Strength Potion"},{"floor":10,"key":"Strength Potion"},{"floor":11,"key":"ColorlessPotion"},{"floor":16,"key":"Dexterity Potion"},{"floor":18,"key":"Fruit Juice"},{"floor":20,"key":"DistilledChaos"},{"floor":23,"key":"EssenceOfDarkness"},{"floor":30,"key":"DuplicationPotion"},{"floor":36,"key":"Swift Potion"},{"floor":42,"key":"FocusPotion"},{"floor":45,"key":"FairyPotion"},{"floor":45,"key":"EssenceOfSteel"},{"floor":45,"key":"SkillPotion"},{"floor":54,"key":"PotionOfCapacity"}],"is_trial":false,"path_per_floor":["M","M","M","?","M","E","$","E","T","E","M","R","E","M","R","B",null,"M","M","M","M","M","E","?","E","T","?","$","R","M","?","R","B",null,"M","M","T","?","M","E","R","E","T","M","?","R","T","E","R","B",null,"R","$","E","B",null],"character_chosen":"DEFECT","items_purchased":["Apotheosis","Master of Strategy","Turbo","Skim","Swift Potion","Sling"],"campfire_rested":2,"item_purchase_floors":[7,28,28,28,53,53],"current_hp_per_floor":[65,65,65,65,65,40,40,40,40,25,25,47,45,45,45,45,68,68,68,62,71,75,57,57,20,20,20,20,42,52,52,52,62,72,75,75,75,75,55,67,67,77,77,84,89,89,89,91,91,73,87,87,87,93,72],"gold":94,"neow_bonus":"BOSS_RELIC","is_daily":false,"chose_seed":false,"campfire_upgraded":5,"win_rate":0.0,"timestamp":1612154142,"path_taken":["M","M","M","?","?","E","$","E","T","E","M","R","E","M","R","BOSS","M","M","M","M","M","E","?","E","T","?","$","R","M","?","R","BOSS","M","M","?","?","M","E","R","E","T","?","?","R","?","E","R","BOSS","R","$","E","BOSS"],"items_purchased_type":["Card","Card","Card","Card","Potion","Relic"],"build_version":"2020-12-22","purchased_purges":2,"victory":true,"max_hp_per_floor":[75,75,75,75,75,75,75,75,75,75,75,75,75,75,75,75,75,75,75,75,75,75,75,75,75,75,75,75,75,75,75,75,75,75,75,75,75,75,75,82,82,82,82,84,89,89,89,91,91,91,91,91,91,93,93],"relic_stats":{"Singing Bowl":6,"counters":[30,127],"StoneCalendar":[0],"PreservedInsect":458,"Letter Opener":[80],"MawBank":36,"Blood Vial":4,"Emotion Chip":[50,15,8,18,9],"Centennial Puzzle":[21],"Sundial":[6],"Shuriken":[4],"Gambling Chip":[79],"Bronze Scales":[87],"Tiny Chest":2,"Black Star":4,"obtain_stats":[{"Potion Belt":6,"Singing Bowl":43,"StoneCalendar":42,"PreservedInsect":13,"Letter Opener":54,"Frozen Egg 2":8,"MawBank":25,"Sling":53,"Akabeko":47,"Nuclear Battery":17,"Blood Vial":42,"Emotion Chip":9,"Centennial Puzzle":27,"DataDisk":40,"Sundial":48,"Shuriken":54,"Gambling Chip":10,"Strawberry":40,"Bronze Scales":48,"Philosopher\u0027s Stone":0,"Tiny Chest":23,"Black Star":34,"Cracked Core":0,"Meat on the Bone":37},{"Potion Belt":5,"Singing Bowl":25,"StoneCalendar":25,"PreservedInsect":9,"Letter Opener":29,"Frozen Egg 2":6,"MawBank":18,"Sling":28,"Akabeko":26,"Nuclear Battery":11,"Blood Vial":25,"Emotion Chip":6,"Centennial Puzzle":18,"DataDisk":24,"Sundial":27,"Shuriken":29,"Gambling Chip":7,"Strawberry":24,"Bronze Scales":27,"Philosopher\u0027s Stone":0,"Tiny Chest":17,"Black Star":20,"Cracked Core":0,"Meat on the Bone":22},{"Potion Belt":22,"Singing Bowl":101,"StoneCalendar":101,"PreservedInsect":40,"Letter Opener":122,"Frozen Egg 2":28,"MawBank":73,"Sling":119,"Akabeko":106,"Nuclear Battery":49,"Blood Vial":101,"Emotion Chip":28,"Centennial Puzzle":73,"DataDisk":98,"Sundial":113,"Shuriken":122,"Gambling Chip":33,"Strawberry":98,"Bronze Scales":113,"Philosopher\u0027s Stone":0,"Tiny Chest":69,"Black Star":81,"Cracked Core":0,"Meat on the Bone":88}],"Meat on the Bone":0},"card_choices":[{"not_picked":["Double Energy","Rebound"],"picked":"Go for the Eyes","floor":1},{"not_picked":["Hello World","Storm"],"picked":"BootSequence","floor":2},{"not_picked":["Steam","Turbo"],"picked":"Sweeping Beam","floor":3},{"not_picked":["Steam","Compile Driver"],"picked":"Seek","floor":5},{"not_picked":["Turbo","Steam Power"],"picked":"Darkness","floor":6},{"not_picked":["Redo","Tempest"],"picked":"Coolheaded","floor":8},{"not_picked":["Redo","Fusion"],"picked":"Double Energy","floor":10},{"not_picked":["Go for the Eyes","Cold Snap"],"picked":"Skim","floor":11},{"not_picked":["Recycle","Steam"],"picked":"Genetic Algorithm","floor":13},{"not_picked":["Leap","Cold Snap"],"picked":"Compile Driver","floor":14},{"not_picked":["Creative AI+1","Reboot"],"picked":"Multi-Cast","floor":16},{"not_picked":["Storm+1","Beam Cell"],"picked":"Compile Driver","floor":18},{"not_picked":["Reprogram","Storm+1"],"picked":"Doom and Gloom","floor":19},{"not_picked":["Leap","Redo+1"],"picked":"Self Repair+1","floor":20},{"not_picked":["Stack","Gash","Storm+1"],"picked":"SKIP","floor":21},{"not_picked":["Doom and Gloom","Hologram+1"],"picked":"Coolheaded+1","floor":22},{"not_picked":["Beam Cell","Biased Cognition+1"],"picked":"Creative AI+1","floor":23},{"not_picked":["Steam","Chill+1"],"picked":"Leap","floor":25},{"not_picked":["Rebound","Stack","Static Discharge+1"],"picked":"SKIP","floor":30},{"not_picked":["Electrodynamics+1","All For One"],"picked":"Fission","floor":33},{"not_picked":["FTL","Rip and Tear"],"picked":"Hologram","floor":35},{"not_picked":["Redo","Go for the Eyes","Auto Shields"],"picked":"SKIP","floor":36},{"not_picked":["Barrage+1","FTL+1"],"picked":"Turbo+1","floor":39},{"not_picked":["Streamline+1","Chill+1"],"picked":"Defragment+1","floor":40},{"not_picked":["Compile Driver","Cold Snap","Rebound"],"picked":"SKIP","floor":42},{"not_picked":["Tempest+1","Redo+1","Darkness+1"],"picked":"Singing Bowl","floor":44},{"not_picked":["Hologram+1","Sunder","Streamline"],"picked":"Singing Bowl","floor":48},{"not_picked":["Hello World+1","Defragment+1","Hyperbeam"],"picked":"Singing Bowl","floor":54}],"player_experience":478095,"relics_obtained":[{"floor":6,"key":"Potion Belt"},{"floor":8,"key":"Frozen Egg 2"},{"floor":9,"key":"Emotion Chip"},{"floor":10,"key":"Gambling Chip"},{"floor":13,"key":"PreservedInsect"},{"floor":23,"key":"Tiny Chest"},{"floor":25,"key":"MawBank"},{"floor":37,"key":"Meat on the Bone"},{"floor":40,"key":"Strawberry"},{"floor":40,"key":"DataDisk"},{"floor":42,"key":"Blood Vial"},{"floor":42,"key":"StoneCalendar"},{"floor":43,"key":"Singing Bowl"},{"floor":47,"key":"Akabeko"},{"floor":48,"key":"Sundial"},{"floor":48,"key":"Bronze Scales"},{"floor":54,"key":"Shuriken"},{"floor":54,"key":"Letter Opener"}],"event_choices":[{"cards_removed":["Strike_B"],"damage_healed":0,"gold_gain":0,"player_choice":"Purged","damage_taken":0,"max_hp_gain":0,"max_hp_loss":0,"event_name":"Purifier","floor":4,"gold_loss":0},{"damage_healed":0,"gold_gain":99,"player_choice":"Stole From Cult","damage_taken":0,"max_hp_gain":0,"max_hp_loss":0,"event_name":"Nest","floor":24,"gold_loss":0},{"damage_healed":0,"gold_gain":0,"player_choice":"Obtained Relic","damage_taken":0,"relics_obtained":["Centennial Puzzle"],"max_hp_gain":0,"max_hp_loss":0,"event_name":"Addict","floor":27,"gold_loss":85},{"damage_healed":0,"gold_gain":0,"player_choice":"Ignored","damage_taken":0,"max_hp_gain":0,"max_hp_loss":0,"event_name":"Ghosts","floor":31,"gold_loss":0},{"damage_healed":0,"gold_gain":0,"cards_transformed":["Strike_B"],"player_choice":"Transformed","damage_taken":0,"max_hp_gain":0,"max_hp_loss":0,"event_name":"Transmorgrifier","floor":38,"gold_loss":0,"cards_obtained":["Fusion"]},{"damage_healed":0,"gold_gain":0,"player_choice":"Got Potions","damage_taken":0,"max_hp_gain":0,"max_hp_loss":0,"event_name":"Lab","floor":45,"gold_loss":0}],"is_beta":false,"boss_relics":[{"not_picked":["Sozu","SacredBark"],"picked":"Nuclear Battery"},{"not_picked":["Busted Crown","Fusion Hammer"],"picked":"Black Star"}],"items_purged_floors":[28,53],"is_endless":false,"potions_floor_spawned":[1,3,8,10,11,16,18,20,23,30,36,42,54],"ascension_level":6}}