{"host":"5jdby9iqu3ct6557","time":1612205914,"event":{"mods":["BaseMod","DeckTracker","Highlight Path","Minty Spire (QoL Compilation)","Relic Stats","StSLib"],"gold_per_floor":[115,133,133,146,165,194,204,236,318,9,22,22,49,67,67,141,141,156,156,1,17,32,32,32,60,60,92,92,117,34,49,49,123,123,136,136,116,133,57,57,57,57],"floor_reached":41,"language":"ENG","playtime":7665,"items_purged":["Shame","Strike_R"],"score":927,"play_id":"32745ba7-473d-4e7a-b65f-a1ead3d30683","local_time":"20210201135834","is_ascension_mode":true,"campfire_choices":[{"data":"Disarm","floor":12,"key":"SMITH"},{"data":"1","floor":15,"key":"LIFT"},{"data":"2","floor":23,"key":"LIFT"},{"data":"3","floor":28,"key":"LIFT"},{"data":"Burning Pact","floor":32,"key":"SMITH"},{"floor":40,"key":"RECALL"}],"circlet_count":0,"master_deck":["AscendersBane","Bash","Clothesline","Shrug It Off","Immolate","Disarm+1","Anger","Demon Form","Sword Boomerang","Shrug It Off","Burning Pact+1","Impervious","RitualDagger","True Grit","Impervious","Feed","True Grit","Spot Weakness","Brutality","Dropkick","Berserk","Sword Boomerang","Fire Breathing","Disarm","Feel No Pain","Battle Trance"],"relics":["Burning Blood","Magic Flower","Lizard Tail","MawBank","Singing Bowl","Centennial Puzzle","Girya","Coffee Dripper","Art of War","Ice Cream","Red Mask","Pandora\u0027s Box"],"acts_visited":["Exordium","TheCity","TheBeyond"],"potions_floor_usage":[6,8,16,16,22,27,31,33,33,41],"damage_taken":[{"damage":21,"enemies":"Jaw Worm","floor":1,"turns":5},{"damage":6,"enemies":"Cultist","floor":2,"turns":3},{"damage":1,"enemies":"Small Slimes","floor":4,"turns":4},{"damage":10,"enemies":"Blue Slaver","floor":5,"turns":6},{"damage":28,"enemies":"Lagavulin","floor":6,"turns":8},{"damage":7,"enemies":"2 Fungi Beasts","floor":7,"turns":2},{"damage":6,"enemies":"3 Sentries","floor":8,"turns":8},{"damage":11,"enemies":"Large Slime","floor":11,"turns":5},{"damage":22,"enemies":"Gremlin Nob","floor":13,"turns":4},{"damage":7,"enemies":"Red Slaver","floor":14,"turns":7},{"damage":13,"enemies":"The Guardian","floor":16,"turns":11},{"damage":0,"enemies":"Chosen","floor":18,"turns":7},{"damage":20,"enemies":"Spheric Guardian","floor":21,"turns":7},{"damage":27,"enemies":"Cultist and Chosen","floor":22,"turns":9},{"damage":45,"enemies":"Book of Stabbing","floor":25,"turns":6},{"damage":11,"enemies":"Gremlin Leader","floor":27,"turns":7},{"damage":4,"enemies":"Masked Bandits","floor":29,"turns":2},{"damage":15,"enemies":"Snake Plant","floor":31,"turns":4},{"damage":30,"enemies":"Automaton","floor":33,"turns":9},{"damage":66,"enemies":"3 Darklings","floor":35,"turns":6},{"damage":8,"enemies":"Orb Walker","floor":38,"turns":4},{"damage":51,"enemies":"Nemesis","floor":41,"turns":5}],"seed_played":"1587967463878609555","potions_obtained":[{"floor":2,"key":"FearPotion"},{"floor":4,"key":"HeartOfIron"},{"floor":8,"key":"ColorlessPotion"},{"floor":13,"key":"Explosive Potion"},{"floor":16,"key":"Fire Potion"},{"floor":18,"key":"Swift Potion"},{"floor":29,"key":"DistilledChaos"},{"floor":31,"key":"Dexterity Potion"},{"floor":35,"key":"Dexterity Potion"},{"floor":37,"key":"SpeedPotion"}],"is_trial":false,"path_per_floor":["M","M","?","M","M","E","M","E","T","$","M","R","E","M","R","B",null,"M","?","$","M","M","R","?","E","T","E","R","?","$","M","R","B",null,"M","?","?","M","$","R","E"],"character_chosen":"IRONCLAD","items_purchased":["Centennial Puzzle","LiquidMemories","True Grit","Regen Potion","Battle Trance"],"campfire_rested":0,"item_purchase_floors":[10,10,20,30,39],"current_hp_per_floor":[56,59,59,67,66,47,49,52,52,52,52,52,39,43,43,39,69,80,74,74,65,49,49,49,15,15,13,13,20,20,30,30,77,88,33,33,33,39,39,39,0,0],"gold":57,"neow_bonus":"ONE_RARE_RELIC","is_daily":false,"chose_seed":false,"campfire_upgraded":2,"win_rate":0.0,"timestamp":1612205914,"path_taken":["M","M","?","M","?","E","M","E","T","$","M","R","E","M","R","BOSS","M","?","$","M","M","R","?","E","T","E","R","?","?","M","R","BOSS","M","?","?","M","$","R","E"],"items_purchased_type":["Relic","Potion","Card","Potion","Card"],"build_version":"2020-12-22","purchased_purges":2,"victory":false,"max_hp_per_floor":[75,75,75,75,75,75,75,75,75,75,77,77,77,79,79,79,79,81,81,81,83,85,85,85,87,87,87,87,89,89,91,91,91,91,93,93,93,96,96,96,96,96],"relic_stats":{"Lizard Tail":68,"Centennial Puzzle":[42],"Singing Bowl":18,"counters":[22,129],"Magic Flower":[93],"Pandora\u0027s Box":["True Grit","Spot Weakness","Brutality","Dropkick","Berserk","Sword Boomerang","Fire Breathing","Disarm"],"Art of War":[9],"MawBank":24,"obtain_stats":[{"Ice Cream":27,"Girya":13,"Lizard Tail":6,"Centennial Puzzle":10,"Singing Bowl":9,"Magic Flower":0,"Pandora\u0027s Box":34,"Coffee Dripper":17,"Art of War":25,"Red Mask":29,"MawBank":8,"Burning Blood":0},{"Ice Cream":16,"Girya":9,"Lizard Tail":5,"Centennial Puzzle":7,"Singing Bowl":7,"Magic Flower":0,"Pandora\u0027s Box":19,"Coffee Dripper":11,"Art of War":15,"Red Mask":17,"MawBank":7,"Burning Blood":0},{"Ice Cream":99,"Girya":45,"Lizard Tail":26,"Centennial Puzzle":36,"Singing Bowl":36,"Magic Flower":0,"Pandora\u0027s Box":114,"Coffee Dripper":63,"Art of War":92,"Red Mask":101,"MawBank":36,"Burning Blood":0}],"Burning Blood":189},"card_choices":[{"not_picked":["Rampage","Armaments"],"picked":"Clothesline","floor":1},{"not_picked":["Twin Strike","Pommel Strike"],"picked":"Shrug It Off","floor":2},{"not_picked":["True Grit","Body Slam"],"picked":"Disarm","floor":4},{"not_picked":["Searing Blow","Cleave"],"picked":"Anger","floor":5},{"not_picked":["Second Wind","Perfected Strike"],"picked":"Demon Form","floor":6},{"not_picked":["Havoc","Armaments"],"picked":"Sword Boomerang","floor":7},{"not_picked":["Cleave","Blood for Blood"],"picked":"Shrug It Off","floor":8},{"not_picked":["Body Slam","Anger","Armaments"],"picked":"Singing Bowl","floor":11},{"not_picked":["Iron Wave","Blood for Blood"],"picked":"Burning Pact","floor":13},{"not_picked":["Carnage","Fire Breathing","Flex"],"picked":"Singing Bowl","floor":14},{"not_picked":["Brutality","Demon Form"],"picked":"Impervious","floor":16},{"not_picked":["Perfected Strike","Heavy Blade","Sentinel"],"picked":"Singing Bowl","floor":18},{"not_picked":["Rage","Sentinel","Thunderclap"],"picked":"Singing Bowl","floor":21},{"not_picked":["Fire Breathing","Shrug It Off","Warcry+1"],"picked":"Singing Bowl","floor":22},{"not_picked":["Warcry","Second Wind","Rampage"],"picked":"Singing Bowl","floor":25},{"not_picked":["Armaments","Clothesline"],"picked":"Impervious","floor":27},{"not_picked":["Iron Wave","Pommel Strike","Twin Strike"],"picked":"Singing Bowl","floor":29},{"not_picked":["Perfected Strike","Headbutt","Twin Strike"],"picked":"Singing Bowl","floor":31},{"not_picked":["Limit Break","Berserk"],"picked":"Feed","floor":33},{"not_picked":["Spot Weakness","Dual Wield","Entrench+1"],"picked":"Singing Bowl","floor":35},{"not_picked":["Pommel Strike","Armaments"],"picked":"Feel No Pain","floor":38}],"player_experience":2470394,"relics_obtained":[{"floor":6,"key":"Lizard Tail"},{"floor":8,"key":"MawBank"},{"floor":9,"key":"Singing Bowl"},{"floor":13,"key":"Girya"},{"floor":25,"key":"Art of War"},{"floor":27,"key":"Ice Cream"},{"floor":29,"key":"Red Mask"}],"event_choices":[{"damage_healed":0,"gold_gain":0,"player_choice":"1 cards matched","damage_taken":0,"max_hp_gain":0,"max_hp_loss":0,"event_name":"Match and Keep!","floor":3,"gold_loss":0,"cards_obtained":["Immolate"]},{"damage_healed":0,"gold_gain":0,"player_choice":"Joined the Cult","damage_taken":6,"max_hp_gain":0,"max_hp_loss":0,"event_name":"Nest","floor":19,"gold_loss":0,"cards_obtained":["RitualDagger"]},{"damage_healed":0,"gold_gain":0,"player_choice":"Fought Bandits","damage_taken":0,"max_hp_gain":0,"max_hp_loss":0,"event_name":"Masked Bandits","floor":29,"gold_loss":0},{"damage_healed":0,"gold_gain":0,"player_choice":"Ignored","damage_taken":0,"max_hp_gain":0,"max_hp_loss":0,"event_name":"Mysterious Sphere","floor":36,"gold_loss":0},{"damage_healed":0,"gold_gain":0,"player_choice":"Bought 1 Potion","damage_taken":0,"max_hp_gain":0,"max_hp_loss":0,"event_name":"The Woman in Blue","floor":37,"gold_loss":0}],"is_beta":false,"boss_relics":[{"not_picked":["Runic Pyramid","Tiny House"],"picked":"Coffee Dripper"},{"not_picked":["Runic Dome","Velvet Choker"],"picked":"Pandora\u0027s Box"}],"items_purged_floors":[10,20],"is_endless":false,"potions_floor_spawned":[2,4,8,13,16,18,29,31,35],"killed_by":"Nemesis","ascension_level":20}}