{"host":"jegehu1t82aiec5j","time":1612202743,"event":{"mods":["BaseMod","Colored Map","Minty Spire (QoL Compilation)","Relic Stats","StSLib"],"gold_per_floor":[116,116,52,71,89,114,114,133,133,152,152,163,198,213,213,290,290,301,314,325,71,90,90,19,37,37,37,37,50,50,67,67,67,67],"floor_reached":33,"language":"ENG","playtime":2115,"items_purged":["Strike_R"],"score":460,"play_id":"bfa950a4-39f4-4497-a263-c43d190b4a5f","local_time":"20210201130543","is_ascension_mode":true,"campfire_choices":[{"data":"Inflame","floor":7,"key":"SMITH"},{"floor":11,"key":"REST"},{"floor":15,"key":"REST"},{"floor":23,"key":"REST"},{"floor":27,"key":"REST"},{"data":"Limit Break","floor":32,"key":"SMITH"}],"circlet_count":0,"master_deck":["AscendersBane","Strike_R","Strike_R+1","Strike_R","Strike_R","Defend_R","Defend_R","Defend_R","Defend_R","Bash+1","Limit Break+1","Feel No Pain","Clothesline","Clash","Inflame+1","Cleave","Second Wind","Rupture","Dual Wield","Power Through","Barricade","Shockwave","Disarm","Ghostly Armor","Armaments","Twin Strike+1","Bloodletting","Uppercut","Feel No Pain","Impervious","Battle Trance","Shrug It Off","Pummel"],"relics":["Burning Blood","WarpedTongs","Ginger","Champion Belt","Prayer Wheel","Regal Pillow","Runic Dome","PreservedInsect","Toy Ornithopter"],"acts_visited":["Exordium","TheCity"],"potions_floor_usage":[6,8,10,20,25,29,33],"damage_taken":[{"damage":7,"enemies":"Jaw Worm","floor":1,"turns":4},{"damage":10,"enemies":"Small Slimes","floor":4,"turns":4},{"damage":0,"enemies":"Cultist","floor":5,"turns":3},{"damage":16,"enemies":"Gremlin Nob","floor":6,"turns":4},{"damage":15,"enemies":"Gremlin Gang","floor":8,"turns":5},{"damage":2,"enemies":"Red Slaver","floor":10,"turns":3},{"damage":0,"enemies":"Large Slime","floor":12,"turns":3},{"damage":40,"enemies":"3 Sentries","floor":13,"turns":9},{"damage":6,"enemies":"Blue Slaver","floor":14,"turns":4},{"damage":50,"enemies":"Slime Boss","floor":16,"turns":10},{"damage":16,"enemies":"Chosen","floor":18,"turns":7},{"damage":16,"enemies":"Shell Parasite","floor":19,"turns":7},{"damage":43,"enemies":"Sentry and Sphere","floor":20,"turns":8},{"damage":11,"enemies":"Cultist and Chosen","floor":22,"turns":9},{"damage":35,"enemies":"Snake Plant","floor":25,"turns":4},{"damage":5,"enemies":"Sentry and Sphere","floor":29,"turns":10},{"damage":1,"enemies":"Centurion and Healer","floor":31,"turns":14},{"damage":98,"enemies":"Collector","floor":33,"turns":7}],"seed_played":"-2952901687168575445","potions_obtained":[{"floor":1,"key":"HeartOfIron"},{"floor":5,"key":"Energy Potion"},{"floor":8,"key":"Block Potion"},{"floor":16,"key":"Strength Potion"},{"floor":19,"key":"BloodPotion"},{"floor":20,"key":"EssenceOfSteel"},{"floor":25,"key":"Block Potion"}],"is_trial":false,"path_per_floor":["M","?","?","M","M","E","R","M","T","M","R","M","E","M","R","B",null,"M","M","M","$","M","R","$","M","T","R","$","M","$","M","R","B"],"character_chosen":"IRONCLAD","items_purchased":["PreservedInsect","Bloodletting","Feel No Pain"],"campfire_rested":4,"item_purchase_floors":[21,21,24],"current_hp_per_floor":[67,44,44,40,46,36,36,27,27,31,53,59,25,25,62,18,61,51,41,19,19,14,51,51,22,22,59,59,65,65,70,70,0,0],"gold":67,"neow_bonus":"ONE_RANDOM_RARE_CARD","is_daily":false,"chose_seed":false,"campfire_upgraded":2,"win_rate":0.0,"timestamp":1612202743,"path_taken":["M","?","?","M","?","E","R","M","T","?","R","M","E","M","R","BOSS","M","M","M","?","?","R","$","M","T","R","?","M","$","M","R","BOSS"],"items_purchased_type":["Relic","Card","Card"],"build_version":"2020-12-22","purchased_purges":1,"victory":false,"max_hp_per_floor":[75,75,75,75,75,75,75,75,75,75,75,75,75,75,75,75,75,75,75,75,75,75,75,75,75,75,75,75,75,75,75,75,75,75],"relic_stats":{"Regal Pillow":45,"counters":[18,115],"Prayer Wheel":10,"PreservedInsect":0,"Ginger":[16],"Champion Belt":[23],"obtain_stats":[{"Runic Dome":17,"Regal Pillow":13,"Prayer Wheel":9,"PreservedInsect":21,"Ginger":3,"Champion Belt":6,"Burning Blood":0,"Toy Ornithopter":26,"WarpedTongs":0},{"Runic Dome":10,"Regal Pillow":8,"Prayer Wheel":5,"PreservedInsect":13,"Ginger":1,"Champion Belt":4,"Burning Blood":0,"Toy Ornithopter":15,"WarpedTongs":0},{"Runic Dome":49,"Regal Pillow":35,"Prayer Wheel":20,"PreservedInsect":71,"Ginger":4,"Champion Belt":15,"Burning Blood":0,"Toy Ornithopter":84,"WarpedTongs":0}],"Burning Blood":102,"Toy Ornithopter":10,"WarpedTongs":[114]},"card_choices":[{"not_picked":["Warcry","Entrench"],"picked":"Feel No Pain","floor":1},{"not_picked":["Wild Strike","Warcry"],"picked":"Clothesline","floor":4},{"not_picked":["Second Wind","True Grit"],"picked":"Clash","floor":5},{"not_picked":["Shrug It Off","Sword Boomerang"],"picked":"Inflame","floor":6},{"not_picked":["Wild Strike","Perfected Strike"],"picked":"Cleave","floor":8},{"not_picked":["Pummel","Seeing Red"],"picked":"Second Wind","floor":10},{"not_picked":["Heavy Blade","Hemokinesis","Body Slam"],"picked":"SKIP","floor":10},{"not_picked":["True Grit","Armaments"],"picked":"Rupture","floor":12},{"not_picked":["Shockwave","Juggernaut","Armaments"],"picked":"SKIP","floor":12},{"not_picked":["Havoc","Perfected Strike"],"picked":"Dual Wield","floor":13},{"not_picked":["Armaments","Cleave"],"picked":"Power Through","floor":14},{"not_picked":["Clash","Iron Wave","Rage"],"picked":"SKIP","floor":14},{"not_picked":["Limit Break","Corruption"],"picked":"Barricade","floor":16},{"not_picked":["Seeing Red","Wild Strike"],"picked":"Shockwave","floor":18},{"not_picked":["Wild Strike+1","Infernal Blade","Flex"],"picked":"SKIP","floor":18},{"not_picked":["Anger","Twin Strike"],"picked":"Disarm","floor":19},{"not_picked":["Headbutt+1","Pommel Strike"],"picked":"Ghostly Armor","floor":19},{"not_picked":["Perfected Strike","Warcry"],"picked":"Armaments","floor":20},{"not_picked":["Thunderclap","Rage"],"picked":"Twin Strike+1","floor":20},{"not_picked":["Cleave","Sever Soul"],"picked":"Uppercut","floor":22},{"not_picked":["Iron Wave","Whirlwind+1","Havoc"],"picked":"SKIP","floor":22},{"not_picked":["Body Slam","Perfected Strike"],"picked":"Impervious","floor":25},{"not_picked":["Clash","Combust"],"picked":"Battle Trance","floor":25},{"not_picked":["Limit Break","Body Slam+1"],"picked":"Shrug It Off","floor":29},{"not_picked":["Havoc","Cleave","Clash+1"],"picked":"SKIP","floor":29},{"not_picked":["Havoc","Twin Strike"],"picked":"Pummel","floor":31},{"not_picked":["Ghostly Armor","Havoc","Warcry"],"picked":"SKIP","floor":31}],"player_experience":2569224,"relics_obtained":[{"floor":6,"key":"Champion Belt"},{"floor":9,"key":"Prayer Wheel"},{"floor":13,"key":"Regal Pillow"},{"floor":26,"key":"Toy Ornithopter"}],"event_choices":[{"damage_healed":0,"gold_gain":0,"player_choice":"Entered Light","damage_taken":23,"max_hp_gain":0,"max_hp_loss":0,"event_name":"Shining Light","floor":2,"gold_loss":0,"cards_upgraded":["Bash","Strike_R"]},{"damage_healed":0,"gold_gain":0,"player_choice":"Paid Gold","damage_taken":0,"relics_obtained":["Ginger"],"max_hp_gain":0,"max_hp_loss":0,"event_name":"WeMeetAgain","floor":3,"gold_loss":64}],"is_beta":false,"boss_relics":[{"not_picked":["Calling Bell","Black Star"],"picked":"Runic Dome"}],"items_purged_floors":[21],"is_endless":false,"potions_floor_spawned":[1,5,8,16,19,20,25],"killed_by":"Collector","ascension_level":15}}