{"host":"rolltorest","time":1612164653,"event":{"mods":["BaseMod","Minty Spire (QoL Compilation)","Relic Stats","Slay the Relics Exporter","StSLib"],"gold_per_floor":[114,72,72,91,91,121,121,147,228,242,11,24,24,50,50,122,122,141,166,166,184,201,231,231,266,313,328,328,253,263,274,274,274,274],"floor_reached":33,"language":"ENG","playtime":1039,"items_purged":[],"score":610,"play_id":"aacf2bda-85a7-4b24-a9fe-9e78aaee17db","local_time":"20210131233053","is_ascension_mode":true,"campfire_choices":[{"floor":7,"key":"REST"},{"data":"Searing Blow","floor":13,"key":"SMITH"},{"data":"Searing Blow+1","floor":15,"key":"SMITH"},{"floor":24,"key":"REST"},{"floor":28,"key":"REST"},{"floor":32,"key":"REST"}],"circlet_count":0,"master_deck":["AscendersBane","Strike_R","Strike_R","Defend_R","Defend_R","Defend_R","Defend_R","Bash","Searing Blow+2","Armaments","Fiend Fire","Clothesline","Evolve","Burning Pact","Thunderclap","Armaments","Double Tap","Immolate+1","Blood for Blood+1","Seeing Red+1","Ghostly Armor","Feed","Shrug It Off+1","Headbutt","Disarm"],"relics":["Velvet Choker","Happy Flower","Vajra","Bronze Scales","Toy Ornithopter","Mummified Hand","Membership Card","Omamori","Astrolabe","Red Mask","Self Forming Clay","Oddly Smooth Stone","Anchor"],"acts_visited":["Exordium","TheCity"],"potions_floor_usage":[25,27,33,33],"damage_taken":[{"damage":10,"enemies":"2 Louse","floor":1,"turns":3},{"damage":0,"enemies":"Cultist","floor":4,"turns":2},{"damage":15,"enemies":"3 Sentries","floor":6,"turns":8},{"damage":2,"enemies":"Gremlin Nob","floor":8,"turns":3},{"damage":0,"enemies":"Jaw Worm","floor":10,"turns":1},{"damage":0,"enemies":"2 Fungi Beasts","floor":12,"turns":3},{"damage":12,"enemies":"3 Sentries","floor":14,"turns":5},{"damage":20,"enemies":"Slime Boss","floor":16,"turns":7},{"damage":11,"enemies":"Spheric Guardian","floor":18,"turns":3},{"damage":7,"enemies":"Masked Bandits","floor":19,"turns":2},{"damage":0,"enemies":"Chosen","floor":21,"turns":3},{"damage":7,"enemies":"Centurion and Healer","floor":22,"turns":5},{"damage":15,"enemies":"Gremlin Leader","floor":23,"turns":6},{"damage":31,"enemies":"Book of Stabbing","floor":25,"turns":5},{"damage":14,"enemies":"Sentry and Sphere","floor":27,"turns":4},{"damage":6,"enemies":"Snake Plant","floor":30,"turns":4},{"damage":17,"enemies":"Shelled Parasite and Fungi","floor":31,"turns":5},{"damage":43,"enemies":"Champ","floor":33,"turns":11}],"seed_played":"-7680572033788415210","potions_obtained":[{"floor":4,"key":"BlessingOfTheForge"},{"floor":6,"key":"Weak Potion"},{"floor":10,"key":"SkillPotion"},{"floor":25,"key":"GamblersBrew"},{"floor":31,"key":"Swift Potion"}],"is_trial":false,"path_per_floor":["M","$","?","M","?","E","R","E","T","M","$","M","R","E","R","B",null,"M","?","?","M","M","E","R","E","T","M","R","?","M","M","R","B"],"character_chosen":"IRONCLAD","items_purchased":["Searing Blow","Membership Card","Evolve","Burning Pact"],"campfire_rested":4,"item_purchase_floors":[2,11,11,11],"current_hp_per_floor":[58,58,40,40,40,25,47,45,45,45,45,45,45,33,33,13,60,49,42,42,42,35,20,42,16,16,7,29,29,23,6,28,0,0],"gold":274,"neow_bonus":"BOSS_RELIC","is_daily":false,"chose_seed":false,"campfire_upgraded":2,"win_rate":0.0,"timestamp":1612164653,"path_taken":["M","$","?","M","?","E","R","E","T","M","$","M","R","E","R","BOSS","M","?","?","M","M","E","R","E","T","M","R","?","M","M","R","BOSS"],"items_purchased_type":["Card","Relic","Card","Card"],"build_version":"2020-12-18","purchased_purges":0,"victory":false,"max_hp_per_floor":[75,75,75,75,75,75,75,75,75,75,75,75,75,75,75,75,75,75,75,75,75,75,75,75,75,75,75,75,75,75,75,75,75,75],"relic_stats":{"Happy Flower":[25],"counters":[18,80],"Mummified Hand":[14],"Self Forming Clay":[39],"Bronze Scales":[147],"Astrolabe":["Immolate","Blood for Blood","Seeing Red"],"obtain_stats":[{"Happy Flower":3,"Self Forming Clay":23,"Astrolabe":17,"Velvet Choker":0,"Vajra":5,"Oddly Smooth Stone":25,"Omamori":14,"Burning Blood":0,"Anchor":26,"Mummified Hand":9,"Bronze Scales":6,"Red Mask":19,"Membership Card":11,"Toy Ornithopter":8},{"Happy Flower":1,"Self Forming Clay":13,"Astrolabe":8,"Velvet Choker":0,"Vajra":2,"Oddly Smooth Stone":14,"Omamori":7,"Burning Blood":0,"Anchor":14,"Mummified Hand":4,"Bronze Scales":3,"Red Mask":10,"Membership Card":5,"Toy Ornithopter":4},{"Happy Flower":3,"Self Forming Clay":51,"Astrolabe":32,"Velvet Choker":0,"Vajra":5,"Oddly Smooth Stone":56,"Omamori":25,"Burning Blood":0,"Anchor":56,"Mummified Hand":16,"Bronze Scales":13,"Red Mask":37,"Membership Card":17,"Toy Ornithopter":16}],"Toy Ornithopter":20},"card_choices":[{"not_picked":["Havoc","Pommel Strike"],"picked":"Perfected Strike","floor":1},{"not_picked":["Metallicize","Sword Boomerang"],"picked":"Armaments","floor":4},{"not_picked":["Inflame","Dropkick"],"picked":"Fiend Fire","floor":6},{"not_picked":["Havoc","Flex","Iron Wave"],"picked":"SKIP","floor":8},{"not_picked":["Warcry","Double Tap"],"picked":"Clothesline","floor":10},{"not_picked":["Dual Wield","Reckless Charge"],"picked":"Thunderclap","floor":12},{"not_picked":["Reckless Charge","Searing Blow"],"picked":"Armaments","floor":14},{"not_picked":["Bludgeon","Exhume"],"picked":"Double Tap","floor":16},{"not_picked":["Wild Strike","Clash","Combust"],"picked":"SKIP","floor":18},{"not_picked":["Sword Boomerang","Wild Strike"],"picked":"Ghostly Armor","floor":19},{"not_picked":["Warcry","Sword Boomerang+1","Sentinel"],"picked":"SKIP","floor":21},{"not_picked":["Wild Strike","Body Slam","Anger"],"picked":"SKIP","floor":22},{"not_picked":["Fiend Fire","Heavy Blade"],"picked":"Feed","floor":23},{"not_picked":["Heavy Blade","Rampage","Intimidate"],"picked":"SKIP","floor":25},{"not_picked":["Body Slam","Ghostly Armor"],"picked":"Shrug It Off+1","floor":27},{"not_picked":["Clash","Infernal Blade"],"picked":"Headbutt","floor":30},{"not_picked":["Body Slam","Clash"],"picked":"Disarm","floor":31}],"player_experience":1789331,"relics_obtained":[{"floor":6,"key":"Bronze Scales"},{"floor":8,"key":"Toy Ornithopter"},{"floor":9,"key":"Mummified Hand"},{"floor":14,"key":"Omamori"},{"floor":19,"key":"Red Mask"},{"floor":23,"key":"Self Forming Clay"},{"floor":25,"key":"Oddly Smooth Stone"},{"floor":26,"key":"Anchor"}],"event_choices":[{"damage_healed":0,"gold_gain":0,"player_choice":"Success","damage_taken":18,"relics_obtained":["Happy Flower"],"max_hp_gain":0,"max_hp_loss":0,"event_name":"Scrap Ooze","floor":3,"gold_loss":0},{"damage_healed":0,"gold_gain":0,"player_choice":"Gave Potion","damage_taken":0,"relics_obtained":["Vajra"],"max_hp_gain":0,"max_hp_loss":0,"event_name":"WeMeetAgain","floor":5,"gold_loss":0},{"damage_healed":0,"gold_gain":0,"player_choice":"Fought Bandits","damage_taken":0,"max_hp_gain":0,"max_hp_loss":0,"event_name":"Masked Bandits","floor":19,"gold_loss":0},{"damage_healed":0,"gold_gain":0,"player_choice":"Ignored","damage_taken":0,"max_hp_gain":0,"max_hp_loss":0,"event_name":"Vampires","floor":20,"gold_loss":0},{"cards_removed":["Perfected Strike"],"damage_healed":0,"gold_gain":0,"player_choice":"Gave Gold","damage_taken":0,"max_hp_gain":0,"max_hp_loss":0,"event_name":"Beggar","floor":29,"gold_loss":75}],"is_beta":true,"boss_relics":[{"not_picked":["SacredBark","SlaversCollar"],"picked":"Astrolabe"}],"items_purged_floors":[],"is_endless":false,"potions_floor_spawned":[4,6,10,14,21,22,23,25,31],"killed_by":"Champ","ascension_level":20}}