{"host":"xi8yg1ddhptuxb9d","time":1612184911,"event":{"mods":["AchievementEnabler","BaseMod","Block Reminder","Minty Spire (QoL Compilation)","Relic Sorter","StSLib"],"gold_per_floor":[115,132,132,151,161,190,190,202,202,229,6,16,36,71,71,143,143,156,172,191,206,256,256,275,275,275,287,47,47,47,65,65,142,142,156,156,156,156],"floor_reached":37,"language":"ENG","playtime":2056,"items_purged":[],"score":801,"play_id":"48c2a10b-1601-4533-8d19-e2c6078aa928","local_time":"20210201080831","is_ascension_mode":true,"campfire_choices":[{"floor":7,"key":"REST"},{"floor":15,"key":"REST"},{"floor":23,"key":"REST"},{"floor":25,"key":"REST"},{"floor":30,"key":"REST"},{"floor":32,"key":"REST"}],"circlet_count":0,"master_deck":["AscendersBane","Strike_G","Strike_G","Strike_G","Strike_G","Defend_G","Defend_G","Defend_G","Defend_G","Defend_G","Survivor","Neutralize","Footwork","Cloak And Dagger","Dagger Throw","Quick Slash","Footwork","Acrobatics","Burst","Footwork+1","Blade Dance","Sucker Punch","Dagger Spray","Bouncing Flask","Catalyst","After Image+1","Prepared","Cloak And Dagger","Footwork+1","Dash","After Image+1","Noxious Fumes+1","Corpse Explosion","Deadly Poison+1","Envenom+1","Leg Sweep+1"],"relics":["Fusion Hammer","Orichalcum","Ice Cream","Frozen Egg 2","WingedGreaves","WristBlade","Gremlin Horn","MutagenicStrength","HoveringKite"],"acts_visited":["Exordium","TheCity","TheBeyond"],"potions_floor_usage":[6,12,13,24,24,33,33],"damage_taken":[{"damage":0,"enemies":"Cultist","floor":1,"turns":4},{"damage":4,"enemies":"Jaw Worm","floor":2,"turns":5},{"damage":0,"enemies":"Small Slimes","floor":4,"turns":5},{"damage":2,"enemies":"3 Louse","floor":5,"turns":5},{"damage":5,"enemies":"Lagavulin","floor":6,"turns":7},{"damage":0,"enemies":"Large Slime","floor":8,"turns":9},{"damage":5,"enemies":"3 Sentries","floor":10,"turns":12},{"damage":5,"enemies":"2 Fungi Beasts","floor":12,"turns":4},{"damage":5,"enemies":"Exordium Thugs","floor":13,"turns":4},{"damage":14,"enemies":"Gremlin Nob","floor":14,"turns":4},{"damage":5,"enemies":"Hexaghost","floor":16,"turns":11},{"damage":18,"enemies":"Shell Parasite","floor":18,"turns":4},{"damage":12,"enemies":"Spheric Guardian","floor":19,"turns":6},{"damage":13,"enemies":"Snake Plant","floor":20,"turns":5},{"damage":16,"enemies":"Snecko","floor":21,"turns":6},{"damage":10,"enemies":"Shelled Parasite and Fungi","floor":24,"turns":6},{"damage":23,"enemies":"Cultist and Chosen","floor":27,"turns":9},{"damage":19,"enemies":"Snake Plant","floor":31,"turns":6},{"damage":14,"enemies":"Collector","floor":33,"turns":7},{"damage":11,"enemies":"3 Shapes","floor":35,"turns":6},{"damage":64,"enemies":"2 Orb Walkers","floor":37,"turns":4}],"seed_played":"694146254029951614","potions_obtained":[{"floor":1,"key":"Swift Potion"},{"floor":2,"key":"CultistPotion"},{"floor":8,"key":"Explosive Potion"},{"floor":14,"key":"CunningPotion"},{"floor":16,"key":"Dexterity Potion"},{"floor":27,"key":"Explosive Potion"},{"floor":31,"key":"DuplicationPotion"},{"floor":33,"key":"Ancient Potion"}],"is_trial":false,"path_per_floor":["M","M","?","M","M","E","R","M","T","E","$","M","M","E","R","B",null,"M","M","M","M","?","R","M","R","T","M","$","?","R","M","R","B",null,"M","?","?"],"character_chosen":"THE_SILENT","items_purchased":["Footwork+1","Blade Dance","Sucker Punch","Dagger Spray","Noxious Fumes+1","Corpse Explosion"],"campfire_rested":6,"item_purchase_floors":[11,11,11,11,28,28],"current_hp_per_floor":[59,55,48,48,46,41,60,60,60,55,55,50,45,31,50,45,61,43,31,18,2,2,21,11,30,30,7,7,7,26,7,26,12,53,42,42,0,0],"gold":156,"neow_bonus":"BOSS_RELIC","is_daily":false,"chose_seed":false,"campfire_upgraded":0,"win_rate":0.0,"timestamp":1612184911,"path_taken":["M","M","?","M","M","E","R","M","T","E","$","M","M","E","R","BOSS","M","M","M","M","?","R","M","R","T","M","$","?","R","M","R","BOSS","M","?","?"],"items_purchased_type":["Card","Card","Card","Card","Card","Card"],"build_version":"2020-12-22","purchased_purges":0,"victory":false,"max_hp_per_floor":[66,66,66,66,66,66,66,66,66,66,66,66,66,66,66,66,66,66,66,66,66,66,66,66,66,66,66,66,66,66,66,66,66,66,66,66,66,66],"card_choices":[{"not_picked":["Slice","Bane"],"picked":"Footwork","floor":1},{"not_picked":["Concentrate","Endless Agony"],"picked":"Cloak And Dagger","floor":2},{"not_picked":["Cloak And Dagger","Distraction"],"picked":"Dagger Throw","floor":4},{"not_picked":["Outmaneuver","Underhanded Strike"],"picked":"Quick Slash","floor":5},{"not_picked":["Flying Knee","Outmaneuver"],"picked":"Footwork","floor":6},{"not_picked":["Cloak And Dagger","Slice"],"picked":"Acrobatics","floor":8},{"not_picked":["Deflect","Flechettes"],"picked":"Burst","floor":10},{"not_picked":["Deadly Poison","Dagger Throw"],"picked":"Bouncing Flask","floor":12},{"not_picked":["Heel Hook","Acrobatics","Slice"],"picked":"SKIP","floor":13},{"not_picked":["Deadly Poison","PiercingWail"],"picked":"Catalyst","floor":14},{"not_picked":["Phantasmal Killer","Storm of Steel"],"picked":"After Image+1","floor":16},{"not_picked":["Acrobatics","Reflex"],"picked":"Prepared","floor":18},{"not_picked":["Bane","Acrobatics"],"picked":"Cloak And Dagger","floor":19},{"not_picked":["Dagger Spray+1","Dagger Throw"],"picked":"Footwork+1","floor":20},{"not_picked":["Blade Dance","Heel Hook"],"picked":"Dash","floor":21},{"not_picked":["Slice","Heel Hook","Outmaneuver"],"picked":"SKIP","floor":24},{"not_picked":["Quick Slash","Deflect"],"picked":"After Image+1","floor":27},{"not_picked":["Predator","Poisoned Stab"],"picked":"Deadly Poison+1","floor":31},{"not_picked":["Doppelganger","Night Terror"],"picked":"Envenom+1","floor":33},{"not_picked":["Dodge and Roll","Deadly Poison+1"],"picked":"Leg Sweep+1","floor":35}],"player_experience":695258,"relics_obtained":[{"floor":6,"key":"Orichalcum"},{"floor":9,"key":"Ice Cream"},{"floor":10,"key":"Frozen Egg 2"},{"floor":14,"key":"WingedGreaves"},{"floor":26,"key":"Gremlin Horn"}],"event_choices":[{"cards_removed":["Strike_G"],"damage_healed":0,"gold_gain":0,"player_choice":"Card Removal","damage_taken":7,"max_hp_gain":0,"max_hp_loss":0,"event_name":"Golden Wing","floor":3,"gold_loss":0},{"damage_healed":0,"gold_gain":50,"player_choice":"Stole From Cult","damage_taken":0,"max_hp_gain":0,"max_hp_loss":0,"event_name":"Nest","floor":22,"gold_loss":0},{"damage_healed":0,"gold_gain":0,"player_choice":"Inject Mutagens","damage_taken":0,"relics_obtained":["MutagenicStrength"],"max_hp_gain":0,"max_hp_loss":0,"event_name":"Drug Dealer","floor":29,"gold_loss":0},{"damage_healed":0,"gold_gain":0,"player_choice":"Ignored","damage_taken":0,"max_hp_gain":0,"max_hp_loss":0,"event_name":"Tomb of Lord Red Mask","floor":36,"gold_loss":0},{"damage_healed":0,"gold_gain":0,"player_choice":"Fight","damage_taken":0,"max_hp_gain":0,"max_hp_loss":0,"event_name":"Mysterious Sphere","floor":37,"gold_loss":0}],"is_beta":false,"boss_relics":[{"not_picked":["Empty Cage","Velvet Choker"],"picked":"WristBlade"},{"not_picked":["Coffee Dripper","Philosopher\u0027s Stone"],"picked":"HoveringKite"}],"items_purged_floors":[],"is_endless":false,"potions_floor_spawned":[1,2,8,14,16,20,27,31,33],"killed_by":"2 Orb Walkers","ascension_level":18}}