{"host":"2q4p6kdcvpgo6z81","time":1612218601,"event":{"mods":["BaseMod","Colored Map","Downfall","Minty Spire (QoL Compilation)","StSLib"],"gold_per_floor":[99,116,130,150,162,196,196,216,234,234,33,33,53,66,111,211,211,211,230,240,253,203,203,203,222,222,222,266,285,317,327,342,342,342,342],"floor_reached":33,"language":"ENG","playtime":3698,"items_purged":[],"score":329,"play_id":"8e4668ae-8011-49d8-904c-c60327fce1e7","local_time":"20210201173001","is_ascension_mode":false,"campfire_choices":[{"data":"sneckomod:Unknown","floor":1,"key":"SMITH"},{"floor":12,"key":"REST"},{"data":"sneckomod:MasterEye","floor":18,"key":"SMITH"},{"data":"sneckomod:Unknown0Cost","floor":23,"key":"SMITH"}],"circlet_count":0,"master_deck":["sneckomod:Strike","sneckomod:Strike+1","sneckomod:Strike+1","sneckomod:Defend","sneckomod:Defend+1","sneckomod:Defend+1","sneckomod:TailWhip","sneckomod:SnekBite+1","sneckomod:Unknown+1","sneckomod:Unknown","sneckomod:UnknownDraw","sneckomod:Unknown0Cost+1","sneckomod:SnakeSap","sneckomod:Unknown3Cost+1","sneckomod:UnknownBlock","sneckomod:SerpentIdol","hexamod:SixthSeal","sneckomod:CheapStock+1","sneckomod:SnakeSap+1","sneckomod:CheapStock","Decay","sneckomod:SoulDraw","sneckomod:MasterEye+1","sneckomod:UnknownVulnerable+1","sneckomod:UnknownWeak+1","sneckomod:UnknownRarePower+1","sneckomod:UnknownRareSkill+1","sneckomod:UnknownX","sneckomod:UnknownExhaust+1","sneckomod:UnknownUncommonPower+1","hexamod:FirstSeal","hexamod:ThirdSeal","hexamod:FourthSeal","sneckomod:DiceBlock","sneckomod:SlitherStrike","sneckomod:UnknownClassBLUE","sneckomod:UnknownX+1","sneckomod:SnekBeam","sneckomod:SnekBeam","sneckomod:DiceBlock","sneckomod:Unknown2Cost","hexamod:SecondSeal"],"relics":["sneckomod:SneckoSoul","Kunai","Bag of Preparation","Busted Crown","Ginger","Pear","TungstenRod"],"acts_visited":["Exordium","TheCity"],"potions_floor_usage":[13,19,29,31,31,32,33],"damage_taken":[{"damage":1,"enemies":"Cultist","floor":2,"turns":3},{"damage":8,"enemies":"Jaw Worm","floor":3,"turns":4},{"damage":3,"enemies":"Small Slimes","floor":4,"turns":3},{"damage":2,"enemies":"Gremlin Gang","floor":5,"turns":5},{"damage":25,"enemies":"3 Sentries","floor":6,"turns":8},{"damage":4,"enemies":"Blue Slaver","floor":8,"turns":3},{"damage":17,"enemies":"2 Fungi Beasts","floor":9,"turns":4},{"damage":0,"enemies":"downfall:FleeingMerchant","floor":11,"turns":4},{"damage":19,"enemies":"3 Louse","floor":13,"turns":4},{"damage":0,"enemies":"Gremlin Gang","floor":14,"turns":4},{"damage":2,"enemies":"Large Slime","floor":15,"turns":5},{"damage":48,"enemies":"DF_ARCHETYPE_STREAMLINE","floor":16,"turns":9},{"damage":20,"enemies":"Shell Parasite","floor":19,"turns":3},{"damage":33,"enemies":"Spheric Guardian","floor":20,"turns":7},{"damage":19,"enemies":"Snake Plant","floor":21,"turns":5},{"damage":26,"enemies":"Shelled Parasite and Fungi","floor":25,"turns":5},{"damage":52,"enemies":"3 Cultists","floor":28,"turns":8},{"damage":8,"enemies":"Chosen and Byrds","floor":29,"turns":2},{"damage":10,"enemies":"Book of Stabbing","floor":30,"turns":4},{"damage":19,"enemies":"Snake Plant","floor":31,"turns":3},{"damage":0,"enemies":"Centurion and Healer","floor":32,"turns":4},{"damage":23,"enemies":"IC_MUSHROOM_ARCHETYPE","floor":33,"turns":4}],"seed_played":"524222376201314698","potions_obtained":[{"floor":4,"key":"CultistPotion"},{"floor":8,"key":"SteroidPotion"},{"floor":14,"key":"Ancient Potion"},{"floor":15,"key":"Weak Potion"},{"floor":27,"key":"downfall:CursedFountainPotion"},{"floor":29,"key":"Ancient Potion"},{"floor":30,"key":"Regen Potion"},{"floor":31,"key":"Slimebound:ThreeZeroPotion"}],"is_trial":false,"path_per_floor":["R","M","M","M","M","E","T","M","M","?","$","R","M","M","M","B",null,"R","M","M","M","?","R","T","M","T","?","M","M","E","M","M","B"],"character_chosen":"THE_SNECKO","items_purchased":["Bag of Preparation","sneckomod:MasterEye"],"campfire_rested":1,"item_purchase_floors":[11,11],"current_hp_per_floor":[99,98,90,87,85,60,60,56,44,44,44,73,54,54,52,4,99,99,79,46,27,62,62,62,53,63,63,28,20,17,14,14,0,0,0],"gold":342,"neow_bonus":"TEN_PERCENT_HP_BONUS","is_daily":false,"chose_seed":false,"campfire_upgraded":3,"win_rate":0.0,"timestamp":1612218601,"path_taken":["R","M","M","M","M","E","T","M","M","?","$","R","M","M","M","BOSS","R","?","?","M","?","R","T","M","?","?","M","M","E","?","M","BOSS"],"items_purchased_type":["Relic","Card"],"build_version":"2020-12-22","purchased_purges":0,"victory":false,"max_hp_per_floor":[99,99,99,99,99,99,99,99,99,99,99,99,99,99,99,99,99,99,99,99,99,99,99,99,99,109,109,109,109,109,109,109,109,109,109],"card_choices":[{"not_picked":["sneckomod:WideSting","sneckomod:UnknownCommonSkill"],"picked":"sneckomod:UnknownDraw","floor":2},{"not_picked":["sneckomod:UnknownBlock","sneckomod:UnknownCommonAttack"],"picked":"sneckomod:Unknown0Cost","floor":3},{"not_picked":["sneckomod:UnknownX","sneckomod:UnknownBlock"],"picked":"sneckomod:SnakeSap","floor":4},{"not_picked":["sneckomod:Nope","sneckomod:ImprovisedGuard"],"picked":"sneckomod:Unknown3Cost","floor":5},{"not_picked":["sneckomod:Nope","sneckomod:UnknownWeak"],"picked":"sneckomod:UnknownBlock","floor":6},{"not_picked":["sneckomod:QuickMove","sneckomod:QuickBite"],"picked":"sneckomod:SerpentIdol","floor":8},{"not_picked":["hexamod:FourthSeal","hexamod:SecondSeal"],"picked":"hexamod:SixthSeal","floor":9},{"not_picked":["sneckomod:Unknown1Cost","sneckomod:DiceBlock"],"picked":"sneckomod:CheapStock","floor":9},{"not_picked":["sneckomod:SoulRoll","sneckomod:DangerNoodle"],"picked":"sneckomod:SoulDraw","floor":11},{"not_picked":["sneckomod:DiceCrush","sneckomod:SoulRoll"],"picked":"sneckomod:UnknownVulnerable","floor":13},{"not_picked":["sneckomod:UnknownBlock","sneckomod:UnknownCommonAttack"],"picked":"sneckomod:UnknownWeak","floor":14},{"not_picked":["sneckomod:CheapStock","sneckomod:QuickMove"],"picked":"sneckomod:UnknownRarePower","floor":15},{"not_picked":["sneckomod:UnknownRareAttack","sneckomod:UnknownBoss"],"picked":"sneckomod:UnknownRareSkill","floor":16},{"not_picked":[],"picked":"sneckomod:UnknownX","floor":19},{"not_picked":[],"picked":"sneckomod:UnknownExhaust","floor":20},{"not_picked":[],"picked":"sneckomod:UnknownUncommonPower+1","floor":21},{"not_picked":["hexamod:SixthSeal","hexamod:FourthSeal"],"picked":"hexamod:FirstSeal","floor":21},{"not_picked":["hexamod:SecondSeal","hexamod:FirstSeal"],"picked":"hexamod:ThirdSeal","floor":25},{"not_picked":["hexamod:ThirdSeal","hexamod:FirstSeal"],"picked":"hexamod:FourthSeal","floor":25},{"not_picked":[],"picked":"sneckomod:DiceBlock","floor":25},{"not_picked":[],"picked":"sneckomod:SlitherStrike","floor":28},{"not_picked":[],"picked":"sneckomod:UnknownClassBLUE","floor":28},{"not_picked":[],"picked":"sneckomod:UnknownX+1","floor":29},{"not_picked":[],"picked":"sneckomod:SnekBeam","floor":29},{"not_picked":[],"picked":"sneckomod:SnekBeam","floor":30},{"not_picked":[],"picked":"sneckomod:DiceBlock","floor":31},{"not_picked":[],"picked":"sneckomod:Unknown2Cost","floor":31},{"not_picked":["hexamod:FourthSeal","hexamod:SixthSeal"],"picked":"hexamod:SecondSeal","floor":32},{"not_picked":["sneckomod:SoulCleanse"],"picked":"SKIP","floor":32}],"player_experience":1579279,"relics_obtained":[{"floor":6,"key":"Kunai"},{"floor":24,"key":"Ginger"},{"floor":26,"key":"Pear"},{"floor":30,"key":"TungstenRod"}],"event_choices":[],"is_beta":false,"boss_relics":[{"not_picked":["Velvet Choker","Philosopher\u0027s Stone"],"picked":"Busted Crown"}],"items_purged_floors":[],"is_endless":false,"potions_floor_spawned":[4,8,14,15,16,29,30,31],"killed_by":"IC_MUSHROOM_ARCHETYPE","ascension_level":0}}