{"host":"farxtl2u8hmkbdo2","time":1612140133,"event":{"mods":["A Magickal Journey","BaseMod","Better Altar","Better Note","Better Sensory Stone","Better Skull","Better Third Choice","Challenge The Spire","Colored Map","Colored Powertips","Current Relic Mod","Energized Spire","Fox Events","Gremlin Mod","Hermit","Hubris","Mimic Mod","Minty Spire (QoL Compilation)","Quick Restart","READ ME - Guardian Mod","READ ME - Snecko Mod","Rare Cards Sparkle","StSLib","The Bladedancer","The Bug Knight","The Cursed","The Disciple","The Hierophant","The Marked","The Necromancer","The Runesmith","Transform Curses"],"gold_per_floor":[89,0,14,26,46,58,64,82,161,190,282,295,326,351,351,414,414,449,449,449,461,507,507,524,489,534,165,183,108,119,87,87],"floor_reached":31,"language":"SPA","playtime":3454,"items_purged":[],"score":425,"play_id":"c258dcec-5198-4e5e-b785-5d0aa71f90f6","local_time":"20210131214213","is_ascension_mode":true,"campfire_choices":[{"floor":15,"key":"REST"}],"circlet_count":0,"master_deck":["hierophant:Strike_Hierophant+1","hierophant:Strike_Hierophant","hierophant:Strike_Hierophant","hierophant:Punish","hierophant:Defend_Hierophant+1","hierophant:Defend_Hierophant","hierophant:Defend_Hierophant","hierophant:ChurchCoffers","hierophant:Doubloon","hierophant:Remorse+1","Enlightenment","hierophant:Doubloon","hierophant:ConvertCurrency","hierophant:PristineSoul","hierophant:PristineSoul","hierophant:Doubloon+1","hierophant:ConvertCurrency","hierophant:RustyCrate","hierophant:Doubloon","hierophant:Doubloon","hierophant:MorningPrayer","hierophant:Cornucopia+1","hierophant:ThreeLashes","hierophant:FaithHealing","hierophant:Doubloon","hierophant:Charity","hierophant:Smite","hierophant:Invocation","hierophant:Zeal+1","hierophant:Martyrdom","hierophant:Bribe","hierophant:HolyVerse","hierophant:HolyVerse","hierophant:AuricForm","hierophant:Sermon+1","hierophant:AuricShield","hierophant:Patience+1"],"relics":["hierophant:PropheticMaskRelic","Whetstone","hubris:CuriousFeather","InkBottle","hubris:BundleOfHerbs","Ancient Tea Set","Potion Belt","SacredBark","MutagenicStrength","War Paint","Orichalcum","CeramicFish","Cauldron","hierophant:DonationBoxRelic","Bronze Scales"],"acts_visited":["Exordium","TheCity"],"potions_floor_usage":[6,10,16,16,21,22,23,23,26,28,28,30,30,31,31,31,31],"damage_taken":[{"damage":1,"enemies":"Cultist","floor":1,"turns":3},{"damage":7,"enemies":"Jaw Worm","floor":3,"turns":2},{"damage":1,"enemies":"2 Louse","floor":4,"turns":2},{"damage":14,"enemies":"Exordium Wildlife","floor":5,"turns":3},{"damage":15,"enemies":"Gremlin Nob","floor":6,"turns":4},{"damage":9,"enemies":"Gremlin Gang","floor":7,"turns":3},{"damage":20,"enemies":"Lagavulin","floor":8,"turns":6},{"damage":4,"enemies":"Gremlin Nob","floor":10,"turns":3},{"damage":8,"enemies":"3 Louse","floor":11,"turns":3},{"damage":0,"enemies":"2 Fungi Beasts","floor":12,"turns":3},{"damage":1,"enemies":"Large Slime","floor":13,"turns":7},{"damage":0,"enemies":"Lagavulin","floor":14,"turns":5},{"damage":8,"enemies":"Slime Boss","floor":16,"turns":5},{"damage":0,"enemies":"Spheric Guardian","floor":18,"turns":2},{"damage":0,"enemies":"Chosen","floor":21,"turns":3},{"damage":23,"enemies":"Centurion and Healer","floor":22,"turns":3},{"damage":38,"enemies":"Slavers","floor":23,"turns":6},{"damage":3,"enemies":"Cultist and Chosen","floor":24,"turns":5},{"damage":21,"enemies":"3 Cultists","floor":25,"turns":5},{"damage":0,"enemies":"Sentry and Sphere","floor":26,"turns":4},{"damage":20,"enemies":"Book of Stabbing","floor":28,"turns":4},{"damage":16,"enemies":"Gremlin Leader","floor":30,"turns":6},{"damage":0,"enemies":"Colosseum Slavers","floor":31,"turns":2},{"damage":24,"enemies":"Colosseum Nobs","floor":31,"turns":2}],"seed_played":"-4000641198329582895","potions_obtained":[{"floor":3,"key":"LiquidBronze"},{"floor":5,"key":"BlessingOfTheForge"},{"floor":6,"key":"Strength Potion"},{"floor":7,"key":"Energy Potion"},{"floor":11,"key":"SmokeBomb"},{"floor":14,"key":"SteroidPotion"},{"floor":16,"key":"DistilledChaos"},{"floor":18,"key":"Regen Potion"},{"floor":21,"key":"Ancient Potion"},{"floor":24,"key":"SteroidPotion"},{"floor":25,"key":"SkillPotion"},{"floor":27,"key":"PowerPotion"},{"floor":27,"key":"EntropicBrew"},{"floor":27,"key":"SpeedPotion"},{"floor":27,"key":"Explosive Potion"}],"is_trial":false,"path_per_floor":["M","?","M","M","M","E","M","E","T","E","M","M","MIM","E","R","B",null,"M","?","?","M","M","E","M","M","MIM","$","E","?","E","?"],"character_chosen":"HIEROPHANT","items_purchased":["CeramicFish","Cauldron","hierophant:AuricShield"],"campfire_rested":1,"item_purchase_floors":[27,27,27],"current_hp_per_floor":[74,80,73,72,58,43,34,14,14,10,2,2,1,1,25,17,81,81,81,81,81,58,65,62,41,41,41,21,21,5,0,0],"gold":87,"neow_bonus":"REMOVE_CARD","is_daily":false,"chose_seed":false,"campfire_upgraded":0,"win_rate":0.0,"timestamp":1612140133,"path_taken":["M","?","M","M","?","E","M","E","T","E","M","M","?","E","R","BOSS","M","?","?","?","M","E","M","M","MIM","$","E","?","E","?"],"items_purchased_type":["Relic","Relic","Card"],"build_version":"2020-12-22","purchased_purges":0,"victory":false,"max_hp_per_floor":[75,81,81,81,81,81,81,81,81,81,81,81,81,81,81,81,81,81,81,81,81,81,81,81,81,81,81,81,81,81,81,81],"card_choices":[{"not_picked":["hierophant:FlamingChariot","hierophant:Sermon"],"picked":"hierophant:Remorse","floor":1},{"not_picked":["hierophant:Exaltation","hierophant:OrnateJavelin"],"picked":"hierophant:ConvertCurrency","floor":3},{"not_picked":["hierophant:Community","hierophant:PassingBell"],"picked":"hierophant:PristineSoul","floor":4},{"not_picked":["hierophant:Mercenaries","hierophant:Community"],"picked":"hierophant:PristineSoul","floor":5},{"not_picked":["hierophant:Embezzle","hierophant:AuricBeam"],"picked":"hierophant:ConvertCurrency","floor":6},{"not_picked":["hierophant:Racketeering","hierophant:AuricShield"],"picked":"hierophant:RustyCrate","floor":7},{"not_picked":["hierophant:AuricBeam","hierophant:Glossolalia"],"picked":"hierophant:MorningPrayer","floor":8},{"not_picked":["hierophant:HammerAndAnvil","hierophant:Community"],"picked":"hierophant:Cornucopia","floor":10},{"not_picked":["hierophant:MirrorShield","hierophant:RepressedViolence"],"picked":"hierophant:ThreeLashes","floor":11},{"not_picked":["hierophant:SealAway","hierophant:AuricBeam"],"picked":"hierophant:FaithHealing","floor":12},{"not_picked":["hierophant:PassingBell","hierophant:FieryStrike"],"picked":"hierophant:Charity","floor":13},{"not_picked":["hierophant:AuricBeam","hierophant:Sermon"],"picked":"hierophant:Smite","floor":14},{"not_picked":["hierophant:Batter","hierophant:Levitation"],"picked":"hierophant:Invocation","floor":16},{"not_picked":["hierophant:Patience","hierophant:MirrorShield"],"picked":"hierophant:Zeal+1","floor":18},{"not_picked":["hierophant:FieryStrike","hierophant:OrnateBuckler"],"picked":"hierophant:Martyrdom","floor":21},{"not_picked":["hierophant:DisplayOfPower","hierophant:MorningPrayer"],"picked":"hierophant:Bribe","floor":22},{"not_picked":["hierophant:Community+1","hierophant:FlamingChariot+1"],"picked":"hierophant:HolyVerse","floor":23},{"not_picked":["hierophant:Embezzle","hierophant:Shelter"],"picked":"hierophant:HolyVerse","floor":24},{"not_picked":["hierophant:Glossolalia","hierophant:RustyCrate"],"picked":"hierophant:AuricForm","floor":25},{"not_picked":["hierophant:RepressedViolence+1","hierophant:Community"],"picked":"hierophant:Sermon+1","floor":26},{"not_picked":["hierophant:Purify","hierophant:Racketeering"],"picked":"hierophant:Patience+1","floor":28},{"not_picked":["hierophant:Purify","hierophant:MirrorShield","hierophant:ThreeLashes"],"picked":"SKIP","floor":30}],"player_experience":1990561,"relics_obtained":[{"floor":6,"key":"Whetstone"},{"floor":8,"key":"hubris:CuriousFeather"},{"floor":9,"key":"InkBottle"},{"floor":10,"key":"hubris:BundleOfHerbs"},{"floor":13,"key":"Ancient Tea Set"},{"floor":14,"key":"Potion Belt"},{"floor":23,"key":"War Paint"},{"floor":26,"key":"Orichalcum"},{"floor":28,"key":"hierophant:DonationBoxRelic"},{"floor":30,"key":"Bronze Scales"}],"event_choices":[{"damage_healed":0,"gold_gain":0,"player_choice":"RENOUNCE","damage_taken":89,"max_hp_gain":0,"max_hp_loss":0,"event_name":"betterThird:BetterSerpent","floor":2,"gold_loss":89,"cards_obtained":["Enlightenment"]},{"damage_healed":0,"gold_gain":0,"player_choice":"Inject Mutagens","damage_taken":0,"relics_obtained":["MutagenicStrength"],"max_hp_gain":0,"max_hp_loss":0,"event_name":"Drug Dealer","floor":19,"gold_loss":0},{"damage_healed":0,"gold_gain":0,"player_choice":"Forge","damage_taken":0,"max_hp_gain":0,"max_hp_loss":0,"event_name":"Accursed Blacksmith","floor":20,"gold_loss":0,"cards_upgraded":["hierophant:Cornucopia"]},{"cards_removed":["hierophant:Strike_Hierophant"],"damage_healed":0,"gold_gain":0,"player_choice":"Gave Gold","damage_taken":0,"max_hp_gain":0,"max_hp_loss":0,"event_name":"Beggar","floor":29,"gold_loss":75},{"damage_healed":0,"gold_gain":0,"player_choice":"Fight","damage_taken":0,"max_hp_gain":0,"max_hp_loss":0,"event_name":"Colosseum","floor":31,"gold_loss":0},{"damage_healed":0,"gold_gain":0,"player_choice":"Fought Nobs","damage_taken":0,"max_hp_gain":0,"max_hp_loss":0,"event_name":"Colosseum","floor":31,"gold_loss":0}],"is_beta":false,"boss_relics":[{"not_picked":["energizedSpire:MagnifyingGlass","Cursed Key"],"picked":"SacredBark"}],"items_purged_floors":[],"is_endless":false,"potions_floor_spawned":[3,5,6,7,11,14,16,18,21,24,25],"killed_by":"Colosseum Nobs","ascension_level":3}}