{"host":"DrTrollPool","time":1612212379,"event":{"mods":["2.2 Compatiblity","BaseMod","BetterRewards","Colored Map","DeckTracker","Downfall","Googly Eyes","Hermit","HexUI Lib","Highlight Path","Hubris","Infinite Spire","Minty Spire (QoL Compilation)","Potionbrewer","Replay The Spire","StSLib","SuperFastMode","The Construct","The Cursed","The Disciple","The Hierophant","The Jungle","The Necromancer","The Runesmith","The Servant 0.9.4"],"gold_per_floor":[299,316,316,416,258,271,297,297,357,369,379,391,410,410,422,517,517,517,527,543,543,606,620,675,675,690,705,718,732,732,750,766,766,766,766],"floor_reached":33,"language":"ENG","playtime":1208,"items_purged":[],"score":247,"play_id":"abf4a6ca-cfc2-4f3b-8016-fd5abc1e03f1","local_time":"20210201214619","is_ascension_mode":false,"campfire_choices":[{"data":"bronze:OilSpill","floor":8,"key":"SMITH"},{"floor":30,"key":"REST"}],"circlet_count":0,"master_deck":["bronze:Strike","bronze:Strike","bronze:Strike","bronze:Strike","bronze:Defend","bronze:Defend","bronze:Defend","bronze:Defend","bronze:Replicate","bronze:Goto","bronze:DelayedSlice+1","bronze:Fortify","bronze:OilSpill+1","bronze:BugBarrage","bronze:DelayedSlice","bronze:Assembly","bronze:WhirlingStrike","bronze:CloningBeam","bronze:DelayedSlice+1","bronze:ClassDefault","bronze:Repair","bronze:Iterate"],"relics":["bronze:PlatinumCore","ClockworkSouvenir","ReplayTheSpireMod:TigerMarble","Replay:Bottled Eggs","Ginger","Thread and Needle","Tiny Chest","potionbrewer:Torch"],"acts_visited":["Exordium","TheCity"],"potions_floor_usage":[32,32,32],"damage_taken":[{"damage":0,"enemies":"Cultist","floor":2,"turns":4},{"damage":0,"enemies":"downfall:FleeingMerchant","floor":5,"turns":4},{"damage":0,"enemies":"Small Slimes","floor":6,"turns":2},{"damage":13,"enemies":"3 Sentries","floor":9,"turns":5},{"damage":6,"enemies":"Jaw Worm","floor":10,"turns":2},{"damage":6,"enemies":"3 Louse","floor":11,"turns":2},{"damage":18,"enemies":"Exordium Wildlife","floor":12,"turns":3},{"damage":0,"enemies":"Lots of Slimes","floor":13,"turns":2},{"damage":8,"enemies":"2 Fungi Beasts","floor":15,"turns":3},{"damage":28,"enemies":"IC_STATUS_ARCHETYPE","floor":16,"turns":6},{"damage":5,"enemies":"Chosen","floor":19,"turns":4},{"damage":0,"enemies":"3 Byrds","floor":20,"turns":3},{"damage":8,"enemies":"Shelled Parasite and Fungi","floor":23,"turns":3},{"damage":0,"enemies":"Snecko","floor":26,"turns":3},{"damage":0,"enemies":"Sentry and Sphere","floor":27,"turns":1},{"damage":17,"enemies":"Snake Plant","floor":28,"turns":2},{"damage":0,"enemies":"Centurion and Healer","floor":29,"turns":4},{"damage":6,"enemies":"Sentry and Sphere","floor":31,"turns":3},{"damage":17,"enemies":"Snake Plant","floor":32,"turns":2},{"damage":42,"enemies":"WA_ARCHETYPE_CALM","floor":33,"turns":7}],"seed_played":"-3902490025318550479","potions_obtained":[{"floor":9,"key":"GamblersBrew"},{"floor":12,"key":"bronze:BurnAndBuffPotion"},{"floor":13,"key":"FairyPotion"},{"floor":16,"key":"SpeedPotion"},{"floor":22,"key":"potionbrewer:DiscountPotion"},{"floor":22,"key":"Fire Potion"},{"floor":27,"key":"potionbrewer:AcidPotion"}],"is_trial":false,"path_per_floor":["R_BF","M","?","?","$","M","T","R","?","M","M","M","M","?","M","B",null,"R_BF","M","M","AVR","?","M","T","?","M","M","M","M","R","M","M","B"],"character_chosen":"THE_AUTOMATON","items_purchased":["ClockworkSouvenir"],"campfire_rested":1,"item_purchase_floors":[5],"current_hp_per_floor":[77,77,77,77,77,77,77,77,64,58,52,34,34,34,26,42,77,77,72,72,72,42,34,34,34,34,34,17,24,47,48,31,0,0,0],"gold":766,"neow_bonus":"TEN_PERCENT_HP_BONUS","is_daily":false,"chose_seed":false,"campfire_upgraded":1,"win_rate":0.0,"timestamp":1612212379,"path_taken":["R_BF","M","?","?","$","M","T","R","?","?","M","?","M","?","M","BOSS","R_BF","M","M","AVR","?","?","T","?","?","M","M","M","R","M","M","BOSS"],"items_purchased_type":["Relic"],"build_version":"2020-12-18","purchased_purges":0,"victory":false,"max_hp_per_floor":[77,77,77,77,77,77,77,77,77,77,77,77,77,77,77,77,77,77,77,77,77,77,77,77,77,77,77,77,77,77,77,77,77,77,77],"card_choices":[{"not_picked":["bronze:Branch","bronze:DelayedGuard"],"picked":"bronze:DelayedSlice","floor":2},{"not_picked":["bronze:FindAndReplace","bronze:Overheat"],"picked":"bronze:Fortify","floor":5},{"not_picked":["bronze:CutThrough","bronze:Invalidate"],"picked":"bronze:OilSpill","floor":6},{"not_picked":["bronze:BitShift","bronze:Turbo"],"picked":"bronze:BugBarrage","floor":10},{"not_picked":["bronze:MaxOutput","bronze:Safeguard"],"picked":"bronze:DelayedSlice","floor":11},{"not_picked":["bronze:Branch","bronze:BuggyMess","bronze:ForLoop"],"picked":"SKIP","floor":12},{"not_picked":["bronze:OilSpill","bronze:WildBeam","bronze:Deprecate"],"picked":"SKIP","floor":13},{"not_picked":["bronze:Fortify","bronze:Safeguard","bronze:GetLatest"],"picked":"SKIP","floor":15},{"not_picked":["bronze:Break","bronze:CleanCode"],"picked":"bronze:Assembly","floor":16},{"not_picked":["bronze:Frontload","bronze:BitShift"],"picked":"bronze:WhirlingStrike","floor":19},{"not_picked":["bronze:DelayedGuard+1","bronze:FineTuning"],"picked":"bronze:CloningBeam","floor":20},{"not_picked":["bronze:BugBarrage","bronze:MaxOutput"],"picked":"bronze:DelayedSlice+1","floor":22},{"not_picked":["bronze:OilSpill+1","bronze:CutThrough","bronze:Deprecate"],"picked":"SKIP","floor":23},{"not_picked":["bronze:CloningBeam+1","bronze:BronzeArmor","bronze:Frontload"],"picked":"SKIP","floor":26},{"not_picked":["bronze:Overload","bronze:OilSpill"],"picked":"bronze:ClassDefault","floor":27},{"not_picked":["bronze:GetLatest","bronze:ChildClass"],"picked":"bronze:Repair","floor":28},{"not_picked":["bronze:BronzeArmor","bronze:Allocate","bronze:Deprecate+1"],"picked":"SKIP","floor":29},{"not_picked":["bronze:BronzeArmor","bronze:Allocate","bronze:Deprecate+1"],"picked":"SKIP","floor":29},{"not_picked":["bronze:Branch","bronze:Frontload"],"picked":"bronze:Iterate","floor":31},{"not_picked":["bronze:Break","bronze:CutThrough","bronze:OilSpill"],"picked":"SKIP","floor":32}],"player_experience":122294,"relics_obtained":[{"floor":7,"key":"ReplayTheSpireMod:TigerMarble"},{"floor":14,"key":"Ginger"},{"floor":22,"key":"Tiny Chest"},{"floor":24,"key":"potionbrewer:Torch"}],"event_choices":[],"is_beta":true,"boss_relics":[{"not_picked":["Busted Crown","construct:WeddingRing"],"picked":"bronze:PlatinumCore"}],"items_purged_floors":[],"is_endless":false,"potions_floor_spawned":[9,12,13,16,20,27,28,29],"killed_by":"WA_ARCHETYPE_CALM","ascension_level":0}}