{"host":"4e3fxqp5hzyqu39k","time":1612162167,"event":{"mods":["BaseMod","Minty Spire (QoL Compilation)"],"gold_per_floor":[119,134,151,151,226,260,279,35,62,62,78,78,88,99,99,194,194,204,119,139,157,157,185,198,212,212,226,226,240,161,177,177,177,177],"floor_reached":33,"language":"ENG","playtime":2736,"items_purged":[],"score":350,"play_id":"c172c168-848a-45a9-8b87-eb773d8197ff","local_time":"20210201014927","is_ascension_mode":false,"campfire_choices":[{"floor":12,"key":"REST"},{"floor":15,"key":"REST"},{"floor":28,"key":"REST"},{"data":"Establishment","floor":32,"key":"SMITH"}],"circlet_count":0,"master_deck":["Defend_P","Defend_P","Defend_P","Defend_P","Eruption+1","Vigilance","BowlingBash","CutThroughFate","FollowUp","ClearTheMind","EmptyMind","EmptyBody","Wireheading","ReachHeaven","DeusExMachina","LikeWater+1","Adaptation+1","FollowUp+1","Indignation","CarveReality","Bite","Bite","Bite","Bite","Bite","WindmillStrike","WheelKick","Wallop+1","Crescendo","Establishment+1","BattleHymn","ForeignInfluence"],"relics":["PureWater","Orichalcum","Mummified Hand","Art of War","Astrolabe","Happy Flower","Ornamental Fan","Thread and Needle"],"acts_visited":["Exordium","TheCity"],"potions_floor_usage":[0,6,16,16,20,33,33],"damage_taken":[{"damage":3,"enemies":"2 Louse","floor":1,"turns":5},{"damage":0,"enemies":"Small Slimes","floor":2,"turns":4},{"damage":2,"enemies":"Jaw Worm","floor":3,"turns":4},{"damage":18,"enemies":"3 Sentries","floor":6,"turns":9},{"damage":7,"enemies":"Blue Slaver","floor":7,"turns":4},{"damage":0,"enemies":"Looter","floor":11,"turns":2},{"damage":5,"enemies":"2 Fungi Beasts","floor":13,"turns":3},{"damage":0,"enemies":"Large Slime","floor":14,"turns":4},{"damage":0,"enemies":"Slime Boss","floor":16,"turns":4},{"damage":7,"enemies":"2 Thieves","floor":18,"turns":4},{"damage":1,"enemies":"Shell Parasite","floor":20,"turns":4},{"damage":1,"enemies":"Chosen and Byrds","floor":21,"turns":5},{"damage":20,"enemies":"Gremlin Leader","floor":23,"turns":6},{"damage":10,"enemies":"Snecko","floor":24,"turns":7},{"damage":41,"enemies":"Snake Plant","floor":25,"turns":6},{"damage":0,"enemies":"3 Cultists","floor":27,"turns":4},{"damage":2,"enemies":"Shelled Parasite and Fungi","floor":29,"turns":4},{"damage":1,"enemies":"Cultist and Chosen","floor":31,"turns":4},{"damage":127,"enemies":"Automaton","floor":33,"turns":6}],"seed_played":"-4060465353579817168","potions_obtained":[{"floor":0,"key":"EntropicBrew"},{"floor":6,"key":"Ancient Potion"},{"floor":7,"key":"Fruit Juice"},{"floor":18,"key":"Explosive Potion"},{"floor":21,"key":"CultistPotion"},{"floor":23,"key":"Weak Potion"}],"is_trial":false,"path_per_floor":["M","M","M","?","?","E","M","$","T","?","M","R","M","M","R","B",null,"M","?","M","M","?","E","M","M","T","M","R","M","$","M","R","B"],"character_chosen":"WATCHER","items_purchased":["Mummified Hand","BattleHymn"],"campfire_rested":3,"item_purchase_floors":[8,30],"current_hp_per_floor":[69,69,67,72,61,43,36,36,36,21,21,44,39,39,62,67,82,75,75,74,73,57,51,51,26,26,34,51,53,53,57,57,0,0],"gold":177,"neow_bonus":"THREE_SMALL_POTIONS","is_daily":false,"chose_seed":false,"campfire_upgraded":1,"win_rate":0.0,"timestamp":1612162167,"path_taken":["M","M","M","?","?","E","M","$","T","?","M","R","M","M","R","BOSS","M","?","M","M","?","E","M","M","T","M","R","M","$","M","R","BOSS"],"items_purchased_type":["Relic","Card"],"build_version":"2020-12-22","purchased_purges":0,"victory":false,"max_hp_per_floor":[72,72,72,77,77,77,77,77,77,77,77,77,77,77,77,82,82,82,82,82,82,57,57,57,57,57,57,57,57,57,57,57,57,57],"card_choices":[{"not_picked":["Study","Pray"],"picked":"BowlingBash","floor":1},{"not_picked":["CarveReality","SignatureMove"],"picked":"CutThroughFate","floor":2},{"not_picked":["ForeignInfluence","Crescendo"],"picked":"FollowUp","floor":3},{"not_picked":["WheelKick","Consecrate"],"picked":"ClearTheMind","floor":6},{"not_picked":["Swivel","Indignation"],"picked":"EmptyMind","floor":7},{"not_picked":["DeceiveReality","CutThroughFate"],"picked":"EmptyBody","floor":11},{"not_picked":["Pray","LessonLearned"],"picked":"Wireheading","floor":13},{"not_picked":["FollowUp","Consecrate"],"picked":"ReachHeaven","floor":14},{"not_picked":["ConjureBlade","Brilliance"],"picked":"DeusExMachina","floor":16},{"not_picked":["CrushJoints","FearNoEvil"],"picked":"Indignation","floor":18},{"not_picked":["SashWhip","CutThroughFate","Evaluate"],"picked":"SKIP","floor":20},{"not_picked":["Consecrate","CutThroughFate"],"picked":"CarveReality","floor":21},{"not_picked":["Meditate","BowlingBash"],"picked":"WindmillStrike","floor":23},{"not_picked":["Halt","FlyingSleeves"],"picked":"WheelKick","floor":24},{"not_picked":["ClearTheMind","WreathOfFlame"],"picked":"Wallop+1","floor":25},{"not_picked":["ClearTheMind","Conclude"],"picked":"Crescendo","floor":27},{"not_picked":["ClearTheMind","Sanctity"],"picked":"Establishment","floor":29},{"not_picked":["CrushJoints+1","EmptyFist"],"picked":"ForeignInfluence","floor":31}],"player_experience":262532,"relics_obtained":[{"floor":6,"key":"Orichalcum"},{"floor":9,"key":"Art of War"},{"floor":23,"key":"Ornamental Fan"},{"floor":26,"key":"Thread and Needle"}],"event_choices":[{"damage_healed":0,"gold_gain":0,"player_choice":"Donut","damage_taken":0,"max_hp_gain":5,"max_hp_loss":0,"event_name":"Big Fish","floor":4,"gold_loss":0},{"damage_healed":0,"gold_gain":75,"player_choice":"Gather Gold","damage_taken":11,"max_hp_gain":0,"max_hp_loss":0,"event_name":"World of Goop","floor":5,"gold_loss":0},{"damage_healed":0,"gold_gain":0,"player_choice":"Entered Light","damage_taken":15,"max_hp_gain":0,"max_hp_loss":0,"event_name":"Shining Light","floor":10,"gold_loss":0,"cards_upgraded":["Eruption","Strike_P"]},{"damage_healed":0,"gold_gain":0,"player_choice":"Obtained Relic","damage_taken":0,"relics_obtained":["Happy Flower"],"max_hp_gain":0,"max_hp_loss":0,"event_name":"Addict","floor":19,"gold_loss":85},{"damage_healed":0,"gold_gain":0,"player_choice":"Became a vampire","damage_taken":0,"max_hp_gain":0,"max_hp_loss":25,"event_name":"Vampires","floor":22,"gold_loss":0,"cards_obtained":["Bite","Bite","Bite","Bite","Bite"]}],"is_beta":false,"boss_relics":[{"not_picked":["Cursed Key","Empty Cage"],"picked":"Astrolabe"}],"items_purged_floors":[],"is_endless":false,"potions_floor_spawned":[1,3,6,7,18,21,23,27],"killed_by":"Automaton","ascension_level":0}}