{"host":"nwavcs7i011ziyjx","time":1612168587,"event":{"mods":["AchievementEnabler","BaseMod","Colored Map","Colored Powertips","Marisa（F雨　魔理沙）","Minty Spire (QoL Compilation)","MostiFishMod","Quick Restart","Rare Cards Sparkle","Remilia（蕾米莉亚）","Replay The Spire","Spicy Shops","StSLib","TestMod","The Servant 0.9.4","Uncapped","UnlockEverythingMod","WarShipGirlsR/战舰少女R mod","noobMod"],"gold_per_floor":[116,116,132,143,6202,6234,6234,6262,6262,6262,4395,4395,4395,4421,4421,4499,4499,4511,4529,4529,3588,3508,3508,3547,3574,3574,3574,3586,3616,2386,2786,2786,2874,2874,2892,1221,1267,1257,1277,1312,1312,1325,1325,1325,1339,1351,688,710,710,710,710],"floor_reached":52,"language":"ZHS","playtime":2241,"items_purged":["Strike_B","Strike_B","Bash","Sunder","Strike_B","Defend_B","Strike_B","Defend_B","MostiFishMod:Impulse+1"],"score":2397,"play_id":"64d225d8-020e-4209-a7d0-19b73a33db1e","local_time":"20210201163627","is_ascension_mode":true,"campfire_choices":[{"data":"testmod-Dream","floor":7,"key":"SMITH"},{"data":"MostiFishMod:Impulse","floor":10,"key":"SMITH"},{"data":"Capacitor","floor":15,"key":"SMITH"},{"data":"Double Energy","floor":23,"key":"SMITH"},{"data":"MostiFishMod:Impulse","floor":27,"key":"SMITH"},{"data":"MostiFishMod:IntelligentEquipment","floor":32,"key":"SMITH"},{"data":"MostiFishMod:ActiveDefenseSystem","floor":41,"key":"SMITH"},{"data":"MostiFishMod:GatherIntelligence","floor":44,"key":"SMITH"},{"data":"Barrage","floor":49,"key":"SMITH"}],"circlet_count":0,"master_deck":["AscendersBane","Defend_B+1","Glacier","Capacitor+1","testmod-Dream+1","MostiFishMod:Impulse+1","MostiFishMod:IntelligentEquipment+1","Double Energy+1","Seek","MostiFishMod:ActiveDefenseSystem+1","MostiFishMod:GatherIntelligence+1","Barrage+1"],"relics":["ice","testmod-TestBox","FeatherPendant","testmod-ObsoleteBoomerang","NeowsBlessing","SynthV:TestCard","Iron Core","Magic Flower","ReplayTheSpireMod:TigerMarble","MetatronsCube","Iron Hammer","Quantum Egg","Onion Ring","BirthdayGift-Tetrahedron","Bronze Scales","Nunchaku","Happy Flower","Transparent","MutagenicStrength","Replay:Frozen Program","OrangePellets","CeramicFish","Mirror","Pen Nib","Centennial Puzzle","InkBottle","Replay:Rubber Ducky","Simple Rune","RhineCircuit","Whetstone","Oddly Smooth Stone","BirthdayGift-Icosahedron","ReplayTheSpireMod:Shallot","Replay:Multitool","ReplayTheSpireMod:Ninjato","Eternal Feather","testmod-Nyarlathotep","Juzu Bracelet","DaCapo"],"acts_visited":["Exordium","TheCity","TheBeyond"],"potions_floor_usage":[5,30,51],"damage_taken":[{"damage":0,"enemies":"Cultist","floor":1,"turns":1},{"damage":0,"enemies":"2 Louse","floor":3,"turns":1},{"damage":0,"enemies":"Small Slimes","floor":4,"turns":1},{"damage":0,"enemies":"Lagavulin","floor":6,"turns":1},{"damage":0,"enemies":"Gremlin Nob","floor":8,"turns":1},{"damage":0,"enemies":"Lagavulin","floor":14,"turns":1},{"damage":0,"enemies":"The Guardian","floor":16,"turns":1},{"damage":14,"enemies":"Spheric Guardian","floor":18,"turns":1},{"damage":14,"enemies":"3 Byrds","floor":19,"turns":1},{"damage":14,"enemies":"Replay:Snechameleon","floor":24,"turns":1},{"damage":14,"enemies":"3 Cultists","floor":25,"turns":1},{"damage":14,"enemies":"Centurion and Healer","floor":28,"turns":1},{"damage":14,"enemies":"Slavers","floor":29,"turns":1},{"damage":14,"enemies":"Champ","floor":33,"turns":1},{"damage":14,"enemies":"Orb Walker","floor":35,"turns":1},{"damage":0,"enemies":"2 Orb Walkers","floor":37,"turns":1},{"damage":0,"enemies":"3 Darklings","floor":39,"turns":1},{"damage":0,"enemies":"R_Hoarder","floor":40,"turns":2},{"damage":0,"enemies":"4 Shapes","floor":42,"turns":1},{"damage":0,"enemies":"Maw","floor":45,"turns":1},{"damage":0,"enemies":"Transient","floor":46,"turns":1},{"damage":0,"enemies":"Jaw Worm Horde","floor":48,"turns":1},{"damage":0,"enemies":"Replay:Hell Engine","floor":50,"turns":1},{"damage":0,"enemies":"Awakened One","floor":51,"turns":2}],"seed_played":"3518275921388934158","potions_obtained":[{"floor":1,"key":"FocusPotion"},{"floor":3,"key":"Ancient Potion"},{"floor":16,"key":"Block Potion"},{"floor":37,"key":"BlessingOfTheForge"},{"floor":40,"key":"PotionOfCapacity"},{"floor":46,"key":"Adrenaline Potion"}],"is_trial":false,"path_per_floor":["M","?","M","M","$","E","R","E","T","R","$","?","?","E","R","B",null,"M","M","?","$","?","R","E","M","T","R","M","E","$","?","R","B",null,"M","$","?","?","M","E","R","M","T","R","M","M","$","M","R","B","B",null],"character_chosen":"DEFECT","items_purchased":["SteroidPotion","Magic Flower","ReplayTheSpireMod:TigerMarble","MetatronsCube","testmod-Dream","testmod-SpacePotion","testmod-TestPotion","BirthdayGift-Tetrahedron","Bronze Scales","Nunchaku","Replay:Frozen Program","OrangePellets","CeramicFish","Elixir","InkBottle","Replay:Rubber Ducky","Simple Rune","testmod-SpacePotion","Adrenaline Potion","Whetstone","Oddly Smooth Stone","BirthdayGift-Icosahedron","ReplayTheSpireMod:Shallot","testmod-Nyarlathotep","Juzu Bracelet","DaCapo"],"campfire_rested":0,"item_purchase_floors":[5,5,5,5,5,5,5,11,11,11,21,21,21,21,30,30,30,30,30,36,36,36,36,47,47,47],"current_hp_per_floor":[64,64,64,64,64,64,64,64,64,64,64,64,57,71,71,71,71,71,71,71,71,71,71,71,71,71,71,71,71,71,71,71,71,71,71,71,71,71,71,71,71,71,71,71,71,71,71,71,71,71,71],"gold":710,"neow_bonus":"THREE_ENEMY_KILL","is_daily":false,"chose_seed":false,"campfire_upgraded":9,"win_rate":0.0,"timestamp":1612168587,"path_taken":["M","?","M","M","$","E","R","E","T","R","$","?","?","E","R","BOSS","M","M","?","$","?","R","E","M","T","R","M","E","$","?","R","BOSS","M","$","?","?","M","E","R","M","T","R","?","M","$","M","R","BOSS","BOSS"],"items_purchased_type":["Potion","Relic","Relic","Relic","Card","Potion","Potion","Relic","Relic","Relic","Relic","Relic","Relic","Potion","Relic","Relic","Relic","Potion","Potion","Relic","Relic","Relic","Relic","Relic","Relic","Relic"],"build_version":"2020-12-22","purchased_purges":9,"victory":true,"max_hp_per_floor":[71,71,71,71,71,71,71,71,71,71,71,71,71,71,71,71,71,71,71,71,71,71,71,71,71,71,71,71,71,71,71,71,71,71,71,71,71,71,71,71,71,71,71,71,71,71,71,71,71,71,71],"card_choices":[{"not_picked":["ReplayTheSpireMod:Calculation Training","ReplayTheSpireMod:Reroute Power"],"picked":"Sunder","floor":1},{"not_picked":["WeaponsOverheat","Melter","Streamline","Steam"],"picked":"Glacier","floor":3},{"not_picked":["Stack","Steam","Hologram","Warcry"],"picked":"Capacitor","floor":4},{"not_picked":["Turbo","Whirlwind","Reaper","MostiFishMod:PushDownKick","Flex"],"picked":"SKIP","floor":6},{"not_picked":["All For One","Loop","Inflame","Auto Shields"],"picked":"MostiFishMod:Impulse","floor":8},{"not_picked":["BasicCrystalCard","Auto Shields","Rebound","Evolve","ReplayTheSpireMod:System Scan"],"picked":"SKIP","floor":14},{"not_picked":["Electrodynamics","MostiFishMod:Distribution","Amplify","Hyperbeam"],"picked":"MostiFishMod:IntelligentEquipment","floor":16},{"not_picked":["Gash","Barrage+1","Sweeping Beam","Panic Button","Ball Lightning"],"picked":"SKIP","floor":18},{"not_picked":["MostiFishMod:Overload","Conserve Battery","Rebound","Barrage"],"picked":"Double Energy","floor":19},{"not_picked":["Compile Driver","Hologram","Multi-Cast","Leap"],"picked":"Seek","floor":24},{"not_picked":["Force Field","Steam","BasicCrystalCard+1","Gash"],"picked":"MostiFishMod:Impulse","floor":25},{"not_picked":["Go for the Eyes","Coolheaded","MostiFishMod:LinkProtocol","Heatsinks","Hologram+1"],"picked":"SKIP","floor":28},{"not_picked":["Loop","Redo","Turbo","Hello World","ReplayTheSpireMod:Calculation Training"],"picked":"SKIP","floor":29},{"not_picked":["MostiFishMod:StarOceanB","Amplify","MostiFishMod:TalkingToTheRain","MostiFishMod:Prepare"],"picked":"MostiFishMod:ActiveDefenseSystem","floor":33},{"not_picked":["Conserve Battery","Steam","Chill","ReplaySort","Barrage"],"picked":"SKIP","floor":35},{"not_picked":["Compile Driver","Leap","Cold Snap","MostiFishMod:Nova","ReplayTheSpireMod:Reroute Power"],"picked":"SKIP","floor":39},{"not_picked":["MostiFishMod:PushDownKick","Loop","Rebound+1","Coolheaded"],"picked":"MostiFishMod:GatherIntelligence","floor":40},{"not_picked":["Sweeping Beam","BasicCrystalCard","Cold Snap","Undo","Crystallizer+1"],"picked":"SKIP","floor":42},{"not_picked":["MostiFishMod:DawningShadow","Chill","Redo","Scrape","ReplaySolidLightProjector"],"picked":"SKIP","floor":45},{"not_picked":["Doom and Gloom","Rebound","Cold Snap","Stack+1","Streamline"],"picked":"SKIP","floor":46},{"not_picked":["Streamline+1","MostiFishMod:Impulse+1","Stack","Beam Cell"],"picked":"Barrage","floor":48}],"player_experience":244448,"relics_obtained":[{"floor":1,"key":"SynthV:TestCard"},{"floor":6,"key":"Iron Hammer"},{"floor":8,"key":"Quantum Egg"},{"floor":9,"key":"Onion Ring"},{"floor":14,"key":"Happy Flower"},{"floor":24,"key":"Mirror"},{"floor":26,"key":"Pen Nib"},{"floor":29,"key":"Centennial Puzzle"},{"floor":37,"key":"Replay:Multitool"},{"floor":40,"key":"ReplayTheSpireMod:Ninjato"},{"floor":43,"key":"Eternal Feather"}],"event_choices":[{"cards_removed":["Zap"],"damage_healed":0,"gold_gain":0,"player_choice":"Forget","damage_taken":0,"max_hp_gain":0,"max_hp_loss":0,"event_name":"Living Wall","floor":12,"gold_loss":0},{"cards_removed":["Defend_B"],"damage_healed":0,"gold_gain":0,"player_choice":"Card Removal","damage_taken":7,"max_hp_gain":0,"max_hp_loss":0,"event_name":"Golden Wing","floor":13,"gold_loss":0},{"damage_healed":0,"gold_gain":0,"player_choice":"Inject Mutagens","damage_taken":0,"relics_obtained":["MutagenicStrength"],"max_hp_gain":0,"max_hp_loss":0,"event_name":"Drug Dealer","floor":20,"gold_loss":0},{"damage_healed":0,"gold_gain":400,"player_choice":"Sell","damage_taken":0,"max_hp_gain":0,"max_hp_loss":0,"event_name":"恩洛斯的盘子","floor":31,"relics_lost":["DaveBox"],"gold_loss":0},{"damage_healed":0,"gold_gain":0,"player_choice":"Fight","damage_taken":0,"max_hp_gain":0,"max_hp_loss":0,"event_name":"Mysterious Sphere","floor":37,"gold_loss":0}],"is_beta":false,"boss_relics":[{"not_picked":["Runic Pyramid","testmod-KeyOfTheVoid"],"picked":"Transparent"},{"not_picked":["Inserter","Replay:Ancient Bell"],"picked":"RhineCircuit"}],"items_purged_floors":[5,5,11,11,21,21,30,30,36],"is_endless":false,"potions_floor_spawned":[1,3,16,25,29,33,37,40,46,48],"ascension_level":20}}