{"host":"lr515x7bpk6b6t09","time":1612139640,"event":{"mods":["Act Like it!","BaseMod","CapriCore","Downfall","Gensokyo","Marisa£®ÏF”Í°°ƒß¿Ì…≥£©","Minty Spire (QoL Compilation)","Prisma Mod","Quick Restart","Relic Stats","Shop Mod","StSLib","The Cursed","The Jungle","Waifu the Spire","Youmu£®ªÍ∆«—˝√Œ£©","[IsaacMod]“‘»ˆº‚À˛","°æ“≈ŒÔø®≈∆°øREMEMod"],"gold_per_floor":[111,111,127,15,47,79,79,98,98,98,98,115,143,162,162,274,274,288,126,159,159,178,207,207,207,207],"floor_reached":25,"language":"ZHS","playtime":1113,"items_purged":["Pain"],"score":341,"play_id":"fc3621d9-87cf-469f-957c-eb5de1a603a3","local_time":"20210201083400","is_ascension_mode":false,"campfire_choices":[{"data":"DC","floor":10,"key":"SMITH"},{"data":"TreasureHunter","floor":15,"key":"SMITH"},{"data":"MysteriousBeam","floor":24,"key":"SMITH"}],"circlet_count":0,"master_deck":["Strike_MRS","Strike_MRS","Strike_MRS","Strike_MRS","Defend_MRS","Defend_MRS","Defend_MRS","Defend_MRS","MasterSpark","UpSweep","GrandCross","DC+1","TreasureHunter+1","MysteriousBeam+1","NonDirectionalLaser","MachineGunSpark","Robbery","GrandCross"],"relics":["MiniHakkero","HushsDoor","REME_ComplimentaryCards","SteamSale","NeowsBlessing","Gensokyo:CelestialsFlawlessClothing","MerchantsRug","Centennial Puzzle","REME_PuzzleBoxRelic","TungstenRod","Oddly Smooth Stone","Gensokyo:LunaticRedEyes","Strawberry","DoctorsRemote","MagicMushroom","GuppysHead","Medical Kit","Bag of Marbles","Potion Belt"],"acts_visited":["Gensokyo:Gensokyo","Gensokyo:Gensokyoer"],"potions_floor_usage":[13,16],"damage_taken":[{"damage":0,"enemies":"Gensokyo:Gryphon","floor":1,"turns":1},{"damage":0,"enemies":"Gensokyo:Python","floor":3,"turns":1},{"damage":0,"enemies":"Gensokyo:Aya","floor":5,"turns":1},{"damage":17,"enemies":"Gensokyo:Cirno","floor":6,"turns":5},{"damage":0,"enemies":"Gensokyo:3_Fairies","floor":8,"turns":3},{"damage":0,"enemies":"Gensokyo:LivingMonolith","floor":12,"turns":2},{"damage":5,"enemies":"Gensokyo:Mamizou","floor":13,"turns":4},{"damage":0,"enemies":"Gensokyo:Kitsune","floor":14,"turns":1},{"damage":0,"enemies":"Gensokyo:Reimu","floor":16,"turns":4},{"damage":0,"enemies":"Gensokyo:CosmicMonolith","floor":18,"turns":2},{"damage":1,"enemies":"Gensokyo:3_Dogs","floor":20,"turns":3},{"damage":0,"enemies":"Gensokyo:Slime_Group","floor":22,"turns":2},{"damage":0,"enemies":"Gensokyo:Reisen","floor":23,"turns":2},{"damage":0,"enemies":"Gensokyo:Monolith_and_Dog","floor":25,"turns":1}],"seed_played":"-8113744927103982194","potions_obtained":[{"floor":1,"key":"Slimebound:ThreeZeroPotion"},{"floor":6,"key":"BottledSpark"},{"floor":8,"key":"Swift Potion"},{"floor":13,"key":"SteroidPotion"},{"floor":14,"key":"ShroomBrew"},{"floor":18,"key":"AttackPotion"},{"floor":23,"key":"SteroidPotion"}],"is_trial":false,"path_per_floor":["M","?","M","$","?","E","?","M","T","R","?","M","E","M","R","B",null,"M","COS","M","?","M","E","R","M"],"character_chosen":"MARISA","items_purchased":["MerchantsRug","Centennial Puzzle","GuppysHead"],"campfire_rested":0,"item_purchase_floors":[4,4,17],"current_hp_per_floor":[75,57,57,57,57,40,40,40,40,40,40,40,42,42,42,42,74,74,74,74,69,69,69,69,69,69],"gold":207,"neow_bonus":"THREE_ENEMY_KILL","is_daily":false,"chose_seed":false,"campfire_upgraded":3,"win_rate":0.0,"timestamp":1612139640,"path_taken":["M","?","M","$","?","E","?","?","T","R","?","?","E","M","R","BOSS","M","COS","M","?","M","E","R","M"],"items_purchased_type":["Relic","Relic","Relic"],"build_version":"2020-12-22","purchased_purges":1,"victory":false,"max_hp_per_floor":[75,75,75,75,75,75,75,75,75,75,75,75,82,82,82,82,74,74,74,74,69,69,69,69,69,69],"relic_stats":{"Centennial Puzzle":[12],"counters":[14,32],"Medical Kit":[0],"obtain_stats":[{"KeepersGift":0,"Potion Belt":23,"MerchantsRug":4,"DoctorsRemote":13,"NeowsBlessing":0,"Oddly Smooth Stone":9,"Gensokyo:CelestialsFlawlessClothing":2,"SteamSale":0,"Medical Kit":19,"Gensokyo:LunaticRedEyes":11,"Centennial Puzzle":4,"Strawberry":13,"MagicMushroom":17,"Bag of Marbles":21,"MiniHakkero":0,"GuppysHead":17,"REME_PuzzleBoxRelic":5,"HushsDoor":0,"TungstenRod":6,"REME_ComplimentaryCards":0},{"KeepersGift":0,"Potion Belt":13,"MerchantsRug":2,"DoctorsRemote":7,"NeowsBlessing":0,"Oddly Smooth Stone":5,"Gensokyo:CelestialsFlawlessClothing":1,"SteamSale":0,"Medical Kit":10,"Gensokyo:LunaticRedEyes":5,"Centennial Puzzle":2,"Strawberry":7,"MagicMushroom":9,"Bag of Marbles":11,"MiniHakkero":0,"GuppysHead":9,"REME_PuzzleBoxRelic":3,"HushsDoor":0,"TungstenRod":4,"REME_ComplimentaryCards":0},{"KeepersGift":0,"Potion Belt":31,"MerchantsRug":2,"DoctorsRemote":17,"NeowsBlessing":0,"Oddly Smooth Stone":11,"Gensokyo:CelestialsFlawlessClothing":1,"SteamSale":0,"Medical Kit":24,"Gensokyo:LunaticRedEyes":11,"Centennial Puzzle":2,"Strawberry":17,"MagicMushroom":22,"Bag of Marbles":27,"MiniHakkero":0,"GuppysHead":22,"REME_PuzzleBoxRelic":3,"HushsDoor":0,"TungstenRod":8,"REME_ComplimentaryCards":0}],"TungstenRod":14},"card_choices":[{"not_picked":["6A","ManaConvection"],"picked":"GrandCross","floor":1},{"not_picked":["EventHorizon","DoubleSpark"],"picked":"DC","floor":3},{"not_picked":["PowerUp","Singularity"],"picked":"TreasureHunter","floor":5},{"not_picked":["OrrerysSun","PowerUp"],"picked":"MysteriousBeam","floor":6},{"not_picked":["MysteriousBeam","DC"],"picked":"NonDirectionalLaser","floor":7},{"not_picked":["PowerUp","EarthLightRay"],"picked":"MachineGunSpark","floor":7},{"not_picked":["PowerUp","AlicesGift","IllusionStar"],"picked":"SKIP","floor":8},{"not_picked":["ShootingEcho","BlazeAway"],"picked":"Robbery","floor":12},{"not_picked":["DeepEcoloBomb","Orbital","SatelliteIllusion"],"picked":"SKIP","floor":13},{"not_picked":["WitchLeyline","UnstableBomb","GalacticHalo"],"picked":"SKIP","floor":14},{"not_picked":["ChargeUpSpray","DoubleSpark","Orbital"],"picked":"SKIP","floor":18},{"not_picked":["UnstableBomb","MysteriousBeam","AsteroidBelt"],"picked":"SKIP","floor":20},{"not_picked":["6A","NonDirectionalLaser","GrandCross"],"picked":"SKIP","floor":22},{"not_picked":["Singularity","EarthLightRay","GasGiant"],"picked":"SKIP","floor":23}],"player_experience":196330,"relics_obtained":[{"floor":5,"key":"REME_PuzzleBoxRelic"},{"floor":6,"key":"TungstenRod"},{"floor":9,"key":"Oddly Smooth Stone"},{"floor":13,"key":"Strawberry"},{"floor":13,"key":"DoctorsRemote"},{"floor":23,"key":"Potion Belt"}],"event_choices":[],"is_beta":false,"boss_relics":[{"not_picked":["Snecko Eye","Busted Crown"],"picked":"MagicMushroom"},{"not_picked":[]}],"items_purged_floors":[17],"is_endless":false,"potions_floor_spawned":[1,6,8,13,14,18,23],"killed_by":"Gensokyo:Monolith_and_Dog","ascension_level":0}}