{"host":"rn4c402gwd40h2z6","time":1612188256,"event":{"mods":["100% Spire Juice","A Penny For Your Troubles","AchievementEnabler","Act Like it!","Astrologer","BaseMod","CapriCore","Card Forge","Challenge The Spire","DNKmod","Data Control","Downfall","Friendly Minions","Gensokyo","Good Game Mod","Hallownest","Hermit","Infinite Spire","KinomotoSakuraMod(木之本樱)","LagranYue(拉格朗・月)","Mad Scientist","Minty Spire (QoL Compilation)","Pale of the Ancients","Quick Restart","Random Character Button","Relic Filter Mod","Reliquary","Remilia（蕾米莉亚）","Robot Space Explorer","RumiaBox-露米娅的神秘盒子","StSLib","Td1madao Mod","The Bug Knight","The Construct","The Cursed","The Gatherer","The Runesmith","The Saiyan","The Senshi","WarShipGirlsR/战舰少女R mod","[GremlinLeader]The Maniac","noobMod","【功能Mod】混沌之环修复补丁"],"gold_per_floor":[99,114,114,129,145,145,216,16,26,51,79,95,95,35,46,141,141,41,59,59,350,367,367,418,418,449,359,359,441,476,491,510,611,611,611,625,638,651,651,677,677,677,230,244,244,256,531,37,53,54,54,83,5,5,5,5],"floor_reached":57,"language":"ZHS","playtime":6180,"items_purged":[],"score":1293,"play_id":"957e05a9-70cc-416e-bb48-680ae657df41","local_time":"20210201220416","is_ascension_mode":true,"campfire_choices":[{"floor":1.0,"key":"RECALL"},{"floor":8.0,"key":"REST"},{"data":"Guardian:CrystalBeam","floor":13.0,"key":"SMITH"},{"floor":18.0,"key":"REST"},{"floor":23.0,"key":"REST"},{"floor":28.0,"key":"REST"},{"floor":35.0,"key":"REST"},{"floor":45,"key":"REST"},{"floor":54,"key":"REST"}],"circlet_count":4097,"master_deck":["Guardian:CurlUp+1","Guardian:TwinSlam+1","Defend System+1","Guardian:PrismaticBeam+1","Guardian:CrystalBeam+1","Guardian:CrystalBeam+1","Guardian:CompilePackage+1","Guardian:VentSteam+1","Guardian:RollAttack+1","Guardian:PiercingHide+1","Guardian:PiercingHide+1","Guardian:PiercingHide+1","Guardian:RollAttack+1","Impatience+1","Guardian:CrystalBeam+1","Guardian:Gem_White"],"relics":["Guardian:ModeShifter","Hammer of Thor","Seething Fire","Anvil of the Gods","ice","REME:ComplimentaryCards","LagranYue:RandomDrawCardRelic","Circlet","Hallownest:DreamNailRelic","downfall:HeartBlessingRed","downfall:HeartBlessingBlue","Bronze Scales","hexamod:CandleOfCauterizing","AddBug","downfall:HeartBlessingGreen","downfall:HeartBlessingBlue","downfall:HeartBlessingBlue","reliquary:SharkskinSheath","reliquary:Stiletto","Hallownest:StagBellRelic1","reliquary:Sideboard","Slimebound:StickyStick","Hallownest:StagBellRelic1","EasyGame_NEW","reliquary:Buckler","theSenshi:FeatherClipsRelic","Sling","Mango","GodSword4","Frozen Eye","downfall:HeartBlessingGreen","reliquary:QuartzCube"],"acts_visited":["Hallownest:Greenpath","Hallownest:CityofTears","TheBeyond","TheEnding"],"potions_floor_usage":[],"damage_taken":[{"damage":0.0,"enemies":"Hallownest:monsterHuskGuard","floor":2.0,"turns":4.0},{"damage":0.0,"enemies":"Hallownest:2_Tiktiks_and_1_Crawlid","floor":4.0,"turns":3.0},{"damage":0.0,"enemies":"Hallownest:2_MossCreeps","floor":5.0,"turns":3.0},{"damage":0.0,"enemies":"Hallownest:1_Ooma_and_2_Uuma","floor":9.0,"turns":5.0},{"damage":0.0,"enemies":"Hallownest:eliteVengeflyKing","floor":11.0,"turns":5.0},{"damage":0.0,"enemies":"Hallownest:Wandering_and_Horned","floor":12.0,"turns":9.0},{"damage":0.0,"enemies":"downfall:FleeingMerchant","floor":14.0,"turns":4.0},{"damage":0.0,"enemies":"Hallownest:MossCreep_and_Mosskin","floor":15.0,"turns":4.0},{"damage":0.0,"enemies":"SI_SHIV_ARCHETYPE","floor":16.0,"turns":4.0},{"damage":11.0,"enemies":"Hallownest:2_Mistakes","floor":19.0,"turns":3.0},{"damage":0.0,"enemies":"Hallownest:2_Mistakes","floor":20.0,"turns":3.0},{"damage":0.0,"enemies":"downfall:FleeingMerchant","floor":21.0,"turns":3.0},{"damage":20.0,"enemies":"Hallownest:3_Youths","floor":22.0,"turns":4.0},{"damage":0.0,"enemies":"Hallownest:eliteSoulWarrior","floor":26.0,"turns":2.0},{"damage":11.0,"enemies":"Hallownest:eliteWatcherKnight","floor":30.0,"turns":8.0},{"damage":0.0,"enemies":"Hallownest:monsterShrumalOgre","floor":31.0,"turns":1.0},{"damage":0.0,"enemies":"Hallownest:2_Flukemon","floor":32.0,"turns":2.0},{"damage":1.0,"enemies":"DF_ARCHETYPE_CLAW","floor":33.0,"turns":3.0},{"damage":89.0,"enemies":"3 Darklings","floor":36.0,"turns":5.0},{"damage":0.0,"enemies":"Orb Walker","floor":37.0,"turns":1.0},{"damage":0.0,"enemies":"Transient","floor":38.0,"turns":5.0},{"damage":37,"enemies":"Nightmare","floor":40,"turns":4},{"damage":23,"enemies":"Nemesis","floor":42,"turns":5},{"damage":0,"enemies":"3 Darklings","floor":44,"turns":3},{"damage":0,"enemies":"Maw","floor":46,"turns":3},{"damage":0,"enemies":"Writhing Mass","floor":49,"turns":2},{"damage":0,"enemies":"FixerMidnight","floor":50,"turns":1},{"damage":0,"enemies":"downfall:CharBossMerchant","floor":52,"turns":3},{"damage":0,"enemies":"downfall:NeowBoss","floor":55,"turns":7},{"damage":5,"enemies":"downfall:NeowBossFinal","floor":56,"turns":6}],"seed_played":"4547277533857932306","potions_obtained":[{"floor":2.0,"key":"Guardian:BlockOnCardUsePotion"},{"floor":4.0,"key":"bronze:BurnAndBuffPotion"},{"floor":11.0,"key":"Fire Potion"}],"is_trial":false,"path_per_floor":["R","M","?","M","M","?","T","R","M","T","E","M","R","$","M","B",null,"R","M","?","$","M","R","T","?","E","?","R","T","E","M","M","B",null,"R","M","M","M","?","NM","T","E","$","M","R","M","?","$","M","B",null,"E","$","R","B","B",null],"character_chosen":"GUARDIAN","items_purchased":["Guardian:CrystalBeam","Guardian:RollAttack","Sling","Mango","GodSword4","Frozen Eye","Impatience","Guardian:Gem_White"],"campfire_rested":7,"item_purchase_floors":[14,21,43,43,48,48,48,53],"current_hp_per_floor":[80,80,80,80,80,80,80,90,90,90,90,90,90,90,90,90,90,90,89,89,99,79,110,110,110,110,110,110,110,99,99,99,98,110,110,21,21,21,110,73,73,56,70,76,113,119,119,119,124,124,124,124,124,124,124,124],"gold":5,"neow_bonus":"","is_daily":false,"chose_seed":false,"campfire_upgraded":1,"win_rate":0.0,"timestamp":1612188256,"path_taken":["R","M","?","?","M","?","T","R","M","?","E","M","R","?","M","BOSS","R","M","?","$","M","R","T","?","E","?","R","?","E","?","M","BOSS","R","M","M","M","?","NM","T","E","?","?","R","M","?","$","M","BOSS","E","$","R","BOSS","BOSS"],"items_purchased_type":["Card","Card","Relic","Relic","Relic","Relic","Card","Card"],"build_version":"2020-12-22","purchased_purges":0,"victory":true,"max_hp_per_floor":[80,80,80,80,80,80,80,90,90,90,90,90,90,90,90,90,90,90,100,100,110,110,110,110,110,110,110,110,110,110,110,110,110,110,110,110,110,110,110,110,110,110,124,124,124,124,124,124,124,124,124,124,124,124,124,124],"card_choices":[{"not_picked":["CherryBlossoms","OldLady","DespairKnight"],"picked":"Singing Bowl","floor":2.0},{"not_picked":["Guardian:RollAttack","Guardian:PrimingBeam"],"picked":"Guardian:Gem_Crimson","floor":2.0},{"not_picked":["Guardian:Recover","Guardian:ShieldCharger"],"picked":"Guardian:Gem_Red","floor":4.0},{"not_picked":["Guardian:Planning","Guardian:Gem_Red"],"picked":"Guardian:Gem_Blue","floor":5.0},{"not_picked":["Guardian:ShieldSpikes","Guardian:TimeSifter"],"picked":"Guardian:PrismaticBeam","floor":9.0},{"not_picked":["Guardian:StasisEngine","Guardian:TemporalStrike"],"picked":"Guardian:Gem_Lightblue","floor":11.0},{"not_picked":["Guardian:BronzeOrb","Guardian:Orbwalk"],"picked":"Guardian:CrystalBeam","floor":12.0},{"not_picked":["Guardian:StasisField","Guardian:Reroute"],"picked":"Guardian:Gem_Red","floor":14.0},{"not_picked":["Guardian:Repulse","Guardian:Gem_Blue"],"picked":"Guardian:Gem_White","floor":15.0},{"not_picked":["Guardian:StasisField","Guardian:GemFinder"],"picked":"Guardian:CompilePackage","floor":16.0},{"not_picked":["Guardian:FuturePlans","Guardian:Gem_Cyan"],"picked":"Guardian:ChargeCore+1","floor":19.0},{"not_picked":["Guardian:Emergency","Guardian:PolyBeam"],"picked":"Guardian:VentSteam","floor":21.0},{"not_picked":["Guardian:Incinerate","Guardian:ArmoredProtocol"],"picked":"Guardian:PiercingHide+1","floor":22.0},{"not_picked":["Guardian:TimeSifter","Guardian:CrystalBeam"],"picked":"Guardian:PiercingHide","floor":26.0},{"not_picked":["Guardian:CrystalBeam+1","Guardian:Clone"],"picked":"Guardian:Gem_Purple","floor":30.0},{"not_picked":["Guardian:Incinerate","Guardian:VentSteam","Guardian:TimeBomb"],"picked":"SKIP","floor":31.0},{"not_picked":["Guardian:TemporalShield+1","Guardian:MultiBeam+1"],"picked":"Guardian:Gem_Lightblue","floor":32.0},{"not_picked":["Guardian:TimeSifter","Guardian:FastForward"],"picked":"Guardian:Gem_Orange","floor":33.0},{"not_picked":["Guardian:Gem_Lightblue","Guardian:CrystalBeam"],"picked":"Guardian:Gem_Cyan","floor":36.0},{"not_picked":["Guardian:CrystalBeam","Guardian:Reroute+1"],"picked":"Guardian:Gem_White","floor":37.0},{"not_picked":["Guardian:Incinerate","Guardian:BaubleBeam"],"picked":"Guardian:PiercingHide","floor":38},{"not_picked":["Guardian:VentSteam+1","Guardian:Suspension"],"picked":"Guardian:RollAttack","floor":40},{"not_picked":["Guardian:Planning+1","Guardian:PolyBeam+1"],"picked":"Guardian:ShieldSpikes","floor":42},{"not_picked":["Guardian:Repulse+1","Guardian:RollAttack+1"],"picked":"Guardian:Gem_Red","floor":44},{"not_picked":["Guardian:PrimingBeam","Guardian:Repulse+1"],"picked":"Guardian:Gem_Lightblue","floor":46},{"not_picked":["Guardian:FuturePlans+1","Guardian:StasisStrike","Guardian:Preprogram"],"picked":"SKIP","floor":49},{"not_picked":["Guardian:FuturePlans+1","Guardian:StasisStrike","Guardian:Preprogram"],"picked":"SKIP","floor":49},{"not_picked":["Guardian:Gem_Cyan","Guardian:Gem_Orange"],"picked":"Guardian:CrystalBeam","floor":52}],"player_experience":141623,"relics_obtained":[{"floor":10.0,"key":"Bronze Scales"},{"floor":11.0,"key":"hexamod:CandleOfCauterizing"},{"floor":19.0,"key":"downfall:HeartBlessingBlue"},{"floor":21.0,"key":"downfall:HeartBlessingBlue"},{"floor":24.0,"key":"reliquary:SharkskinSheath"},{"floor":26.0,"key":"reliquary:Stiletto"},{"floor":29.0,"key":"reliquary:Sideboard"},{"floor":30.0,"key":"Slimebound:StickyStick"},{"floor":33.0,"key":"Hallownest:StagBellRelic1"},{"floor":36.0,"key":"RedMistMask"},{"floor":40,"key":"reliquary:Buckler"},{"floor":41,"key":"theSenshi:FeatherClipsRelic"},{"floor":50,"key":"downfall:HeartBlessingGreen"},{"floor":52,"key":"reliquary:QuartzCube"}],"event_choices":[{"damage_healed":89,"gold_gain":0,"player_choice":"Full Heal","damage_taken":0,"max_hp_gain":0,"max_hp_loss":0,"event_name":"Wheel of Change","floor":39,"gold_loss":0}],"is_beta":false,"boss_relics":[{"not_picked":["Runic Dome","Cursed Key"],"picked":"AddBug"},{"not_picked":["Runic Pyramid","Philosopher\u0027s Stone"],"picked":"EasyGame_NEW"}],"items_purged_floors":[],"is_endless":false,"potions_floor_spawned":[2,4,11,12,16,22,26,30,32,33,37,38,40,44,46,52],"ascension_level":1}}