{"host":"2mxajwyidsax8sss","time":1612165822,"event":{"mods":["100% Spire Juice","2.2 Compatiblity","Act Like it!","Arknights","Aspiration","Bartender","BaseMod","Better Match","Better Note","Better Sensory Stone","Better Vampires","BetterRewards","Block Reminder","CapriCore","Chen","Colored Powertips","Conspire","Decade(???)","Defuse TimeMaze Blight","Downfall","Energized Spire","Friendly Minions","Gensokyo","Googly Eyes","GungeonMod","Hermit","HololiveMod","Hubris","Jorbs\u0027s Wanderer Trilogy","Koishi","Marked Mod","Minty Spire (QoL Compilation)","Nova Terra(??·??)","Permanent Neow","Quick Restart","Random Character Button","Reimu??????","Relic Filter","Relic Stats","Reliquary","Remilia??????","Replay The Spire","SIMod","SOS???????","StSLib","The Animator","The Bug Knight","The Death Knight","The Immortal","The Kombatant","Wandering Minibosses"],"gold_per_floor":[114,34,44,44,62,97,117,117,196,214,70,89,89,14,14,109,109,99,99,99],"floor_reached":19,"language":"ENG","playtime":2179,"items_purged":[],"score":219,"play_id":"1ff13c06-4cab-491a-9ac7-487e865c0721","local_time":"20210201085022","is_ascension_mode":false,"campfire_choices":[{"data":"KamenRide","floor":8.0,"key":"SMITH"}],"circlet_count":0,"master_deck":["Decade_Attack","Decade_Attack","Decade_Attack","Decade_Attack","KamenRide+1","Decade_SpecialSkill","Decade_Defend","Decade_Defend","Decade_Defend","Decade_Defend","FormRideAxel","AutoVajin","Decade_Invisible","Blade_Metal","UnarmedAttack9","Blade_Beat","FormRideJack","KamenRideFaiz","DenO_Ax+1","Kuuga_GouramAttack","Blade_Metal+1","DenO_Ax+1","Kabuto_ClockUp+1","UnarmedAttack3","Blade_Beat+1","Dragreder+1","Panacea+1","Kuuga_Rising+1"],"relics":["Decadriver","TOEIDeficitBill","Counterbalance","Toxic Egg 2","TentaclePot:ReiMu","hubris:Stopwatch","DemoMod:GlassGuonStoneRelic"],"acts_visited":["Gensokyo:Gensokyo","TheCity"],"potions_floor_usage":[],"damage_taken":[{"damage":0.0,"enemies":"Gensokyo:3_Fairies","floor":1.0,"turns":4.0},{"damage":4.0,"enemies":"Gensokyo:2_Kodama","floor":3.0,"turns":3.0},{"damage":0.0,"enemies":"Gensokyo:Gryphon","floor":5.0,"turns":3.0},{"damage":14.0,"enemies":"Gensokyo:Aya","floor":6.0,"turns":6.0},{"damage":0.0,"enemies":"Gensokyo:Kitsune","floor":7.0,"turns":3.0},{"damage":9.0,"enemies":"Gensokyo:LivingMonolith","floor":10.0,"turns":6.0},{"damage":1.0,"enemies":"Gensokyo:2_Rabbits","floor":12.0,"turns":3.0},{"damage":0.0,"enemies":"Gensokyo:Reimu","floor":16.0,"turns":8.0},{"damage":0.0,"enemies":"2 Thieves","floor":18.0,"turns":4.0}],"seed_played":"1732428350559740181","potions_obtained":[{"floor":3.0,"key":"DemoMod:LeadSkinPotion"},{"floor":7.0,"key":"Elixir"},{"floor":12.0,"key":"Fire Potion"},{"floor":16.0,"key":"Toxic Potion"}],"is_trial":false,"path_per_floor":["M","$","M","?","M","E","M","R","T","M","COS","M","?","?","R","B",null,"M","$"],"character_chosen":"Decade","items_purchased":["Blade_Metal"],"campfire_rested":0,"item_purchase_floors":[2],"current_hp_per_floor":[70,70,66,70,70,56,66,66,66,57,57,56,56,56,56,56,70,70,70,70],"gold":99,"neow_bonus":"ONE_RANDOM_RARE_CARD","is_daily":false,"chose_seed":false,"campfire_upgraded":1,"win_rate":0.0,"timestamp":1612165822,"path_taken":["M","$","M","?","?","E","M","R","T","M","COS","M","?","?","R","BOSS","M","$"],"items_purchased_type":["Card"],"build_version":"2020-12-22","purchased_purges":0,"victory":false,"max_hp_per_floor":[70,70,70,70,70,70,70,70,70,70,70,70,70,70,70,70,70,70,70,70],"relic_stats":{"counters":[9,40],"obtain_stats":[{"Counterbalance":6,"TentaclePot:ReiMu":11,"hubris:Stopwatch":17,"Decadriver":0,"DemoMod:GlassGuonStoneRelic":10,"TOEIDeficitBill":0,"Toxic Egg 2":9},{"Counterbalance":4,"TentaclePot:ReiMu":6,"hubris:Stopwatch":8,"Decadriver":0,"DemoMod:GlassGuonStoneRelic":6,"TOEIDeficitBill":0,"Toxic Egg 2":5},{"Counterbalance":16,"TentaclePot:ReiMu":25,"hubris:Stopwatch":36,"Decadriver":0,"DemoMod:GlassGuonStoneRelic":25,"TOEIDeficitBill":0,"Toxic Egg 2":19}]},"card_choices":[{"not_picked":["Hibiki_Attack1","UnarmedAttack5"],"picked":"AutoVajin","floor":1.0},{"not_picked":["UnarmedAttack1","RideBooker_Skill_2"],"picked":"Decade_Invisible","floor":1.0},{"not_picked":["UnarmedAttack7","FormRideDragon"],"picked":"UnarmedAttack9","floor":3.0},{"not_picked":["FormRideStorm","AutoVajin","UnarmedAttack1"],"picked":"SKIP","floor":3.0},{"not_picked":["UnarmedAttack8","UnarmedAttack6"],"picked":"Blade_Beat","floor":5.0},{"not_picked":["Decade_Dash1","Blade_Beat"],"picked":"FormRideJack","floor":6.0},{"not_picked":["Decade_Dash1","Kiva_Swallow","UnarmedAttack5"],"picked":"SKIP","floor":6.0},{"not_picked":["KamenRideDenO","FormRideTitan"],"picked":"KamenRideFaiz","floor":7.0},{"not_picked":["FormRideGaruru","FormRideDragon","UnarmedAttack1"],"picked":"SKIP","floor":7.0},{"not_picked":["KamenRideKabuto","AutoVajin+1"],"picked":"DenO_Ax+1","floor":10.0},{"not_picked":["Blade_Beat+1","PhotonAcceleration"],"picked":"Kuuga_GouramAttack","floor":10.0},{"not_picked":["KamenRideRyuki","UnarmedAttack4"],"picked":"Blade_Metal+1","floor":12.0},{"not_picked":["Hibiki_Attack1","Kiva_Frozen+1"],"picked":"DenO_Ax+1","floor":12.0},{"not_picked":["Blade_Metal+1","KamenRideBlade"],"picked":"Kabuto_ClockUp+1","floor":13.0},{"not_picked":["KamenRideDecade","Kiva_Bats"],"picked":"UnarmedAttack3","floor":13.0},{"not_picked":["DenO_Sword","Hibiki_Attack2"],"picked":"Blade_Beat","floor":14.0},{"not_picked":["UnarmedAttack4","Hibiki_Attack3"],"picked":"Dragreder","floor":14.0},{"not_picked":["Jack Of All Trades","hubris:Ssssneak"],"picked":"Panacea","floor":14.0},{"not_picked":["UnarmedAttack9","NMDAZYYGL+1"],"picked":"Kuuga_Rising+1","floor":16.0},{"not_picked":["Decade_Dash2+1","RideBooker_Skill_3+1","KamenRideDecade"],"picked":"SKIP","floor":18.0}],"player_experience":196869,"relics_obtained":[{"floor":6.0,"key":"Counterbalance"},{"floor":9.0,"key":"Toxic Egg 2"}],"event_choices":[{"damage_healed":0.0,"max_hp_gain":0.0,"max_hp_loss":0.0,"gold_gain":0.0,"event_name":"betterMatch:BetterMatch","player_choice":"1","floor":14.0,"gold_loss":0.0,"damage_taken":0.0,"cards_obtained":["betterMatch:ColorlessUncommonCard","betterMatch:CommonCard","betterMatch:UncommonCard"]}],"is_beta":false,"boss_relics":[{"not_picked":["Replay:Grab Bag","Ring of Chaos"],"picked":"hubris:Stopwatch"}],"items_purged_floors":[],"is_endless":false,"potions_floor_spawned":[3,7,12,16],"ascension_level":0}}