{"host":"8ki4rp59nppvqwda","time":1612142650,"event":{"mods":["AlwaysNeverKeys","BaseMod","Hermit","Minty Spire (QoL Compilation)","Robot Space Explorer","SacredBarkPlus","StSLib","The Cursed","The Necromancer","The Trickster"],"gold_per_floor":[114,129,129,141,316,316,348,361,361,636,636,666,731,731,731,826,826,858,495,495,524,49,115,150,150,173,203,238,255,270,300,300,396,396,412,95,0,28,28,28,48,111,111,386,386,386],"floor_reached":45,"language":"ENG","playtime":8449,"items_purged":["Doubt","hermit:Defend_Hermit"],"score":617,"play_id":"2b80e896-081c-4c7b-bdcf-6c58ce63cb77","local_time":"20210131202410","is_ascension_mode":true,"campfire_choices":[{"data":"hermit:Dive","floor":6.0,"key":"SMITH"},{"data":"hermit:DeadOrAlive","floor":11.0,"key":"SMITH"},{"data":"hermit:Determination","floor":15.0,"key":"SMITH"},{"data":"hermit:TakeAim","floor":25.0,"key":"SMITH"},{"data":"hermit:BlackWind","floor":32.0,"key":"SMITH"},{"data":"hermit:Shortfuse","floor":40.0,"key":"SMITH"}],"circlet_count":0,"master_deck":["hermit:Strike_Hermit+1","hermit:Strike_Hermit","hermit:Strike_Hermit","hermit:Defend_Hermit","hermit:Defend_Hermit","hermit:Snapshot","hermit:Covet","hermit:GhostlyPresence","hermit:Dive+1","hermit:Headshot","hermit:DeadOrAlive+1","Regret","hermit:Determination+1","hermit:Reprieve","hermit:Combo+1","Finesse","hermit:Shortfuse+1","hermit:BlackWind+1","hermit:CalledShot+1","hermit:TakeAim+1","hermit:Manifest+1","hermit:GhostlyPresence","Doubt","hermit:Quickdraw+1","hermit:EyeOfTheStorm","hermit:Brawl+1","hermit:FlashPowder","hermit:Showdown+1","hermit:BlackWind+1","hermit:FinalCanter","hermit:EyeOfTheStorm+1","hermit:Gestalt","hermit:Enervate+1","Injury","Regret"],"relics":["hermit:Momento","Juzu Bracelet","Meat on the Bone","The Courier","Prayer Wheel","Akabeko","Cursed Key","Happy Flower","Chemical X","TheAbacus","Shuriken","Whetstone","Ancient Tea Set","MealTicket","Lantern","Velvet Choker","Anchor","hermit:RyeStalk","Red Mask","Unceasing Top","StrikeDummy"],"acts_visited":["Exordium","TheCity","TheBeyond"],"potions_floor_usage":[41,42,45],"damage_taken":[{"damage":0.0,"enemies":"Small Slimes","floor":1.0,"turns":3.0},{"damage":0.0,"enemies":"2 Louse","floor":2.0,"turns":3.0},{"damage":0.0,"enemies":"Cultist","floor":4.0,"turns":4.0},{"damage":30.0,"enemies":"3 Sentries","floor":7.0,"turns":11.0},{"damage":3.0,"enemies":"Blue Slaver","floor":8.0,"turns":6.0},{"damage":9.0,"enemies":"Lagavulin","floor":13.0,"turns":8.0},{"damage":50.0,"enemies":"Slime Boss","floor":16.0,"turns":13.0},{"damage":11.0,"enemies":"2 Thieves","floor":18.0,"turns":4.0},{"damage":22.0,"enemies":"3 Byrds","floor":21.0,"turns":9.0},{"damage":41.0,"enemies":"Book of Stabbing","floor":23.0,"turns":5.0},{"damage":2.0,"enemies":"Centurion and Healer","floor":24.0,"turns":5.0},{"damage":29.0,"enemies":"Gremlin Leader","floor":27.0,"turns":6.0},{"damage":13.0,"enemies":"Cultist and Chosen","floor":28.0,"turns":4.0},{"damage":0.0,"enemies":"Snecko","floor":29.0,"turns":3.0},{"damage":3.0,"enemies":"Centurion and Healer","floor":30.0,"turns":2.0},{"damage":8.0,"enemies":"Chosen and Byrds","floor":31.0,"turns":3.0},{"damage":32.0,"enemies":"Automaton","floor":33.0,"turns":7.0},{"damage":32.0,"enemies":"3 Darklings","floor":35.0,"turns":6.0},{"damage":4.0,"enemies":"3 Shapes","floor":38.0,"turns":3.0},{"damage":12,"enemies":"3 Darklings","floor":41,"turns":5},{"damage":53,"enemies":"Giant Head","floor":42,"turns":7},{"damage":9,"enemies":"Nemesis","floor":45,"turns":3}],"seed_played":"5337724325749525291","potions_obtained":[{"floor":1.0,"key":"Regen Potion"},{"floor":7.0,"key":"Regen Potion"},{"floor":8.0,"key":"Strength Potion"},{"floor":21.0,"key":"DuplicationPotion"},{"floor":27.0,"key":"LiquidBronze"},{"floor":31.0,"key":"Block Potion"},{"floor":33.0,"key":"PowerPotion"},{"floor":35.0,"key":"Weak Potion"},{"floor":41,"key":"EssenceOfSteel"},{"floor":42,"key":"Dexterity Potion"}],"is_trial":false,"path_per_floor":["M","M","?","M","?","R","E","M","T","?","R","?","E","?","R","B",null,"M","$","?","M","$","E","M","R","T","E","M","M","M","M","R","B",null,"M","$","?","M","?","R","M","E","T","?","E"],"character_chosen":"HERMIT","items_purchased":["Happy Flower","Chemical X","Finesse","TheAbacus","Shuriken","Whetstone","hermit:TakeAim","Anchor","hermit:RyeStalk"],"campfire_rested":0,"item_purchase_floors":[19,19,19,22,22,22,22,36,36],"current_hp_per_floor":[82,82,87,87,87,87,68,80,80,80,80,80,71,68,68,30,87,76,76,76,54,54,33,51,51,51,34,41,53,50,54,54,34,87,55,70,70,66,66,66,62,21,21,21,12,12],"gold":386,"neow_bonus":"TEN_PERCENT_HP_BONUS","is_daily":false,"chose_seed":false,"campfire_upgraded":6,"win_rate":0.0,"timestamp":1612142650,"path_taken":["M","M","?","M","?","R","E","M","T","?","R","?","E","?","R","BOSS","M","$","?","M","$","E","M","R","T","E","M","M","M","M","R","BOSS","M","$","?","M","?","R","M","E","T","?","E"],"items_purchased_type":["Relic","Relic","Card","Relic","Relic","Relic","Card","Relic","Relic"],"build_version":"2020-12-22","purchased_purges":2,"victory":false,"max_hp_per_floor":[82,82,87,87,87,87,87,87,87,87,87,87,87,87,87,87,87,87,87,87,87,87,87,87,87,87,87,87,87,87,87,87,87,87,87,87,87,87,87,87,87,87,87,87,87,87],"card_choices":[{"not_picked":["hermit:Desperado","hermit:NoHoldsBarred"],"picked":"hermit:GhostlyPresence","floor":1.0},{"not_picked":["hermit:BodyArmor","hermit:Combo"],"picked":"hermit:Dive","floor":2.0},{"not_picked":["hermit:Desperado","hermit:Coalescence"],"picked":"hermit:Headshot","floor":4.0},{"not_picked":["hermit:Misfire","hermit:Roulette","hermit:BodyArmor"],"picked":"SKIP","floor":7.0},{"not_picked":["hermit:CalledShot","hermit:LowProfile"],"picked":"hermit:DeadOrAlive","floor":8.0},{"not_picked":["hermit:Maintenance","hermit:BodyArmor"],"picked":"hermit:Determination","floor":13.0},{"not_picked":["hermit:HighNoon","hermit:Magnum"],"picked":"hermit:Reprieve","floor":16.0},{"not_picked":["hermit:Scavenge","hermit:Vantage"],"picked":"hermit:Combo+1","floor":18.0},{"not_picked":["hermit:LuckOfTheDraw+1","hermit:TrackingShot+1","hermit:CursedWeapon"],"picked":"SKIP","floor":18.0},{"not_picked":["hermit:Horror","hermit:Quickdraw+1"],"picked":"hermit:CalledShot+1","floor":21.0},{"not_picked":["hermit:HighCaliber","hermit:Vantage","hermit:Misfire+1"],"picked":"SKIP","floor":21.0},{"not_picked":["hermit:Quickdraw+1","hermit:BlackWind"],"picked":"hermit:Manifest+1","floor":23.0},{"not_picked":["hermit:Virtue","hermit:Snipe+1"],"picked":"hermit:GhostlyPresence","floor":24.0},{"not_picked":["hermit:BodyArmor","hermit:Dive","hermit:NoHoldsBarred+1"],"picked":"SKIP","floor":24.0},{"not_picked":["hermit:Snipe","hermit:NoHoldsBarred","hermit:TrackingShot"],"picked":"SKIP","floor":27.0},{"not_picked":["hermit:Coalescence","hermit:BodyArmor"],"picked":"hermit:Quickdraw+1","floor":28.0},{"not_picked":["hermit:TrackingShot+1","hermit:Glare"],"picked":"hermit:EyeOfTheStorm","floor":28.0},{"not_picked":["hermit:Showdown","hermit:WideOpen"],"picked":"hermit:Brawl+1","floor":29.0},{"not_picked":["hermit:ItchyTrigger+1","hermit:Gestalt","hermit:LuckOfTheDraw"],"picked":"SKIP","floor":29.0},{"not_picked":["hermit:Enervate","hermit:ItchyTrigger+1"],"picked":"hermit:FlashPowder","floor":30.0},{"not_picked":["hermit:Brawl","hermit:Showdown+1","hermit:PistolWhip"],"picked":"SKIP","floor":30.0},{"not_picked":["hermit:Brawl","hermit:PistolWhip"],"picked":"hermit:Showdown+1","floor":30.0},{"not_picked":["hermit:LoneWolf+1","hermit:Combo"],"picked":"hermit:BlackWind","floor":31.0},{"not_picked":["hermit:Misfire","hermit:Spite","hermit:Manifest+1"],"picked":"SKIP","floor":31.0},{"not_picked":["hermit:Reprieve","hermit:DeadOrAlive"],"picked":"hermit:FinalCanter","floor":33.0},{"not_picked":["hermit:Ricochet+1","hermit:Glare+1"],"picked":"hermit:EyeOfTheStorm+1","floor":35.0},{"not_picked":["hermit:BodyArmor+1","hermit:Dive","hermit:CalledShot"],"picked":"SKIP","floor":35.0},{"not_picked":["hermit:BodyArmor+1","hermit:Dive","hermit:CalledShot"],"picked":"SKIP","floor":35.0},{"not_picked":["hermit:Cheat","hermit:Deadeye"],"picked":"hermit:ShadowCloak+1","floor":38.0},{"not_picked":["hermit:DeadMansHand","hermit:Virtue+1","hermit:Feint"],"picked":"SKIP","floor":38.0},{"not_picked":["hermit:HighCaliber","hermit:TrackingShot"],"picked":"hermit:Gestalt","floor":41},{"not_picked":["hermit:Feint","hermit:LowProfile+1"],"picked":"hermit:Enervate+1","floor":41},{"not_picked":["hermit:Gestalt","hermit:Spite","hermit:Virtue+1"],"picked":"SKIP","floor":42}],"player_experience":1278595,"relics_obtained":[{"floor":7.0,"key":"Juzu Bracelet"},{"floor":9.0,"key":"Meat on the Bone"},{"floor":13.0,"key":"Prayer Wheel"},{"floor":23.0,"key":"Ancient Tea Set"},{"floor":26.0,"key":"MealTicket"},{"floor":27.0,"key":"Lantern"},{"floor":42,"key":"Unceasing Top"},{"floor":43,"key":"StrikeDummy"}],"event_choices":[{"damage_healed":0.0,"max_hp_gain":5.0,"max_hp_loss":0.0,"gold_gain":0.0,"event_name":"Big Fish","player_choice":"Donut","floor":3.0,"gold_loss":0.0,"damage_taken":0.0},{"damage_healed":0.0,"max_hp_gain":0.0,"max_hp_loss":0.0,"gold_gain":175.0,"event_name":"Liars Game","player_choice":"AGREE","floor":5.0,"gold_loss":0.0,"damage_taken":0.0,"cards_obtained":["Doubt"]},{"damage_healed":0.0,"max_hp_gain":0.0,"max_hp_loss":0.0,"gold_gain":275.0,"event_name":"Golden Shrine","player_choice":"Desecrate","floor":10.0,"gold_loss":0.0,"damage_taken":0.0,"cards_obtained":["Regret"]},{"damage_healed":0.0,"max_hp_gain":0.0,"max_hp_loss":0.0,"gold_gain":30.0,"event_name":"Dead Adventurer","player_choice":"Searched \u00273\u0027 times","floor":12.0,"gold_loss":0.0,"damage_taken":0.0,"relics_obtained":["The Courier"]},{"damage_healed":0.0,"max_hp_gain":0.0,"max_hp_loss":0.0,"gold_gain":0.0,"event_name":"Scrap Ooze","player_choice":"Success","floor":14.0,"gold_loss":0.0,"damage_taken":3.0,"relics_obtained":["Akabeko"]},{"damage_healed":0.0,"max_hp_gain":0.0,"max_hp_loss":0.0,"gold_gain":0.0,"cards_transformed":["hermit:Strike_Hermit","hermit:Defend_Hermit"],"event_name":"Drug Dealer","player_choice":"Became Test Subject","floor":20.0,"gold_loss":0.0,"damage_taken":0.0,"cards_obtained":["hermit:Shortfuse","hermit:BlackWind"]},{"damage_healed":0.0,"max_hp_gain":0.0,"max_hp_loss":0.0,"gold_gain":0.0,"event_name":"Tomb of Lord Red Mask","player_choice":"Paid","floor":37.0,"gold_loss":95.0,"damage_taken":0.0,"relics_obtained":["Red Mask"]},{"cards_removed":["hermit:ShadowCloak"],"damage_healed":0.0,"max_hp_gain":0.0,"max_hp_loss":0.0,"gold_gain":0.0,"event_name":"Falling","player_choice":"Removed Power","floor":39.0,"gold_loss":0.0,"damage_taken":0.0},{"damage_healed":0,"gold_gain":275,"player_choice":"Desecrate","damage_taken":0,"max_hp_gain":0,"max_hp_loss":0,"event_name":"Golden Shrine","floor":44,"gold_loss":0,"cards_obtained":["Regret"]}],"is_beta":false,"boss_relics":[{"not_picked":["Snecko Eye","Ectoplasm"],"picked":"Cursed Key"},{"not_picked":["hermit:BartenderGlass","Tiny House"],"picked":"Velvet Choker"}],"items_purged_floors":[19,36],"is_endless":false,"potions_floor_spawned":[1,7,8,21,27,31,33,35,41,42],"killed_by":"Nemesis","ascension_level":3}}