{"host":"3498uni0c31c9bdm","time":1612171661,"event":{"mods":["BaseMod","Better Third Choice","Minty Spire (QoL Compilation)","Replay The Spire","StSLib"],"gold_per_floor":[116,132,132,143,143,170,183,183,208,208,285,285,295,306,306,410,410,428,703,227,227,227,227,252,271,271,286,105,105,119,119],"floor_reached":30,"language":"ENG","playtime":752,"items_purged":["Regret"],"score":397,"play_id":"c49c5bf4-4d13-4e30-901b-867669f86a27","local_time":"20210201202741","is_ascension_mode":true,"campfire_choices":[{"floor":12,"key":"REST"},{"floor":15,"key":"REST"},{"floor":23,"key":"RECALL"}],"circlet_count":0,"master_deck":["AscendersBane","Strike_P","Strike_P","Strike_P","Strike_P","Defend_P","Defend_P+1","Defend_P","Defend_P","Eruption","Vigilance","Shame","FlurryOfBlows","Consecrate","FollowUp+1","Alpha","EmptyMind","CutThroughFate","EmptyBody","DevaForm","SandsOfTime","ReplayTheSpireMod:IOU","PathToVictory","EmptyFist","CutThroughFate","PathToVictory"],"relics":["PureWater","Replay:Arrowhead","Letter Opener","Meat on the Bone","Juzu Bracelet","Cursed Key","ReplayTheSpireMod:CursedCoin","Quantum Egg","CloakClasp","Shuriken","Damaru","Replay:Bandana"],"acts_visited":["Exordium","TheCity"],"potions_floor_usage":[6,24,27,27],"damage_taken":[{"damage":11,"enemies":"Jaw Worm","floor":1,"turns":5},{"damage":1,"enemies":"Cultist","floor":2,"turns":3},{"damage":0,"enemies":"Small Slimes","floor":4,"turns":3},{"damage":42,"enemies":"Lagavulin","floor":6,"turns":8},{"damage":7,"enemies":"3 Louse","floor":7,"turns":3},{"damage":14,"enemies":"Lots of Slimes","floor":13,"turns":2},{"damage":1,"enemies":"2 Fungi Beasts","floor":14,"turns":3},{"damage":36,"enemies":"The Guardian","floor":16,"turns":9},{"damage":15,"enemies":"3 Byrds","floor":18,"turns":5},{"damage":39,"enemies":"Slavers","floor":24,"turns":3},{"damage":23,"enemies":"Chosen","floor":25,"turns":5},{"damage":14,"enemies":"Shelled Parasite and Fungi","floor":27,"turns":3},{"damage":31,"enemies":"Book of Stabbing","floor":30,"turns":4}],"seed_played":"-7516431856676358754","potions_obtained":[{"floor":1,"key":"Venom Potion"},{"floor":13,"key":"DistilledChaos"},{"floor":14,"key":"Ancient Potion"},{"floor":25,"key":"StancePotion"}],"is_trial":false,"path_per_floor":["M","M","$","M","?","E","M","T","T","?","?","R","M","M","R","B",null,"M","?","$","?","?","R","E","M","T","M","$","?","E"],"character_chosen":"WATCHER","items_purchased":["ReplayTheSpireMod:CursedCoin","Quantum Egg","CloakClasp","Replay:Bandana","PathToVictory"],"campfire_rested":2,"item_purchase_floors":[20,20,20,28,28],"current_hp_per_floor":[54,53,53,53,53,11,4,4,4,4,4,25,23,34,55,31,62,47,47,47,71,71,71,44,33,33,31,31,31,0,0],"gold":119,"neow_bonus":"ONE_RARE_RELIC","is_daily":false,"chose_seed":false,"campfire_upgraded":0,"win_rate":0.0,"timestamp":1612171661,"path_taken":["M","M","$","M","?","E","M","?","T","?","?","R","M","M","R","BOSS","M","?","$","?","?","R","E","M","T","M","$","?","E"],"items_purchased_type":["Relic","Relic","Relic","Relic","Card"],"build_version":"2020-12-22","purchased_purges":1,"victory":false,"max_hp_per_floor":[72,72,72,72,72,72,72,72,72,72,72,72,72,72,72,72,72,72,72,72,72,72,72,72,72,72,72,72,72,72,72],"card_choices":[{"not_picked":["FlyingSleeves","Protect"],"picked":"FlurryOfBlows","floor":1},{"not_picked":["FlyingSleeves","JustLucky"],"picked":"Consecrate","floor":2},{"not_picked":["Crescendo","MentalFortress"],"picked":"FollowUp","floor":4},{"not_picked":["WheelKick","Consecrate"],"picked":"Alpha","floor":6},{"not_picked":["Replay:AtTheReady","FlyingSleeves"],"picked":"EmptyMind","floor":7},{"not_picked":["ClearTheMind","ThirdEye"],"picked":"CutThroughFate","floor":13},{"not_picked":["WreathOfFlame","ClearTheMind"],"picked":"EmptyBody","floor":14},{"not_picked":["Omniscience","Blasphemy"],"picked":"DevaForm","floor":16},{"not_picked":["Replay:ManipulateFuture","EmptyFist"],"picked":"SandsOfTime","floor":18},{"not_picked":["Evaluate","Replay:Battleflow"],"picked":"PathToVictory","floor":24},{"not_picked":["Protect","Prostrate"],"picked":"EmptyFist","floor":25},{"not_picked":["Replay:ManipulateFuture","Replay:BluntJabs+1"],"picked":"CutThroughFate","floor":27}],"player_experience":789911,"relics_obtained":[{"floor":6,"key":"Letter Opener"},{"floor":8,"key":"Meat on the Bone"},{"floor":9,"key":"Juzu Bracelet"},{"floor":24,"key":"Shuriken"},{"floor":26,"key":"Damaru"}],"event_choices":[{"damage_healed":0,"gold_gain":0,"player_choice":"Grow","damage_taken":0,"max_hp_gain":0,"max_hp_loss":0,"event_name":"Living Wall","floor":5,"gold_loss":0,"cards_upgraded":["FollowUp"]},{"damage_healed":0,"gold_gain":77,"player_choice":"Gained Gold","damage_taken":0,"max_hp_gain":0,"max_hp_loss":0,"event_name":"Golden Wing","floor":11,"gold_loss":0},{"damage_healed":0,"gold_gain":275,"player_choice":"Desecrate","damage_taken":0,"max_hp_gain":0,"max_hp_loss":0,"event_name":"Golden Shrine","floor":19,"gold_loss":0,"cards_obtained":["Regret"]},{"damage_healed":24,"gold_gain":0,"player_choice":"Heal","damage_taken":0,"max_hp_gain":0,"max_hp_loss":0,"event_name":"The Library","floor":21,"gold_loss":0},{"damage_healed":0,"gold_gain":0,"player_choice":"Got Potions","damage_taken":0,"max_hp_gain":0,"max_hp_loss":0,"event_name":"Lab","floor":22,"gold_loss":0},{"cards_removed":["Replay:Hysterical Blindness"],"damage_healed":0,"gold_gain":0,"player_choice":"Purged","damage_taken":0,"max_hp_gain":0,"max_hp_loss":0,"event_name":"Purifier","floor":29,"gold_loss":0}],"is_beta":false,"boss_relics":[{"not_picked":["Pandora\u0027s Box","Ectoplasm"],"picked":"Cursed Key"}],"items_purged_floors":[20],"is_endless":false,"potions_floor_spawned":[1,13,14,16,18,25],"killed_by":"Book of Stabbing","ascension_level":12}}