{"host":"vyiqbz5w606ur92t","time":1612218384,"event":{"mods":["BaseMod","Downfall","Minty Spire (QoL Compilation)","StSLib"],"gold_per_floor":[99,119,155,65,128,128,128,128,140,195,237,265,265,415,429,429,429,429],"floor_reached":16,"language":"ENG","playtime":1196,"items_purged":["Writhe"],"score":127,"play_id":"54abae40-d6e9-4a7f-a953-cdbb2084a40b","local_time":"20210201222624","is_ascension_mode":true,"campfire_choices":[{"data":"HandOfGreed","floor":1,"key":"SMITH"},{"floor":8,"key":"RECALL"},{"floor":13,"key":"REST"}],"circlet_count":0,"master_deck":["sneckomod:Strike","sneckomod:Strike","sneckomod:Strike","sneckomod:Defend","sneckomod:Defend","sneckomod:Defend+1","sneckomod:TailWhip","sneckomod:SnekBite","sneckomod:Unknown","sneckomod:Unknown","HandOfGreed+1","sneckomod:UnendingSupply","sneckomod:UnknownUncommonSkill","sneckomod:Rotation","WheelKick","sneckomod:UnknownStrength","sneckomod:UnknownRareAttack","sneckomod:SlitherStrike","sneckomod:UnknownBlock","downfall:Icky","sneckomod:Nope"],"relics":["sneckomod:SneckoSoul","Darkstone Periapt","Mercury Hourglass","hexamod:BolsterEngine","Question Card"],"acts_visited":["Exordium"],"potions_floor_usage":[5,5,10,10,10,10,16],"damage_taken":[{"damage":0,"enemies":"Small Slimes","floor":2,"turns":2},{"damage":13,"enemies":"Jaw Worm","floor":3,"turns":5},{"damage":0,"enemies":"downfall:FleeingMerchant","floor":4,"turns":4},{"damage":20,"enemies":"Gremlin Nob","floor":5,"turns":4},{"damage":1,"enemies":"Cultist","floor":9,"turns":3},{"damage":44,"enemies":"3 Sentries","floor":10,"turns":5},{"damage":7,"enemies":"Exordium Wildlife","floor":11,"turns":3},{"damage":16,"enemies":"Gremlin Nob","floor":12,"turns":4},{"damage":7,"enemies":"2 Fungi Beasts","floor":15,"turns":3},{"damage":33,"enemies":"DF_ARCHETYPE_STREAMLINE","floor":16,"turns":8}],"seed_played":"4415208218832064350","potions_obtained":[{"floor":2,"key":"Strength Potion"},{"floor":4,"key":"SkillPotion"},{"floor":9,"key":"EntropicBrew"},{"floor":10,"key":"Block Potion"},{"floor":11,"key":"Fire Potion"}],"is_trial":false,"path_per_floor":["R","M","M","$","?","R","T","R","M","E","M","E","R","?","M","B"],"character_chosen":"THE_SNECKO","items_purchased":[],"campfire_rested":1,"item_purchase_floors":[],"current_hp_per_floor":[90,90,77,77,57,57,57,57,56,28,21,5,32,38,31,0,0,0],"gold":429,"neow_bonus":"RANDOM_COLORLESS_2","is_daily":false,"chose_seed":false,"campfire_upgraded":1,"win_rate":0.0,"timestamp":1612218384,"path_taken":["R","M","M","$","?","R","T","R","M","E","M","E","R","?","M","BOSS"],"items_purchased_type":[],"build_version":"2020-12-22","purchased_purges":1,"victory":false,"max_hp_per_floor":[90,90,90,90,90,90,90,90,90,90,90,90,90,96,96,96,96,96],"card_choices":[{"not_picked":["Transmutation","Thinking Ahead"],"picked":"HandOfGreed","floor":0},{"not_picked":["sneckomod:UnknownWeak","sneckomod:IronFang"],"picked":"sneckomod:UnendingSupply","floor":2},{"not_picked":["sneckomod:RainOfDice","sneckomod:SlitherStrike"],"picked":"sneckomod:UnknownUncommonSkill","floor":3},{"not_picked":["sneckomod:DiceBlock","sneckomod:DiceBoulder"],"picked":"sneckomod:UnknownDraw","floor":4},{"not_picked":["sneckomod:UnknownCommonAttack","sneckomod:IronFang"],"picked":"sneckomod:Rotation","floor":5},{"not_picked":["sneckomod:DefensiveFlair","sneckomod:UnendingSupply"],"picked":"sneckomod:UnknownStrength","floor":9},{"not_picked":["sneckomod:Unknown1Cost","sneckomod:DiceBoulder"],"picked":"sneckomod:UnknownRareAttack","floor":10},{"not_picked":["sneckomod:DiceBlock","sneckomod:WideSting"],"picked":"sneckomod:SlitherStrike","floor":11},{"not_picked":["sneckomod:UnknownStrike","sneckomod:SlitherStrike"],"picked":"sneckomod:UnknownBlock","floor":12},{"not_picked":["sneckomod:ImprovisedAttack","sneckomod:UnknownVulnerable","sneckomod:RainOfDice"],"picked":"sneckomod:Nope","floor":15}],"player_experience":1342323,"relics_obtained":[{"floor":5,"key":"Darkstone Periapt"},{"floor":7,"key":"Mercury Hourglass"},{"floor":10,"key":"hexamod:BolsterEngine"},{"floor":12,"key":"Question Card"}],"event_choices":[],"is_beta":false,"boss_relics":[],"items_purged_floors":[4],"is_endless":false,"potions_floor_spawned":[2,9,10,11],"killed_by":"DF_ARCHETYPE_STREAMLINE","ascension_level":3}}