{"host":"3vgzk5mhz751jdrj","time":1612143448,"event":{"mods":["2.2 Compatiblity","AchievementEnabler","Act Like it!","Aspiration","BaseMod","Better Altar","Better Match","Better Note","Better Sensory Stone","Better Skull","Better Third Choice","Block Reminder","Colored Map","Conspire","Curses Come First","Dark Map","Displayed Cursed Tome","Downfall","Friendly Minions","GifTheSpireLib","Halation","Hubris","Marked Mod","Mimic Mod","Minty Spire (QoL Compilation)","Quick Restart","Rare Cards Sparkle","Replay The Spire","Shop Mod","Spicy Shops","Spikes Relics","StSLib","Stuff the Spire","Trackpad","[GremlinLeader]The Maniac"],"gold_per_floor":[117,117,117,117,128,162,192,208,248,268,190,190,209,14,14,140,140,184,184,184,184,210,210,288,329,377,426,18,18,40,94,94,234,234,250,27,0,68,6,6,33,70,70,102,148,148,185,213,213,236,236,236,15,55,76],"floor_reached":56,"language":"ENG","playtime":7047,"items_purged":[],"score":1337,"play_id":"a1d93822-e4be-44fe-ac5d-536ece2abd8c","local_time":"20210131203728","is_ascension_mode":false,"campfire_choices":[{"data":"maniac:FoilArmor","floor":15,"key":"SMITH"},{"data":"maniac:UndyingDesire","floor":23,"key":"SMITH"},{"floor":29,"key":"RECALL"},{"data":"maniac:ExceedEnchantment","floor":32,"key":"SMITH"},{"data":"maniac:TimeForm","floor":40,"key":"SMITH"},{"floor":49,"key":"REST"},{"data":"maniac:Whirlscythe","floor":52,"key":"SMITH"}],"circlet_count":0,"master_deck":["maniac:Defend","maniac:Defend","maniac:Defend","maniac:BurnBlood","maniac:AbyssShackle","maniac:BladeShoot","StuffTheSpire:Ambrosia","maniac:FoilArmor+1","maniac:BladesInCloak","maniac:BladeShoot","maniac:BladesInCloak","maniac:ShatteredShield","maniac:Confront","maniac:ExceedEnchantment+1","maniac:UndyingDesire+1","maniac:Assassinate+1","Bite","Bite","Bite","Bite","Bite","Madness+1","maniac:Recollect+1","maniac:Collecting","maniac:Collecting","maniac:Deal","maniac:StormOfTime","maniac:TimeForm+1","maniac:UnseenTerror","maniac:BladeArtist","maniac:Blastwave+1","StuffTheSpire:BrainWave","maniac:Infuriate+1","maniac:Whirlscythe+1","Panache","maniac:Assassinate+1"],"relics":["maniac:DamagedAnvil","maniac:BrokenHorn","hubris:Towel","ReplayTheSpireMod:TigerMarble","trackpad:IceCube","SpikesRelics:DaevaFist","OrangePellets","Replay:Bandana","CosmicIsotope","SnailShell","Tiny Chest","Membership Card","ReplayTheSpireMod:Ninjato","ExplosiveVial","StuffTheSpire:Rhapsscallions","The Courier","Orichalcum","aspiration:RitualDagger","aspiration:KaomsHeart"],"acts_visited":["Exordium","TheCity","TheBeyond","TheEnding"],"potions_floor_usage":[10,24,30,33,55],"damage_taken":[{"damage":7,"enemies":"Small Slimes","floor":1,"turns":4},{"damage":8,"enemies":"Jaw Worm","floor":5,"turns":4},{"damage":0,"enemies":"Gremlin Nob","floor":6,"turns":6},{"damage":3,"enemies":"2 Louse","floor":8,"turns":2},{"damage":7,"enemies":"Large Slime","floor":9,"turns":7},{"damage":3,"enemies":"Large Slime","floor":10,"turns":5},{"damage":19,"enemies":"Exordium Wildlife","floor":13,"turns":5},{"damage":3,"enemies":"Slime Boss","floor":16,"turns":6},{"damage":3,"enemies":"Spheric Guardian","floor":18,"turns":5},{"damage":15,"enemies":"Shell Parasite","floor":22,"turns":4},{"damage":36,"enemies":"Slavers","floor":24,"turns":7},{"damage":10,"enemies":"Shelled Parasite and Fungi","floor":25,"turns":5},{"damage":9,"enemies":"Cultist and Chosen","floor":27,"turns":6},{"damage":14,"enemies":"Replay:Snechameleon","floor":31,"turns":4},{"damage":31,"enemies":"Collector","floor":33,"turns":4},{"damage":22,"enemies":"Orb Walker","floor":35,"turns":5},{"damage":34,"enemies":"3 Darklings","floor":38,"turns":5},{"damage":29,"enemies":"4 Shapes","floor":41,"turns":2},{"damage":6,"enemies":"Sphere and 2 Shapes","floor":42,"turns":1},{"damage":36,"enemies":"Transient","floor":44,"turns":5},{"damage":18,"enemies":"Maw","floor":45,"turns":4},{"damage":25,"enemies":"Sphere and 2 Shapes","floor":47,"turns":5},{"damage":12,"enemies":"Sphere and 2 Shapes","floor":48,"turns":4},{"damage":58,"enemies":"Donu and Deca","floor":50,"turns":6},{"damage":73,"enemies":"Shield and Spear","floor":54,"turns":6},{"damage":50,"enemies":"The Heart","floor":55,"turns":5}],"seed_played":"-7476447546054045386","potions_obtained":[{"floor":1,"key":"SmokeBomb"},{"floor":8,"key":"FearPotion"},{"floor":13,"key":"conspire:TimeTravelPotion"},{"floor":16,"key":"conspire:TimeTravelPotion"},{"floor":18,"key":"FairyPotion"},{"floor":27,"key":"Energy Potion"},{"floor":31,"key":"Dexterity Potion"},{"floor":38,"key":"DistilledChaos"},{"floor":41,"key":"SteroidPotion"}],"is_trial":false,"path_per_floor":["M","?","?","?","M","E","?","M","MIM","M","$","?","M","$","R","B",null,"M","?","?","?","M","R","E","M","T","M","$","R","M","E","R","B",null,"M","$","?","M","$","R","M","M","T","M","M","?","MIM","M","R","B",null,"R","$","E","B",null],"character_chosen":"THE_MANIAC","items_purchased":["OrangePellets","Replay:Bandana","maniac:Confront","Membership Card","ReplayTheSpireMod:Ninjato","maniac:Collecting","ExplosiveVial","aspiration:KaomsHeart","MerchantsRug","conspire:Boomerang","maniac:UnseenTerror","Panache","Slimebound:ThreeZeroPotion","MerchantsRug"],"campfire_rested":1,"item_purchase_floors":[11,14,14,28,28,28,28,36,36,36,39,53,53,53],"current_hp_per_floor":[73,73,73,73,66,67,67,65,59,59,59,59,44,44,44,44,88,86,86,86,69,61,61,64,69,69,67,67,67,71,66,66,48,98,83,183,183,160,160,160,135,132,132,97,90,90,72,65,120,71,187,187,187,121,76],"gold":76,"neow_bonus":"RANDOM_COMMON_RELIC","is_daily":false,"chose_seed":false,"campfire_upgraded":5,"win_rate":0.0,"timestamp":1612143448,"path_taken":["M","?","?","?","M","E","?","M","MIM","M","$","?","M","$","R","BOSS","M","?","?","?","?","R","E","M","T","M","$","R","M","E","R","BOSS","M","$","?","M","?","R","M","M","T","M","M","?","?","M","R","BOSS","R","$","E","BOSS"],"items_purchased_type":["Relic","Relic","Card","Relic","Relic","Card","Relic","Relic","Relic","Relic","Card","Card","Potion","Relic"],"build_version":"2020-12-22","purchased_purges":0,"victory":true,"max_hp_per_floor":[80,80,80,80,81,82,82,83,84,85,85,85,87,87,87,88,88,89,89,89,89,90,90,91,92,92,93,93,93,96,97,97,98,98,99,199,199,200,200,200,201,202,202,203,204,184,185,186,186,187,187,187,187,188,189],"card_choices":[{"not_picked":["maniac:ShatteredShield","maniac:Refine"],"picked":"maniac:BladeShoot","floor":1},{"not_picked":["StuffTheSpire:Harmony","StuffTheSpire:Brawn"],"picked":"StuffTheSpire:Ambrosia","floor":3},{"not_picked":["maniac:Confront","maniac:Traceback"],"picked":"maniac:FoilArmor","floor":5},{"not_picked":["maniac:TorturousScreams","maniac:SpectralKnives"],"picked":"maniac:BladesInCloak","floor":6},{"not_picked":["maniac:TwistedEddies","maniac:SpectralKnives"],"picked":"maniac:BladeShoot","floor":8},{"not_picked":["maniac:UntravelledPath","maniac:HammerStrike"],"picked":"maniac:BladesInCloak","floor":9},{"not_picked":["maniac:ListenToNone","maniac:WardAndDefend"],"picked":"maniac:ShatteredShield","floor":10},{"not_picked":["maniac:UniversalPerception","maniac:MeleeStrike","maniac:ShelteringEdge"],"picked":"SKIP","floor":13},{"not_picked":["maniac:TwistedEddies","maniac:Collecting"],"picked":"maniac:ExceedEnchantment","floor":16},{"not_picked":["maniac:ReconstructWounds+1","maniac:WardAndDefend"],"picked":"maniac:UndyingDesire","floor":18},{"not_picked":["maniac:FindAShortcut","maniac:MeleeStrike","maniac:Refine"],"picked":"SKIP","floor":22},{"not_picked":["maniac:BladesInCloak","maniac:DashForward","maniac:WardAndDefend+1"],"picked":"SKIP","floor":24},{"not_picked":["maniac:MeleeStrike","maniac:SpectralKnives"],"picked":"maniac:Recollect+1","floor":25},{"not_picked":["maniac:FindAShortcut","maniac:Refine","maniac:ShelteringEdge"],"picked":"SKIP","floor":27},{"not_picked":["maniac:ShelteringEdge","maniac:Confront"],"picked":"maniac:Deal","floor":31},{"not_picked":["maniac:FanTheHammer","maniac:Trap"],"picked":"maniac:StormOfTime","floor":33},{"not_picked":["maniac:UndyingDesire","maniac:WardAndDefend","maniac:Retrospect"],"picked":"SKIP","floor":35},{"not_picked":["maniac:MeleeStrike+1","maniac:Quickdraw+1"],"picked":"maniac:TimeForm","floor":38},{"not_picked":["maniac:Confront","maniac:WardAndDefend+1"],"picked":"maniac:BladeArtist","floor":41},{"not_picked":["maniac:SpectralKnives","maniac:Intimidate+1"],"picked":"maniac:Blastwave+1","floor":42},{"not_picked":["maniac:BladesInCloak","maniac:BladeShoot","maniac:SeekerKnife"],"picked":"SKIP","floor":44},{"not_picked":["maniac:MortalSteel","maniac:ArmToTheTeeth","maniac:Lacerate"],"picked":"SKIP","floor":45},{"not_picked":["maniac:SorceryHour","maniac:Feint+1"],"picked":"maniac:Infuriate+1","floor":47},{"not_picked":["maniac:BladesInCloak+1","maniac:ForsakenHand"],"picked":"maniac:Whirlscythe","floor":48},{"not_picked":["maniac:ReachVictory","maniac:Exterminator+1"],"picked":"maniac:Assassinate+1","floor":54}],"player_experience":427334,"relics_obtained":[{"floor":6,"key":"ReplayTheSpireMod:TigerMarble"},{"floor":9,"key":"Blood Vial"},{"floor":9,"key":"SpikesRelics:DaevaFist"},{"floor":24,"key":"SnailShell"},{"floor":26,"key":"Tiny Chest"},{"floor":31,"key":"The Courier"}],"event_choices":[{"damage_healed":0,"gold_gain":0,"player_choice":"Disagree","damage_taken":0,"max_hp_gain":0,"max_hp_loss":0,"event_name":"conspire:LoneGhost","floor":2,"gold_loss":0},{"damage_healed":0,"gold_gain":30,"player_choice":"Searched \u00273\u0027 times","damage_taken":0,"relics_obtained":["trackpad:IceCube"],"max_hp_gain":0,"max_hp_loss":0,"event_name":"Dead Adventurer","floor":7,"gold_loss":0},{"damage_healed":0,"gold_gain":0,"player_choice":"Leave","damage_taken":0,"max_hp_gain":0,"max_hp_loss":0,"event_name":"conspire:Investor","floor":12,"gold_loss":0},{"damage_healed":0,"gold_gain":0,"player_choice":"Take","damage_taken":0,"max_hp_gain":0,"max_hp_loss":0,"event_name":"betterNote:BetterNote","floor":19,"gold_loss":0,"cards_obtained":["maniac:Assassinate"]},{"damage_healed":0,"gold_gain":0,"player_choice":"Became a vampire (Vial)","damage_taken":0,"max_hp_gain":0,"max_hp_loss":0,"event_name":"Vampires","floor":20,"relics_lost":["Blood Vial"],"gold_loss":0,"cards_obtained":["Bite","Bite","Bite","Bite","Bite"]},{"damage_healed":0,"gold_gain":2,"player_choice":"2","damage_taken":0,"max_hp_gain":0,"max_hp_loss":17,"event_name":"betterStone:BetterStone","floor":21,"gold_loss":0},{"damage_healed":0,"gold_gain":0,"player_choice":"Paid","damage_taken":0,"relics_obtained":["Red Mask"],"max_hp_gain":0,"max_hp_loss":0,"event_name":"Tomb of Lord Red Mask","floor":37,"gold_loss":27}],"is_beta":false,"boss_relics":[{"not_picked":["aspiration:IroncladSkillbook","halation:Risk"],"picked":"CosmicIsotope"},{"not_picked":["Runic Pyramid","trackpad:Trackpad"],"picked":"aspiration:RitualDagger"}],"items_purged_floors":[],"is_endless":false,"potions_floor_spawned":[1,8,13,16,18,27,31,38,41,44],"ascension_level":0}}