{"host":"vumwfieg2b2mnrfl","time":1612215891,"event":{"mods":["AchievementEnabler","BaseMod","Minty Spire (QoL Compilation)","Rare Cards Sparkle","Relic Stats"],"gold_per_floor":[11,23,39,39,58,58,58,140,222,249,78,78,112,112,112,112,112],"floor_reached":16,"language":"ENG","playtime":535,"items_purged":[],"score":211,"play_id":"c68f4f64-e2ce-4dd3-98e0-524b99842972","local_time":"20210201154451","is_ascension_mode":true,"campfire_choices":[{"floor":7.0,"key":"REST"},{"data":"Armaments","floor":12,"key":"SMITH"},{"floor":15,"key":"REST"}],"circlet_count":0,"master_deck":["AscendersBane","Strike_R","Strike_R","Strike_R","Strike_R","Strike_R","Defend_R","Defend_R","Defend_R+1","Defend_R","Bash","Limit Break","Clothesline+1","Armaments+1","Shrug It Off","Flame Barrier","Fiend Fire","Armaments+1"],"relics":["Burning Blood","Self Forming Clay","Sundial","Bronze Scales","Orrery","Calipers"],"acts_visited":["Exordium"],"potions_floor_usage":[13,13],"damage_taken":[{"damage":2.0,"enemies":"Cultist","floor":1.0,"turns":4.0},{"damage":1.0,"enemies":"2 Louse","floor":2.0,"turns":4.0},{"damage":16.0,"enemies":"Jaw Worm","floor":3.0,"turns":4.0},{"damage":11.0,"enemies":"Blue Slaver","floor":5.0,"turns":5.0},{"damage":38.0,"enemies":"3 Sentries","floor":10.0,"turns":14.0},{"damage":23,"enemies":"Lagavulin","floor":13,"turns":8},{"damage":57,"enemies":"Slime Boss","floor":16,"turns":9}],"seed_played":"-8368046139689278445","potions_obtained":[{"floor":2.0,"key":"Swift Potion"},{"floor":5.0,"key":"Fruit Juice"},{"floor":10.0,"key":"Regen Potion"}],"is_trial":false,"path_per_floor":["M","M","M","?","M","?","R","T","T","E","$","R","E","$","R","B"],"character_chosen":"IRONCLAD","items_purchased":["Orrery"],"campfire_rested":2,"item_purchase_floors":[11],"current_hp_per_floor":[72,75,65,65,60,37,59,59,59,27,27,27,30,30,54,0,0],"gold":112,"neow_bonus":"THREE_RARE_CARDS","is_daily":false,"chose_seed":false,"campfire_upgraded":1,"win_rate":0.0,"timestamp":1612215891,"path_taken":["M","M","M","?","M","?","R","?","T","E","?","R","E","$","R","BOSS"],"items_purchased_type":["Relic"],"build_version":"2020-12-22","purchased_purges":0,"victory":false,"max_hp_per_floor":[75,75,75,75,75,75,75,75,75,75,75,75,80,80,80,80,80],"relic_stats":{"counters":[7,48],"Self Forming Clay":[42],"Sundial":[4],"Bronze Scales":[21],"obtain_stats":[{"Calipers":13,"Self Forming Clay":8,"Sundial":9,"Bronze Scales":10,"Orrery":11,"Burning Blood":0},{"Calipers":6,"Self Forming Clay":4,"Sundial":4,"Bronze Scales":5,"Orrery":5,"Burning Blood":0},{"Calipers":39,"Self Forming Clay":17,"Sundial":17,"Bronze Scales":31,"Orrery":31,"Burning Blood":0}],"Burning Blood":34},"card_choices":[{"not_picked":["Double Tap","Corruption"],"picked":"Limit Break","floor":0.0},{"not_picked":["Warcry","Sever Soul"],"picked":"Clothesline","floor":1.0},{"not_picked":["Dual Wield","True Grit","Flex"],"picked":"SKIP","floor":2.0},{"not_picked":["Pommel Strike","Heavy Blade"],"picked":"Armaments","floor":3.0},{"not_picked":["Corruption","Wild Strike","Perfected Strike"],"picked":"SKIP","floor":5.0},{"not_picked":["Body Slam","Combust"],"picked":"Shrug It Off","floor":10.0},{"not_picked":["Headbutt","Flex"],"picked":"Flame Barrier","floor":11.0},{"not_picked":["Body Slam","Havoc"],"picked":"Fiend Fire","floor":11.0},{"not_picked":["Headbutt","Warcry"],"picked":"Armaments","floor":11.0},{"not_picked":["Shockwave","Armaments","Havoc"],"picked":"SKIP","floor":13}],"player_experience":509194,"relics_obtained":[{"floor":8.0,"key":"Self Forming Clay"},{"floor":9.0,"key":"Sundial"},{"floor":10.0,"key":"Bronze Scales"},{"floor":13,"key":"Calipers"}],"event_choices":[{"damage_healed":0.0,"max_hp_gain":0.0,"max_hp_loss":0.0,"gold_gain":0.0,"event_name":"Living Wall","player_choice":"Grow","floor":4.0,"gold_loss":0.0,"damage_taken":0.0,"cards_upgraded":["Armaments"]},{"damage_healed":0.0,"max_hp_gain":0.0,"max_hp_loss":0.0,"gold_gain":0.0,"event_name":"Shining Light","player_choice":"Entered Light","floor":6.0,"gold_loss":0.0,"damage_taken":23.0,"cards_upgraded":["Clothesline","Defend_R"]}],"is_beta":false,"boss_relics":[],"items_purged_floors":[],"is_endless":false,"potions_floor_spawned":[2,5,10],"killed_by":"Slime Boss","ascension_level":19}}