{"host":"zk71suw73lg2r165","time":1612193326,"event":{"mods":["BaseMod","Colored Map","Minty Spire (QoL Compilation)","Permanent Neow","Relic Stats","StSLib"],"gold_per_floor":[118,118,191,7,23,67,67,100,125,125,1,1,39,62,62,62,62],"floor_reached":16,"language":"ENG","playtime":437,"items_purged":["Strike_G"],"score":282,"play_id":"2a5f98c0-3a72-4dca-96a8-caebd2d7d6e0","local_time":"20210201102846","is_ascension_mode":true,"campfire_choices":[{"data":"Dagger Throw","floor":7,"key":"SMITH"},{"floor":12,"key":"REST"},{"floor":15,"key":"REST"}],"circlet_count":0,"master_deck":["AscendersBane","Strike_G","Strike_G","Strike_G","Strike_G","Defend_G","Defend_G","Defend_G","Defend_G","Defend_G","Survivor","Neutralize","Dagger Throw+1","Deadly Poison+1","Cloak And Dagger+1","Acrobatics+1","Footwork","Reflex+1","Crippling Poison+1","Accuracy","Malaise+1","Prepared+1"],"relics":["Ring of the Snake","NeowsBlessing","Golden Idol","Toxic Egg 2","Blood Vial","HornCleat","Tiny Chest","Smiling Mask","Snake Skull"],"acts_visited":["Exordium"],"potions_floor_usage":[16,16],"damage_taken":[{"damage":0,"enemies":"Jaw Worm","floor":1,"turns":1},{"damage":0,"enemies":"2 Louse","floor":5,"turns":2},{"damage":0,"enemies":"Gremlin Nob","floor":6,"turns":1},{"damage":38,"enemies":"Lagavulin","floor":8,"turns":6},{"damage":19,"enemies":"3 Sentries","floor":13,"turns":8},{"damage":0,"enemies":"Cultist","floor":14,"turns":4},{"damage":54,"enemies":"Slime Boss","floor":16,"turns":10}],"seed_played":"2205797116488506661","potions_obtained":[{"floor":8,"key":"Fire Potion"},{"floor":13,"key":"Regen Potion"}],"is_trial":false,"path_per_floor":["M","?","T","$","M","E","R","E","T","?","$","R","E","M","R","B"],"character_chosen":"THE_SILENT","items_purchased":["Deadly Poison+1","Cloak And Dagger+1","Crippling Poison+1","Accuracy"],"campfire_rested":2,"item_purchase_floors":[4,4,11,11],"current_hp_per_floor":[59,59,59,59,59,59,59,22,22,11,11,29,12,14,32,0,0],"gold":62,"neow_bonus":"THREE_ENEMY_KILL","is_daily":false,"chose_seed":false,"campfire_upgraded":1,"win_rate":0.0,"timestamp":1612193326,"path_taken":["M","?","?","$","M","E","R","E","T","?","$","R","E","M","R","BOSS"],"items_purchased_type":["Card","Card","Card","Card"],"build_version":"2020-12-22","purchased_purges":1,"victory":false,"max_hp_per_floor":[66,60,60,60,60,60,60,60,60,60,60,60,60,60,60,60,60],"relic_stats":{"Blood Vial":7,"counters":[7,32],"Golden Idol":32,"Tiny Chest":0,"Snake Skull":[6],"Smiling Mask":0,"obtain_stats":[{"Blood Vial":6,"HornCleat":8,"NeowsBlessing":0,"Golden Idol":2,"Tiny Chest":9,"Snake Skull":13,"Toxic Egg 2":3,"Smiling Mask":10,"Ring of the Snake":0},{"Blood Vial":3,"HornCleat":4,"NeowsBlessing":0,"Golden Idol":1,"Tiny Chest":4,"Snake Skull":5,"Toxic Egg 2":1,"Smiling Mask":4,"Ring of the Snake":0},{"Blood Vial":4,"HornCleat":10,"NeowsBlessing":0,"Golden Idol":1,"Tiny Chest":10,"Snake Skull":18,"Toxic Egg 2":1,"Smiling Mask":10,"Ring of the Snake":0}],"Ring of the Snake":[14]},"card_choices":[{"not_picked":["Backflip","Cloak And Dagger"],"picked":"Dagger Throw","floor":1},{"not_picked":["Sucker Punch","Slice"],"picked":"Acrobatics+1","floor":5},{"not_picked":["All Out Attack","Flying Knee"],"picked":"Footwork","floor":6},{"not_picked":["Riddle With Holes","Caltrops"],"picked":"Reflex+1","floor":8},{"not_picked":["Deflect+1","Blur+1"],"picked":"Malaise+1","floor":13},{"not_picked":["Outmaneuver+1","Cloak And Dagger+1"],"picked":"Prepared+1","floor":14}],"player_experience":1433216,"relics_obtained":[{"floor":3,"key":"Toxic Egg 2"},{"floor":6,"key":"Blood Vial"},{"floor":8,"key":"HornCleat"},{"floor":9,"key":"Tiny Chest"},{"floor":13,"key":"Snake Skull"}],"event_choices":[{"damage_healed":0,"gold_gain":0,"player_choice":"Lose Max HP","damage_taken":0,"relics_obtained":["Golden Idol"],"max_hp_gain":0,"max_hp_loss":6,"event_name":"Golden Idol","floor":2,"gold_loss":0},{"damage_healed":0,"gold_gain":0,"player_choice":"Success","damage_taken":11,"relics_obtained":["Smiling Mask"],"max_hp_gain":0,"max_hp_loss":0,"event_name":"Scrap Ooze","floor":10,"gold_loss":0}],"is_beta":false,"boss_relics":[],"items_purged_floors":[4],"is_endless":false,"potions_floor_spawned":[8,13,14],"killed_by":"Slime Boss","ascension_level":20}}