{"host":"dztixnx9b0gu6w9i","time":1612215225,"event":{"mods":["BaseMod","Bestiary","Minty Spire (QoL Compilation)","Relic Stats","Slay the Relics Exporter","SpireBot","ojb\u0027s Better Paths Mod","ojb\u0027s Info Mod"],"gold_per_floor":[117,117,74,88,88,88,108,143,143,68,93,110,144,161,161,237,237,251,176,189,63,113,140,59,392,392,422,422,422,422,297,297,374,374,387,237,237,247,272,272,112,112,186,218,230,230,55,72,72,72,72,72,72,72,101,101],"floor_reached":57,"language":"ENG","playtime":10111,"items_purged":["Defend_P","Strike_P","Strike_P","PathToVictory+1","FollowUp+1"],"score":3304,"play_id":"bfef7961-cc0a-44d4-a49a-3af783accfb4","local_time":"20210201163345","is_ascension_mode":true,"campfire_choices":[{"data":"CrushJoints","floor":6,"key":"SMITH"},{"data":"Wallop","floor":15,"key":"SMITH"},{"data":"Prostrate","floor":32,"key":"SMITH"},{"data":"Scrawl","floor":40,"key":"SMITH"},{"data":"MentalFortress","floor":42,"key":"SMITH"},{"data":"Vault","floor":46,"key":"SMITH"},{"floor":49,"key":"RECALL"},{"data":"Adaptation","floor":53,"key":"SMITH"}],"circlet_count":0,"master_deck":["AscendersBane","Eruption+1","Vigilance","CrushJoints+1","Adaptation+1","Wallop+1","Crescendo+1","Adaptation","Vault+1","ClearTheMind","Prostrate+1","FearNoEvil","Crescendo+1","Scrawl+1","Pray+1","MentalFortress+1"],"relics":["Philosopher\u0027s Stone","Matryoshka","Gremlin Horn","War Paint","Pantograph","Gambling Chip","SlaversCollar","Dream Catcher","Old Coin","Omamori","Question Card","InkBottle","Blue Candle","Astrolabe","Girya","Bag of Preparation","Mercury Hourglass","Lantern","Bottled Tornado"],"acts_visited":["Exordium","TheCity","TheBeyond","TheEnding"],"potions_floor_usage":[16,18,20,27],"damage_taken":[{"damage":1,"enemies":"2 Louse","floor":1,"turns":3},{"damage":0,"enemies":"Cultist","floor":4,"turns":2},{"damage":0,"enemies":"Small Slimes","floor":7,"turns":2},{"damage":7,"enemies":"3 Sentries","floor":8,"turns":5},{"damage":0,"enemies":"Lagavulin","floor":11,"turns":4},{"damage":9,"enemies":"Gremlin Gang","floor":12,"turns":3},{"damage":11,"enemies":"3 Sentries","floor":13,"turns":4},{"damage":0,"enemies":"3 Louse","floor":14,"turns":2},{"damage":42,"enemies":"Hexaghost","floor":16,"turns":5},{"damage":11,"enemies":"Spheric Guardian","floor":18,"turns":4},{"damage":0,"enemies":"Chosen","floor":20,"turns":3},{"damage":5,"enemies":"Slavers","floor":23,"turns":4},{"damage":1,"enemies":"Gremlin Leader","floor":25,"turns":4},{"damage":0,"enemies":"Book of Stabbing","floor":27,"turns":3},{"damage":0,"enemies":"Automaton","floor":33,"turns":3},{"damage":0,"enemies":"Orb Walker","floor":35,"turns":2},{"damage":0,"enemies":"3 Darklings","floor":38,"turns":2},{"damage":1,"enemies":"Mind Bloom Boss Battle","floor":39,"turns":2},{"damage":0,"enemies":"Giant Head","floor":44,"turns":3},{"damage":0,"enemies":"Writhing Mass","floor":45,"turns":2},{"damage":0,"enemies":"Jaw Worm Horde","floor":48,"turns":2},{"damage":0,"enemies":"Awakened One","floor":50,"turns":3},{"damage":0,"enemies":"Time Eater","floor":51,"turns":3},{"damage":1,"enemies":"Shield and Spear","floor":55,"turns":2},{"damage":14,"enemies":"The Heart","floor":56,"turns":5}],"seed_played":"2752480516009599639","potions_obtained":[{"floor":1,"key":"Weak Potion"},{"floor":11,"key":"FairyPotion"},{"floor":13,"key":"Fruit Juice"},{"floor":16,"key":"BottledMiracle"},{"floor":18,"key":"Fruit Juice"},{"floor":20,"key":"GamblersBrew"},{"floor":38,"key":"Swift Potion"}],"is_trial":false,"path_per_floor":["M","?","$","M","?","R","M","E","T","$","E","M","E","M","R","B",null,"M","?","M","$","?","E","$","E","T","E","?","T","?","$","R","B",null,"M","$","?","M","?","R","$","R","T","E","M","R","$","M","R","B","B",null,"R","$","E","B",null],"character_chosen":"WATCHER","items_purchased":["Adaptation","Prostrate","FearNoEvil","Bag of Preparation"],"campfire_rested":0,"item_purchase_floors":[3,21,24,41],"current_hp_per_floor":[60,60,60,60,60,60,60,53,53,53,53,44,33,33,33,16,55,49,49,54,54,54,49,49,48,48,48,48,48,26,26,26,51,75,75,75,75,75,82,82,82,82,82,82,82,82,82,82,82,83,83,83,83,83,82,69],"gold":101,"neow_bonus":"BOSS_RELIC","is_daily":false,"chose_seed":false,"campfire_upgraded":7,"win_rate":0.0,"timestamp":1612215225,"path_taken":["M","?","?","M","?","R","M","E","T","$","E","M","E","?","R","BOSS","M","?","M","$","?","E","$","E","T","E","?","?","?","?","R","BOSS","M","$","?","?","?","R","?","R","T","E","M","R","$","?","R","BOSS","BOSS","R","$","E","BOSS"],"items_purchased_type":["Card","Card","Card","Relic"],"build_version":"2020-12-22","purchased_purges":5,"victory":true,"max_hp_per_floor":[68,68,68,68,68,68,68,68,68,68,68,68,68,68,68,68,68,73,73,78,78,78,78,78,78,78,78,78,78,83,83,83,83,83,83,83,83,83,83,83,83,83,83,83,83,83,83,83,83,83,83,83,83,83,83,83],"relic_stats":{"Gremlin Horn":[20,21],"counters":[25,77],"Blue Candle":[3],"Astrolabe":["Pray","FollowUp","PathToVictory"],"Bag of Preparation":[14],"War Paint":["Crescendo","Defend_P"],"Question Card":8,"Mercury Hourglass":[81],"Dream Catcher":0,"Pantograph":60,"Gambling Chip":[61],"obtain_stats":[{"Girya":39,"Lantern":44,"Gremlin Horn":9,"Blue Candle":29,"Astrolabe":34,"Omamori":26,"Bag of Preparation":41,"War Paint":9,"Bottled Tornado":55,"Question Card":27,"Old Coin":25,"Mercury Hourglass":43,"SlaversCollar":17,"Dream Catcher":23,"Matryoshka":8,"Pantograph":11,"Gambling Chip":13,"Philosopher\u0027s Stone":0,"PureWater":0,"InkBottle":28},{"Girya":18,"Lantern":19,"Gremlin Horn":4,"Blue Candle":14,"Astrolabe":15,"Omamori":13,"Bag of Preparation":18,"War Paint":4,"Bottled Tornado":24,"Question Card":14,"Old Coin":13,"Mercury Hourglass":18,"SlaversCollar":9,"Dream Catcher":12,"Matryoshka":4,"Pantograph":5,"Gambling Chip":7,"Philosopher\u0027s Stone":0,"PureWater":0,"InkBottle":14},{"Girya":57,"Lantern":60,"Gremlin Horn":12,"Blue Candle":48,"Astrolabe":51,"Omamori":45,"Bag of Preparation":57,"War Paint":12,"Bottled Tornado":72,"Question Card":48,"Old Coin":45,"Mercury Hourglass":57,"SlaversCollar":30,"Dream Catcher":41,"Matryoshka":12,"Pantograph":16,"Gambling Chip":23,"Philosopher\u0027s Stone":0,"PureWater":0,"InkBottle":48}],"InkBottle":[42]},"card_choices":[{"not_picked":["WreathOfFlame","SashWhip"],"picked":"CrushJoints","floor":1},{"not_picked":["BowlingBash","Sanctity"],"picked":"Wallop","floor":4},{"not_picked":["EmptyFist","Evaluate"],"picked":"Crescendo","floor":7},{"not_picked":["CrushJoints","ConjureBlade","Devotion"],"picked":"SKIP","floor":8},{"not_picked":["Wireheading","EmptyFist"],"picked":"Adaptation","floor":11},{"not_picked":["Weave","SashWhip","Consecrate"],"picked":"SKIP","floor":12},{"not_picked":["Weave","SashWhip","Consecrate"],"picked":"SKIP","floor":12},{"not_picked":["FlurryOfBlows","Wallop","WaveOfTheHand"],"picked":"SKIP","floor":13},{"not_picked":["FlurryOfBlows","Wallop","WaveOfTheHand"],"picked":"SKIP","floor":13},{"not_picked":["Sanctity","FlyingSleeves","Evaluate"],"picked":"SKIP","floor":14},{"not_picked":["DevaForm","Brilliance"],"picked":"Vault","floor":16},{"not_picked":["Wireheading","PathToVictory+1","Prostrate"],"picked":"SKIP","floor":18},{"not_picked":["Wireheading","PathToVictory+1","Prostrate"],"picked":"SKIP","floor":18},{"not_picked":["PathToVictory","CrushJoints"],"picked":"ClearTheMind","floor":20},{"not_picked":["MasterReality","Weave+1","WheelKick"],"picked":"SKIP","floor":23},{"not_picked":["TalkToTheHand+1","Consecrate","ClearTheMind+1"],"picked":"SKIP","floor":25},{"not_picked":["Crescendo+1","FearNoEvil","SignatureMove"],"picked":"SKIP","floor":27},{"not_picked":["Crescendo+1","FearNoEvil","SignatureMove"],"picked":"SKIP","floor":27},{"not_picked":["FearNoEvil","SignatureMove"],"picked":"Crescendo+1","floor":27},{"not_picked":["Omniscience","DevaForm","MasterReality"],"picked":"Scrawl","floor":33},{"not_picked":["BowlingBash+1","Crescendo","JustLucky","SashWhip"],"picked":"SKIP","floor":35},{"not_picked":["DeceiveReality","WindmillStrike+1","CutThroughFate","ClearTheMind"],"picked":"SKIP","floor":38},{"not_picked":["DeceiveReality","WindmillStrike+1","CutThroughFate","ClearTheMind"],"picked":"SKIP","floor":38},{"not_picked":["DeceiveReality","WindmillStrike+1","CutThroughFate","ClearTheMind"],"picked":"SKIP","floor":38},{"not_picked":["ReachHeaven","ClearTheMind","PathToVictory"],"picked":"MentalFortress","floor":39},{"not_picked":["WaveOfTheHand","BowlingBash","FollowUp","EmptyBody"],"picked":"SKIP","floor":44},{"not_picked":["JustLucky+1","Meditate","PathToVictory+1","FlyingSleeves"],"picked":"SKIP","floor":45},{"not_picked":["EmptyBody","FearNoEvil","Meditate","EmptyFist+1"],"picked":"SKIP","floor":48},{"not_picked":["DevaForm","Study+1","CutThroughFate+1","WreathOfFlame+1"],"picked":"SKIP","floor":55}],"player_experience":8383960,"relics_obtained":[{"floor":8,"key":"Matryoshka"},{"floor":9,"key":"Gremlin Horn"},{"floor":9,"key":"War Paint"},{"floor":11,"key":"Pantograph"},{"floor":13,"key":"Gambling Chip"},{"floor":23,"key":"Dream Catcher"},{"floor":25,"key":"Old Coin"},{"floor":26,"key":"Omamori"},{"floor":27,"key":"Question Card"},{"floor":29,"key":"Blue Candle"},{"floor":39,"key":"Girya"},{"floor":43,"key":"Mercury Hourglass"},{"floor":44,"key":"Lantern"},{"floor":55,"key":"Bottled Tornado"}],"event_choices":[{"cards_removed":["Defend_P"],"damage_healed":0,"gold_gain":0,"player_choice":"Offered Basic","damage_taken":0,"max_hp_gain":0,"max_hp_loss":0,"event_name":"Bonfire Elementals","floor":2,"gold_loss":0},{"damage_healed":0,"gold_gain":0,"player_choice":"Upgraded","damage_taken":0,"max_hp_gain":0,"max_hp_loss":0,"event_name":"Upgrade Shrine","floor":5,"gold_loss":0,"cards_upgraded":["Eruption"]},{"cards_removed":["Defend_P"],"damage_healed":0,"gold_gain":0,"player_choice":"Gave Gold","damage_taken":0,"max_hp_gain":0,"max_hp_loss":0,"event_name":"Beggar","floor":19,"gold_loss":75},{"damage_healed":0,"gold_gain":50,"player_choice":"Stole From Cult","damage_taken":0,"max_hp_gain":0,"max_hp_loss":0,"event_name":"Nest","floor":22,"gold_loss":0},{"damage_healed":0,"gold_gain":0,"player_choice":"Opened","damage_taken":0,"relics_obtained":["InkBottle"],"max_hp_gain":0,"max_hp_loss":0,"event_name":"The Mausoleum","floor":28,"gold_loss":0,"cards_obtained":["Writhe"]},{"damage_healed":0,"gold_gain":0,"player_choice":"Shed Blood","damage_taken":27,"max_hp_gain":5,"max_hp_loss":0,"event_name":"Forgotten Altar","floor":30,"gold_loss":0},{"damage_healed":0,"gold_gain":0,"player_choice":"Ignored","damage_taken":0,"max_hp_gain":0,"max_hp_loss":0,"event_name":"SecretPortal","floor":37,"gold_loss":0},{"damage_healed":0,"gold_gain":0,"player_choice":"Fight","damage_taken":0,"max_hp_gain":0,"max_hp_loss":0,"event_name":"MindBloom","floor":39,"gold_loss":0}],"is_beta":false,"boss_relics":[{"not_picked":["Calling Bell","Velvet Choker"],"picked":"SlaversCollar"},{"not_picked":["Pandora\u0027s Box","Tiny House"],"picked":"Astrolabe"}],"items_purged_floors":[10,21,31,36,47],"is_endless":false,"potions_floor_spawned":[1,11,13,16,18,20,23,38,39,48,55],"ascension_level":20}}