{"host":"6ve8qn5s1am4lo6s","time":1612142291,"event":{"mods":["AchievementEnabler","Act Like it!","BaseMod","Better Altar","Better Match","Better Note","Better Vampires","BetterRewards","CapriCore","Displayed Cursed Tome","Evolution","Minty Spire (QoL Compilation)","Permanent Neow","Relic Stats","StSLib","The Dragonkin"],"gold_per_floor":[115,290,13,13,26,26,36,56,56,88,88,88,112,125,125,125,125],"floor_reached":16,"language":"ENG","playtime":1392,"items_purged":["Doubt"],"score":102,"play_id":"d00264b2-d77b-4139-804b-2cd2c5f5a2fc","local_time":"20210131201811","is_ascension_mode":false,"campfire_choices":[{"data":"theDragonkin:Ravage","floor":6,"key":"SMITH"},{"floor":15,"key":"REST"}],"circlet_count":0,"master_deck":["theDragonkin:Strike","theDragonkin:Strike","theDragonkin:Strike","theDragonkin:Strike","theDragonkin:Defend","theDragonkin:Defend","theDragonkin:Defend","theDragonkin:Defend","theDragonkin:HolySmite","theDragonkin:BlazingBreath","theDragonkin:MoltenBreath","theDragonkin:DivineBreath","theDragonkin:Ravage+1","theDragonkin:HolyWordBarrier","theDragonkin:MagnussCorona","theDragonkin:CrusaderForm"],"relics":["theDragonkin:GarnetScale","EVO:Axolotl","CaptainsWheel","ClockworkSouvenir","Mercury Hourglass","Smiling Mask","Darkstone Periapt","HornCleat","Golden Idol"],"acts_visited":["Exordium"],"potions_floor_usage":[10],"damage_taken":[{"damage":1,"enemies":"Cultist","floor":1,"turns":4},{"damage":1,"enemies":"2 Louse","floor":5,"turns":2},{"damage":1,"enemies":"Small Slimes","floor":7,"turns":2},{"damage":0,"enemies":"2 Fungi Beasts","floor":8,"turns":2},{"damage":11,"enemies":"Lagavulin","floor":10,"turns":8},{"damage":0,"enemies":"Exordium Thugs","floor":13,"turns":3},{"damage":12,"enemies":"Exordium Wildlife","floor":14,"turns":3},{"damage":42,"enemies":"Hexaghost","floor":16,"turns":12}],"seed_played":"8810436361456691956","potions_obtained":[{"floor":1,"key":"ColorlessPotion"},{"floor":5,"key":"PowerPotion"}],"is_trial":false,"path_per_floor":["M","?","$","?","M","R","M","M","T","E","?","?","M","M","R","B"],"character_chosen":"THE_DRAGONKIN","items_purchased":["ClockworkSouvenir","theDragonkin:DivineBreath"],"campfire_rested":1,"item_purchase_floors":[3,3],"current_hp_per_floor":[60,60,60,60,59,59,58,58,58,47,29,29,29,17,40,0,0],"gold":125,"neow_bonus":"ONE_RARE_RELIC","is_daily":false,"chose_seed":false,"campfire_upgraded":1,"win_rate":0.0,"timestamp":1612142291,"path_taken":["M","?","$","?","M","R","M","?","T","E","?","?","M","M","R","BOSS"],"items_purchased_type":["Relic","Card"],"build_version":"2020-12-22","purchased_purges":1,"victory":false,"max_hp_per_floor":[85,85,85,85,85,85,85,85,85,85,85,79,79,79,79,79,79],"relic_stats":{"Darkstone Periapt":0,"counters":[8,36],"Golden Idol":8,"Smiling Mask":0,"obtain_stats":[{"Darkstone Periapt":10,"CaptainsWheel":0,"HornCleat":11,"theDragonkin:GarnetScale":0,"Golden Idol":12,"EVO:Axolotl":0,"Smiling Mask":9,"ClockworkSouvenir":3,"Mercury Hourglass":4},{"Darkstone Periapt":5,"CaptainsWheel":0,"HornCleat":5,"theDragonkin:GarnetScale":0,"Golden Idol":5,"EVO:Axolotl":0,"Smiling Mask":4,"ClockworkSouvenir":1,"Mercury Hourglass":1},{"Darkstone Periapt":18,"CaptainsWheel":0,"HornCleat":18,"theDragonkin:GarnetScale":0,"Golden Idol":18,"EVO:Axolotl":0,"Smiling Mask":10,"ClockworkSouvenir":4,"Mercury Hourglass":4}],"Mercury Hourglass":[117]},"card_choices":[{"not_picked":["theDragonkin:SandBreath","theDragonkin:Flashpoint"],"picked":"theDragonkin:MoltenBreath","floor":1},{"not_picked":["theDragonkin:RevelationBreath","theDragonkin:AcidRain"],"picked":"theDragonkin:Ravage","floor":5},{"not_picked":["theDragonkin:DivineFire","theDragonkin:RevelationBreath","theDragonkin:HolyFlask"],"picked":"SKIP","floor":7},{"not_picked":["theDragonkin:GooGrip","theDragonkin:RevelationBreath"],"picked":"theDragonkin:HolyWordBarrier","floor":8},{"not_picked":["theDragonkin:EnduringAgony","theDragonkin:AcidRain","theDragonkin:AcidBreath"],"picked":"SKIP","floor":10},{"not_picked":["theDragonkin:GooGrip","theDragonkin:HeatShield"],"picked":"theDragonkin:MagnussCorona","floor":13},{"not_picked":["theDragonkin:HolyShock","theDragonkin:ControlledBreath"],"picked":"theDragonkin:CrusaderForm","floor":14}],"player_experience":246230,"relics_obtained":[{"floor":9,"key":"Smiling Mask"},{"floor":10,"key":"Darkstone Periapt"}],"event_choices":[{"damage_healed":0,"gold_gain":175,"player_choice":"AGREE","damage_taken":0,"max_hp_gain":0,"max_hp_loss":0,"event_name":"Liars Game","floor":2,"gold_loss":0,"cards_obtained":["Doubt"]},{"damage_healed":0,"gold_gain":0,"player_choice":"Gave Potion","damage_taken":0,"relics_obtained":["Mercury Hourglass"],"max_hp_gain":0,"max_hp_loss":0,"event_name":"WeMeetAgain","floor":4,"gold_loss":0},{"damage_healed":0,"gold_gain":0,"player_choice":"Success","damage_taken":18,"relics_obtained":["HornCleat"],"max_hp_gain":0,"max_hp_loss":0,"event_name":"Scrap Ooze","floor":11,"gold_loss":0},{"damage_healed":0,"gold_gain":0,"player_choice":"Lose Max HP","damage_taken":0,"relics_obtained":["Golden Idol"],"max_hp_gain":0,"max_hp_loss":6,"event_name":"Golden Idol","floor":12,"gold_loss":0}],"is_beta":false,"boss_relics":[],"items_purged_floors":[3],"is_endless":false,"potions_floor_spawned":[1,5],"killed_by":"Hexaghost","ascension_level":0}}