{"host":"1vzdexsn8vtq5lt7","time":1612167163,"event":{"mods":["Act Like it!","BaseMod","Colored Map","Colored Powertips","Conspire","Downfall","Easy Mod","Energized Spire","Minty Spire (QoL Compilation)","Quick Restart","Relic Stats","Replay The Spire","StSLib","SuperFastMode","TestMod","【功能Mod】Neow奖励","【功能Mod】混沌之环修复补丁","【功能Mod】精心准备","【遗物卡牌】REMEMod","没有小屋子和绿帽子啦"],"gold_per_floor":[118,118,118,131,131,131,131],"floor_reached":6,"language":"ZHS","playtime":203,"items_purged":[],"score":49,"play_id":"a382c750-7bf0-4015-b32c-6785fe58b8e5","local_time":"20210201161243","is_ascension_mode":true,"campfire_choices":[],"circlet_count":0,"master_deck":["EasyMod:card_1","Strike_P","Strike_P","Strike_P","Defend_P","Defend_P+1","Defend_P","Defend_P","Eruption+1","Vigilance","Seek"],"relics":["REME_ComplimentaryCards","testmod-Maize","EasyMod:Easy_3","REME_LowDesire","bronze:BronzeIdol","Oddly Smooth Stone","testmod-Motorcycle"],"acts_visited":["Exordium"],"potions_floor_usage":[],"damage_taken":[{"damage":6,"enemies":"Small Slimes","floor":1,"turns":5},{"damage":0,"enemies":"2 Louse","floor":4,"turns":4},{"damage":56,"enemies":"Gremlin Nob","floor":6,"turns":5}],"seed_played":"804061766109451388","potions_obtained":[],"is_trial":false,"path_per_floor":["M","?","?","M","?","E"],"character_chosen":"WATCHER","items_purchased":[],"campfire_rested":0,"item_purchase_floors":[],"current_hp_per_floor":[61,54,54,57,44,0,0],"gold":131,"neow_bonus":"BOSS_RELIC","is_daily":false,"chose_seed":false,"campfire_upgraded":0,"win_rate":0.0,"timestamp":1612167163,"path_taken":["M","?","?","M","?","E"],"items_purchased_type":[],"build_version":"2020-12-22","purchased_purges":0,"victory":false,"max_hp_per_floor":[72,72,72,72,72,72,72],"relic_stats":{"counters":[3,14],"obtain_stats":[{"EasyMod:Easy_3":0,"testmod-Maize":0,"testmod-TestBox":0,"testmod-Motorcycle":2,"Oddly Smooth Stone":0,"PureWater":0,"REME_LowDesire":0,"REME_ComplimentaryCards":0,"bronze:BronzeIdol":0},{"EasyMod:Easy_3":0,"testmod-Maize":0,"testmod-TestBox":0,"testmod-Motorcycle":1,"Oddly Smooth Stone":0,"PureWater":0,"REME_LowDesire":0,"REME_ComplimentaryCards":0,"bronze:BronzeIdol":0},{"EasyMod:Easy_3":0,"testmod-Maize":0,"testmod-TestBox":0,"testmod-Motorcycle":5,"Oddly Smooth Stone":0,"PureWater":0,"REME_LowDesire":0,"REME_ComplimentaryCards":0,"bronze:BronzeIdol":0}]},"card_choices":[{"not_picked":["REME_MusicOfDeath","EmptyFist","ClearTheMind","Chrysalis"],"picked":"SKIP","floor":1},{"not_picked":["CutThroughFate","CrushJoints","JustLucky","Specialist"],"picked":"SKIP","floor":4}],"player_experience":251889,"relics_obtained":[{"floor":0,"key":"bronze:BronzeIdol"},{"floor":0,"key":"Oddly Smooth Stone"}],"event_choices":[{"damage_healed":0,"gold_gain":0,"player_choice":"Success","damage_taken":7,"relics_obtained":["testmod-Motorcycle"],"max_hp_gain":0,"max_hp_loss":0,"event_name":"Scrap Ooze","floor":2,"gold_loss":0},{"damage_healed":0,"gold_gain":0,"player_choice":"Entered Light","damage_taken":14,"max_hp_gain":0,"max_hp_loss":0,"event_name":"Shining Light","floor":5,"gold_loss":0,"cards_upgraded":["Eruption","Defend_P"]}],"is_beta":false,"boss_relics":[],"items_purged_floors":[],"is_endless":false,"potions_floor_spawned":[],"killed_by":"Gremlin Nob","ascension_level":9}}