{"host":"takgv9cv6xf64vhq","time":1612163407,"event":{"mods":["BaseMod","Colored Powertips","Conspire","Decade(王小明)","Downfall","Energized Spire","Hermit","Hubris","LagranYue(拉格朗・月)","Marisa（F雨　魔理沙）","Minty Spire (QoL Compilation)","Replay The Spire","StSLib","The Cursed","The Hierophant","The Jungle","The Servant 0.9.4","TheHeartMod"],"gold_per_floor":[115,135,210,225,225,255,265,245,298,317,337,140,150,167,167,268,268,278,278,278,296,296,296,296],"floor_reached":23,"language":"ZHS","playtime":1899,"items_purged":["Strike_G"],"score":293,"play_id":"a678fa9e-ceba-44b6-ae0c-0046518e4996","local_time":"20210201151007","is_ascension_mode":true,"campfire_choices":[{"data":"Burst","floor":15,"key":"SMITH"}],"circlet_count":0,"master_deck":["AscendersBane","Strike_G","Strike_G","Strike_G","Defend_G","Defend_G","Defend_G","Defend_G","Defend_G","Survivor","Neutralize","Quick Slash","Flying Knee","Leg Sweep","Burst+1","ReplayTheSpireMod:Tripwire","ReplayTheSpireMod:Scrap Shanks","Heel Hook","Deflect","PiercingWail","Well Laid Plans","Good Instincts","Flechettes","Flechettes","Blur","Dodge and Roll","Tools of the Trade","Dagger Throw","Blade Dance+1"],"relics":["conspire:SpecialSausage","hubris:OldNail","Toy Ornithopter","BargainBundle","conspire:RunicOctahedron","sneckomod:BabySnecko"],"acts_visited":["Exordium","TheCity"],"potions_floor_usage":[11,11,11,13,16,21],"damage_taken":[{"damage":0,"enemies":"Cultist","floor":1,"turns":5},{"damage":0,"enemies":"2 Louse","floor":2,"turns":3},{"damage":0,"enemies":"Jaw Worm","floor":4,"turns":4},{"damage":9,"enemies":"3 Sentries","floor":6,"turns":12},{"damage":3,"enemies":"Exordium Wildlife","floor":7,"turns":10},{"damage":3,"enemies":"3 Louse","floor":10,"turns":6},{"damage":0,"enemies":"Lots of Slimes","floor":11,"turns":6},{"damage":0,"enemies":"2 Fungi Beasts","floor":13,"turns":7},{"damage":9,"enemies":"3 Louse","floor":14,"turns":6},{"damage":9,"enemies":"Fading Forest","floor":16,"turns":11},{"damage":6,"enemies":"Chosen","floor":18,"turns":12},{"damage":18,"enemies":"3 Byrds","floor":21,"turns":8},{"damage":38,"enemies":"Gremlin Leader","floor":23,"turns":9}],"seed_played":"-3918318927424756694","potions_obtained":[{"floor":6,"key":"Fire Potion"},{"floor":7,"key":"Fire Potion"},{"floor":8,"key":"EntropicBrew"},{"floor":13,"key":"Energy Potion"},{"floor":16,"key":"GamblersBrew"}],"is_trial":false,"path_per_floor":["M","M","?","M","?","E","M","?","T","M","M","$","M","M","R","B",null,"M","?","?","M","?","E"],"character_chosen":"THE_SILENT","items_purchased":["BargainBundle","Deflect","PiercingWail","Well Laid Plans","Good Instincts","Flechettes"],"campfire_rested":0,"item_purchase_floors":[12,12,12,12,12,12],"current_hp_per_floor":[63,63,52,52,52,43,40,40,40,37,52,52,70,61,61,57,67,61,48,48,35,35,0,0],"gold":296,"neow_bonus":"BOSS_RELIC","is_daily":false,"chose_seed":false,"campfire_upgraded":1,"win_rate":0.0,"timestamp":1612163407,"path_taken":["M","?","?","M","?","E","M","?","T","?","M","$","M","M","R","BOSS","M","?","?","M","?","E"],"items_purchased_type":["Relic","Card","Card","Card","Card","Card"],"build_version":"2020-12-22","purchased_purges":1,"victory":false,"max_hp_per_floor":[70,70,70,70,70,70,70,70,70,70,70,70,70,70,70,70,70,70,75,75,75,75,75,75],"card_choices":[{"not_picked":["Outmaneuver","Acrobatics"],"picked":"Quick Slash","floor":1},{"not_picked":["Underhanded Strike","Outmaneuver"],"picked":"Flying Knee","floor":2},{"not_picked":["Blade Dance","Outmaneuver"],"picked":"Leg Sweep","floor":4},{"not_picked":["Finisher","Backflip"],"picked":"Burst","floor":6},{"not_picked":["Dagger Throw","Dodge and Roll"],"picked":"ReplayTheSpireMod:Tripwire","floor":7},{"not_picked":["Flying Knee","Dagger Spray"],"picked":"ReplayTheSpireMod:Scrap Shanks","floor":10},{"not_picked":["Expertise","Draining Mist"],"picked":"Heel Hook","floor":11},{"not_picked":["Bane","Setup"],"picked":"Blur","floor":13},{"not_picked":["Deadly Poison","Bane"],"picked":"Dodge and Roll","floor":14},{"not_picked":["Night Terror","Corpse Explosion"],"picked":"Tools of the Trade","floor":16},{"not_picked":["Flying Knee","PiercingWail"],"picked":"Dagger Throw","floor":18},{"not_picked":["Riddle With Holes+1","Calculated Gamble"],"picked":"Blade Dance+1","floor":21}],"player_experience":304718,"relics_obtained":[{"floor":6,"key":"hubris:OldNail"},{"floor":9,"key":"Toy Ornithopter"}],"event_choices":[{"damage_healed":0,"gold_gain":75,"player_choice":"Gather Gold","damage_taken":11,"max_hp_gain":0,"max_hp_loss":0,"event_name":"World of Goop","floor":3,"gold_loss":0},{"damage_healed":0,"gold_gain":0,"player_choice":"Bought 1 Potion","damage_taken":0,"max_hp_gain":0,"max_hp_loss":0,"event_name":"The Woman in Blue","floor":8,"gold_loss":0},{"damage_healed":0,"gold_gain":0,"player_choice":"Shed Blood","damage_taken":18,"max_hp_gain":5,"max_hp_loss":0,"event_name":"Forgotten Altar","floor":19,"gold_loss":0},{"cards_removed":["downfall:Bewildered"],"damage_healed":0,"gold_gain":0,"player_choice":"Purged","damage_taken":0,"max_hp_gain":0,"max_hp_loss":0,"event_name":"Purifier","floor":22,"gold_loss":0}],"is_beta":false,"boss_relics":[{"not_picked":["hubris:VirtuousBlindfold","energizedSpire:NeverEndingSparkler"],"picked":"conspire:RunicOctahedron"}],"items_purged_floors":[12],"is_endless":false,"potions_floor_spawned":[6,7,11,13,16],"killed_by":"Gremlin Leader","ascension_level":10}}