{"host":"y1oqg7uy0jc6f5mb","time":1612168709,"event":{"mods":["BaseMod","Better Altar","Better Match","Better Note","Better Sensory Stone","Better Skull","Better Third Choice","Colored Map","Colored Powertips","Custom Start","Downfall","Highlight Path","Ironclad Rager","Minty Spire (QoL Compilation)","Permanent Neow","Quick Restart","Relic Stats","Replay The Spire","Shop Mod","StSLib"],"gold_per_floor":[119,44,58,58,58,58,85,85,85,103,103,119,119,134,134,231,231,245,263,263,273,273,273],"floor_reached":22,"language":"ENG","playtime":1815,"items_purged":["Strike_P"],"score":233,"play_id":"ce4d1c8b-a527-472a-a174-1db234a57a90","local_time":"20210201163829","is_ascension_mode":true,"campfire_choices":[{"floor":6.0,"key":"REST"},{"floor":8.0,"key":"REST"},{"data":"Worship","floor":11.0,"key":"SMITH"},{"data":"Eruption","floor":13.0,"key":"SMITH"}],"circlet_count":0,"master_deck":["Strike_P","Strike_P+1","Strike_P","Defend_P","Defend_P+1","Defend_P","Defend_P","Eruption+1","Vigilance","Worship+1","EmptyBody","FollowUp","Replay:DivineShield","Sanctity","Devotion","DevaForm","Setup","CarveReality+1","Wireheading"],"relics":["Replay:M_StaffOfTheSnake","Blue Candle","PreservedInsect","SlaversCollar"],"acts_visited":["Exordium","TheCity"],"potions_floor_usage":[],"damage_taken":[{"damage":1.0,"enemies":"Cultist","floor":1.0,"turns":4.0},{"damage":14.0,"enemies":"2 Louse","floor":3.0,"turns":4.0},{"damage":32.0,"enemies":"Gremlin Nob","floor":7.0,"turns":4.0},{"damage":0.0,"enemies":"Jaw Worm","floor":10.0,"turns":4.0},{"damage":0.0,"enemies":"2 Fungi Beasts","floor":12.0,"turns":2.0},{"damage":2.0,"enemies":"Large Slime","floor":14.0,"turns":3.0},{"damage":25.0,"enemies":"The Guardian","floor":16.0,"turns":13.0},{"damage":16.0,"enemies":"Chosen","floor":18.0,"turns":10.0},{"damage":10.0,"enemies":"Spheric Guardian","floor":19.0,"turns":6.0},{"damage":41,"enemies":"Snake Plant","floor":21,"turns":6},{"damage":24,"enemies":"Chosen and Byrds","floor":22,"turns":4}],"seed_played":"5636813069953924642","potions_obtained":[{"floor":10.0,"key":"Energy Potion"},{"floor":12.0,"key":"hexamod:SoulburnPotion"},{"floor":14.0,"key":"Elixir"},{"floor":15.0,"key":"LiquidMemories"},{"floor":15.0,"key":"LiquidMemories"},{"floor":21,"key":"Ancient Potion"}],"is_trial":false,"path_per_floor":["M","$","M","?","?","R","E","R","T","M","R","M","R","M","R_BF","B",null,"M","M","?","M","M"],"character_chosen":"WATCHER","items_purchased":[],"campfire_rested":2,"item_purchase_floors":[],"current_hp_per_floor":[71,71,57,43,43,64,32,53,53,53,53,53,53,51,51,26,61,45,35,35,24,0,0],"gold":273,"neow_bonus":"THREE_CARDS","is_daily":false,"chose_seed":false,"campfire_upgraded":2,"win_rate":0.0,"timestamp":1612168709,"path_taken":["M","?","M","?","?","R","E","R","T","M","R","M","R","M","R_BF","BOSS","M","M","?","M","M"],"items_purchased_type":[],"build_version":"2020-12-22","purchased_purges":1,"victory":false,"max_hp_per_floor":[72,72,72,72,72,72,72,72,72,72,72,72,72,72,72,72,72,72,72,72,72,72,72],"relic_stats":{"counters":[11,60],"Blue Candle":[0],"PreservedInsect":0,"obtain_stats":[{"SlaversCollar":17,"Replay:M_StaffOfTheSnake":5,"Blue Candle":7,"PreservedInsect":9,"PureWater":0},{"SlaversCollar":7,"Replay:M_StaffOfTheSnake":2,"Blue Candle":3,"PreservedInsect":3,"PureWater":0},{"SlaversCollar":34,"Replay:M_StaffOfTheSnake":8,"Blue Candle":12,"PreservedInsect":12,"PureWater":0}]},"card_choices":[{"not_picked":["Crescendo","FlyingSleeves"],"picked":"Worship","floor":0.0},{"not_picked":["BowlingBash","Halt","Replay:BluntJabs"],"picked":"SKIP","floor":1.0},{"not_picked":["EmptyFist","Prostrate"],"picked":"EmptyBody","floor":3.0},{"not_picked":["SignatureMove","SashWhip"],"picked":"FollowUp","floor":7.0},{"not_picked":["Protect","BowlingBash"],"picked":"Replay:DivineShield","floor":10.0},{"not_picked":["Replay:BluntJabs","PathToVictory"],"picked":"Sanctity","floor":12.0},{"not_picked":["SignatureMove","Protect"],"picked":"Devotion","floor":14.0},{"not_picked":["SpiritShield","Devotion"],"picked":"DevaForm","floor":16.0},{"not_picked":["EmptyFist","Replay:BluntJabs"],"picked":"Setup","floor":18.0},{"not_picked":["Vengeance","SandsOfTime+1"],"picked":"CarveReality+1","floor":19.0},{"not_picked":["ForeignInfluence","Pray"],"picked":"Wireheading","floor":21}],"player_experience":303249,"relics_obtained":[{"floor":7.0,"key":"Blue Candle"},{"floor":9.0,"key":"PreservedInsect"}],"event_choices":[{"damage_healed":57.0,"max_hp_gain":0.0,"max_hp_loss":72.0,"gold_gain":0.0,"event_name":"betterThird:BetterShining","player_choice":"Upgrade","floor":4.0,"gold_loss":0.0,"damage_taken":14.0,"cards_upgraded":["Defend_P","Strike_P"]},{"damage_healed":0,"gold_gain":0,"player_choice":"Ignored","damage_taken":0,"max_hp_gain":0,"max_hp_loss":0,"event_name":"Cursed Tome","floor":20,"gold_loss":0}],"is_beta":false,"boss_relics":[{"not_picked":["Replay:Drink Me","Black Star"],"picked":"SlaversCollar"}],"items_purged_floors":[2],"is_endless":false,"potions_floor_spawned":[10,12,14,21],"killed_by":"Chosen and Byrds","ascension_level":5}}