{"host":"2zjdcgw4be5n15ja","time":1612158181,"event":{"mods":["2.2 Compatiblity","AchievementEnabler","BaseMod","Bestiary","Better Skull","Better Third Choice","BetterRewards","Colored Powertips","Downfall","Hermit","Marisa????????","Marked Mod","Minty Spire (QoL Compilation)","Quick Restart","Rare Cards Sparkle","Reimu??????","Relic Stats","Reliquary","Replay The Spire","StSLib","The Bug Knight","The Problem Sleuth","The Runesmith"],"gold_per_floor":[112,112,112,122,132,132,164,184,209,273,273,289,289,3,3,148,148,168,168,168,188,30,78,78,125,171,246,196,229,250,278,278,292,292],"floor_reached":33,"language":"ENG","playtime":2915,"items_purged":[],"score":345,"play_id":"5346de10-bd17-4614-b54a-ef074f346aef","local_time":"20210201184301","is_ascension_mode":true,"campfire_choices":[{"floor":6,"key":"RECALL"},{"floor":11,"key":"REST"},{"data":"ReplayTheSpireMod:Necrogeddon","floor":13,"key":"SMITH"},{"data":"Seeing Red","floor":15,"key":"SMITH"},{"floor":32,"key":"REST"}],"circlet_count":0,"master_deck":["Strike_R","Strike_R","Strike_R","Strike_R","Strike_R","Defend_R","Defend_R","Defend_R","Defend_R","theSleuth:OglogMRubbit","ReplayTheSpireMod:Necrogeddon+1","Feel No Pain","Amnesia","Clash","Sever Soul","Wild Strike","Seeing Red+1","Bludgeon","Havoc","Run Through","Shockwave","Shockwave","Metallicize","Exhume","Pummel","Writhe","Thunderclap","Double Tap","Exhume","Shame","Evolve+1","Reaper","ReplayTheSpireMod:Corrosion Curse","ReplayTheSpireMod:Strike From Hell","Flame Barrier+1"],"relics":["Burning Blood","ReplayTheSpireMod:Ring of Challenge","Ancient Tea Set","Blue Doll","Honey Jar","theSleuth:SaltedMelon","theSleuth:SaltedMelon","Replay:Bandana","reliquary:ExpiredCoupon","Blood Vial","Dream Catcher","reliquary:Aerogel","Question Card","Replay:Baseball"],"acts_visited":["Exordium","TheCity"],"potions_floor_usage":[16,16,16,25,25,31,31],"damage_taken":[{"damage":11,"enemies":"Jaw Worm","floor":1,"turns":4},{"damage":2,"enemies":"Small Slimes","floor":4,"turns":5},{"damage":6,"enemies":"Cultist","floor":5,"turns":3},{"damage":26,"enemies":"Gremlin Nob","floor":7,"turns":5},{"damage":5,"enemies":"Looter","floor":8,"turns":3},{"damage":0,"enemies":"Large Slime","floor":10,"turns":4},{"damage":0,"enemies":"Exordium Wildlife","floor":12,"turns":2},{"damage":68,"enemies":"Fading Forest","floor":16,"turns":11},{"damage":16,"enemies":"Shell Parasite","floor":18,"turns":5},{"damage":6,"enemies":"Chosen","floor":21,"turns":3},{"damage":13,"enemies":"HollowMod:Nosk","floor":23,"turns":9},{"damage":47,"enemies":"Book of Stabbing","floor":25,"turns":5},{"damage":14,"enemies":"Replay:Snechameleon","floor":29,"turns":6},{"damage":8,"enemies":"Centurion and Healer","floor":30,"turns":6},{"damage":24,"enemies":"Cultist and Chosen","floor":31,"turns":7},{"damage":63,"enemies":"Champ","floor":33,"turns":11}],"seed_played":"-4242232790676952144","potions_obtained":[{"floor":4,"key":"Explosive Potion"},{"floor":7,"key":"Weak Potion"},{"floor":10,"key":"Strength Potion"},{"floor":16,"key":"Block Potion"},{"floor":21,"key":"Swift Potion"},{"floor":23,"key":"Elixir"},{"floor":25,"key":"SpeedPotion"}],"is_trial":false,"path_per_floor":["M","?","?","M","M","R","E","M","T","M","R","M","R","$","R","B",null,"M","?","?","M","$","E","?","E","T","T","?","E","M","M","R","B"],"character_chosen":"IRONCLAD","items_purchased":["Shockwave","Blue Doll","Metallicize","Double Tap"],"campfire_rested":2,"item_purchase_floors":[14,14,14,22],"current_hp_per_floor":[75,75,75,79,79,79,59,60,60,66,80,80,80,80,80,28,80,70,70,70,70,70,63,63,24,24,24,24,18,24,14,40,0,0],"gold":292,"neow_bonus":"RANDOM_COLORLESS_2","is_daily":false,"chose_seed":false,"campfire_upgraded":2,"win_rate":0.0,"timestamp":1612158181,"path_taken":["M","?","?","?","M","R","E","M","T","M","R","M","R","$","R","BOSS","M","?","?","M","$","E","?","E","T","?","?","E","M","M","R","BOSS"],"items_purchased_type":["Card","Relic","Card","Card"],"build_version":"2020-12-22","purchased_purges":0,"victory":false,"max_hp_per_floor":[80,80,80,80,80,80,80,80,80,80,80,80,80,80,80,80,80,80,80,80,80,80,80,80,80,80,80,80,80,80,80,82,82,82],"relic_stats":{"Blood Vial":10,"Dream Catcher":1,"counters":[16,89],"Question Card":4,"obtain_stats":[{"theSleuth:SaltedMelon":19,"reliquary:Aerogel":26,"Blue Doll":14,"Ancient Tea Set":7,"Question Card":27,"Burning Blood":0,"Blood Vial":24,"reliquary:ExpiredCoupon":23,"Replay:Bandana":20,"Dream Catcher":25,"Replay:Baseball":29,"Honey Jar":17,"ReplayTheSpireMod:Ring of Challenge":2},{"theSleuth:SaltedMelon":9,"reliquary:Aerogel":12,"Blue Doll":7,"Ancient Tea Set":4,"Question Card":12,"Burning Blood":0,"Blood Vial":11,"reliquary:ExpiredCoupon":11,"Replay:Bandana":9,"Dream Catcher":12,"Replay:Baseball":13,"Honey Jar":8,"ReplayTheSpireMod:Ring of Challenge":1},{"theSleuth:SaltedMelon":42,"reliquary:Aerogel":59,"Blue Doll":26,"Ancient Tea Set":17,"Question Card":59,"Burning Blood":0,"Blood Vial":54,"reliquary:ExpiredCoupon":54,"Replay:Bandana":42,"Dream Catcher":59,"Replay:Baseball":65,"Honey Jar":37,"ReplayTheSpireMod:Ring of Challenge":4}],"Burning Blood":84},"card_choices":[{"not_picked":["Secret Weapon","Panache"],"picked":"ReplayTheSpireMod:Necrogeddon","floor":0},{"not_picked":["Flex","Intimidate"],"picked":"Feel No Pain","floor":1},{"not_picked":["Flex","Thunderclap"],"picked":"Sever Soul","floor":4},{"not_picked":["Hemokinesis","Body Slam"],"picked":"Wild Strike","floor":5},{"not_picked":["Warcry","Rupture"],"picked":"Seeing Red","floor":7},{"not_picked":["Heavy Blade","Armaments"],"picked":"Bludgeon","floor":8},{"not_picked":["Heavy Blade","Pommel Strike"],"picked":"Havoc","floor":10},{"not_picked":["Battle Trance","Flex"],"picked":"Run Through","floor":12},{"not_picked":["Bludgeon","Offering"],"picked":"Exhume","floor":16},{"not_picked":["Bloodletting","Ghostly Armor+1","Abandon"],"picked":"Pummel","floor":18},{"not_picked":["Wild Strike+1","Replay:Undeath\u0027s Touch+1","Iron Wave"],"picked":"Thunderclap","floor":21},{"not_picked":["Cleave","Spot Weakness","Combust"],"picked":"Exhume","floor":23},{"not_picked":["Replay:Undeath\u0027s Touch","Warcry","ReplayTheSpireMod:Stacked+1"],"picked":"Evolve+1","floor":25},{"not_picked":["Uppercut","Armaments+1","Thunderclap","Infernal Blade"],"picked":"Reaper","floor":29},{"not_picked":["Headbutt","Uppercut","Metallicize","Run Through"],"picked":"ReplayTheSpireMod:Corrosion Curse","floor":30},{"not_picked":["Clothesline","Barricade","Second Wind","Pommel Strike"],"picked":"ReplayTheSpireMod:Strike From Hell","floor":31},{"not_picked":["Clash","Armaments","Anger+1","Sever Soul"],"picked":"Flame Barrier+1","floor":32}],"player_experience":366380,"relics_obtained":[{"floor":2,"key":"ReplayTheSpireMod:Ring of Challenge"},{"floor":7,"key":"Ancient Tea Set"},{"floor":23,"key":"reliquary:ExpiredCoupon"},{"floor":25,"key":"Dream Catcher"},{"floor":26,"key":"reliquary:Aerogel"},{"floor":27,"key":"Question Card"},{"floor":29,"key":"Replay:Baseball"}],"event_choices":[{"damage_healed":0,"gold_gain":0,"cards_transformed":["Bash"],"player_choice":"Transformed","damage_taken":0,"max_hp_gain":0,"max_hp_loss":0,"event_name":"Transmorgrifier","floor":3,"gold_loss":0,"cards_obtained":["Clash"]},{"damage_healed":0,"gold_gain":0,"player_choice":"Opened","damage_taken":0,"relics_obtained":["Replay:Bandana"],"max_hp_gain":0,"max_hp_loss":0,"event_name":"The Mausoleum","floor":20,"gold_loss":0,"cards_obtained":["Writhe"]},{"damage_healed":0,"gold_gain":0,"player_choice":"Stole Relic","damage_taken":0,"relics_obtained":["Blood Vial"],"max_hp_gain":0,"max_hp_loss":0,"event_name":"Addict","floor":24,"gold_loss":0,"cards_obtained":["Shame"]},{"damage_healed":0,"gold_gain":0,"player_choice":"Bet on Murderer","damage_taken":0,"max_hp_gain":0,"max_hp_loss":0,"event_name":"The Joust","floor":28,"gold_loss":50}],"is_beta":false,"boss_relics":[{"not_picked":["Astrolabe","Cursed Key"],"picked":"Honey Jar"}],"items_purged_floors":[],"is_endless":false,"potions_floor_spawned":[4,7,10,16,21,23,25],"killed_by":"Champ","ascension_level":1}}