{"host":"p7j7o00jacnw7qzt","time":1612161661,"event":{"mods":["BaseMod","Colored Map","Colored Powertips","DeckTracker","Highlight Path","Minty Spire (QoL Compilation)","Relic Stats"],"gold_per_floor":[116,116,41,51,61,61,77,77,124,124,138,13,13,33,33,110,110,126,126,156,166,166,196,196,96,120,152,152,27,27,47,47,120,120,137,153,170,181,230,230,256,268,306,318,347,391,403,425,437,449,461,473,485,28,57,57],"floor_reached":57,"language":"ZHS","playtime":2957,"items_purged":["Strike_G","Defend_G","Defend_G","Dagger Throw"],"score":3255,"play_id":"7388eebc-9b8f-4ac6-9e61-8ae9c94b1b5c","local_time":"20210201014101","is_ascension_mode":true,"campfire_choices":[{"data":"Reflex","floor":6.0,"key":"SMITH"},{"data":"Tactician","floor":8.0,"key":"SMITH"},{"data":"Blade Dance","floor":15.0,"key":"SMITH"},{"data":"Concentrate","floor":24.0,"key":"SMITH"},{"data":"Envenom","floor":30.0,"key":"SMITH"},{"data":"Acrobatics","floor":32.0,"key":"SMITH"},{"floor":40.0,"key":"RECALL"},{"data":"Accuracy","floor":42.0,"key":"SMITH"},{"data":"Adrenaline","floor":44.0,"key":"SMITH"},{"data":"Malaise","floor":49.0,"key":"SMITH"},{"data":"Reflex","floor":53.0,"key":"SMITH"}],"circlet_count":0,"master_deck":["AscendersBane","Survivor","Neutralize","Accuracy+1","Reflex+1","Tactician+1","Blade Dance+1","Adrenaline+1","CurseOfTheBell","Acrobatics+1","Concentrate+1","Venomology","After Image","Envenom+1","Reflex+1","Malaise+1","Accuracy+1"],"relics":["Ring of the Snake","Toy Ornithopter","Calling Bell","Pen Nib","Singing Bowl","StoneCalendar","Red Mask","Nunchaku","Omamori","Runic Pyramid","Tingsha","MawBank","Oddly Smooth Stone","Anchor","Calipers","Incense Burner"],"acts_visited":["Exordium","TheCity","TheBeyond","TheEnding"],"potions_floor_usage":[56,56],"damage_taken":[{"damage":1.0,"enemies":"2 Louse","floor":1.0,"turns":3.0},{"damage":8.0,"enemies":"Jaw Worm","floor":4.0,"turns":10.0},{"damage":2.0,"enemies":"Small Slimes","floor":5.0,"turns":7.0},{"damage":8.0,"enemies":"Gremlin Gang","floor":7.0,"turns":9.0},{"damage":1.0,"enemies":"Exordium Thugs","floor":11.0,"turns":4.0},{"damage":0.0,"enemies":"Red Slaver","floor":14.0,"turns":2.0},{"damage":23.0,"enemies":"The Guardian","floor":16.0,"turns":16.0},{"damage":0.0,"enemies":"Spheric Guardian","floor":18.0,"turns":3.0},{"damage":0.0,"enemies":"Masked Bandits","floor":20.0,"turns":2.0},{"damage":6.0,"enemies":"Shell Parasite","floor":21.0,"turns":3.0},{"damage":7.0,"enemies":"Gremlin Leader","floor":23.0,"turns":4.0},{"damage":4.0,"enemies":"Book of Stabbing","floor":27.0,"turns":3.0},{"damage":10.0,"enemies":"Snake Plant","floor":31.0,"turns":2.0},{"damage":0.0,"enemies":"Automaton","floor":33.0,"turns":1.0},{"damage":0.0,"enemies":"3 Darklings","floor":35.0,"turns":2.0},{"damage":0.0,"enemies":"Orb Walker","floor":36.0,"turns":2.0},{"damage":9.0,"enemies":"Writhing Mass","floor":37.0,"turns":4.0},{"damage":0.0,"enemies":"Spire Growth","floor":38.0,"turns":2.0},{"damage":0.0,"enemies":"2 Orb Walkers","floor":39.0,"turns":3.0},{"damage":0.0,"enemies":"Reptomancer","floor":41.0,"turns":1.0},{"damage":0.0,"enemies":"Sphere and 2 Shapes","floor":45.0,"turns":2.0},{"damage":0.0,"enemies":"Giant Head","floor":46.0,"turns":1.0},{"damage":0.0,"enemies":"Writhing Mass","floor":48.0,"turns":2.0},{"damage":0.0,"enemies":"Awakened One","floor":50.0,"turns":3.0},{"damage":0.0,"enemies":"Donu and Deca","floor":51.0,"turns":3.0},{"damage":0.0,"enemies":"Shield and Spear","floor":55.0,"turns":1.0},{"damage":81,"enemies":"The Heart","floor":56,"turns":6}],"seed_played":"-6051124373571389860","potions_obtained":[{"floor":4.0,"key":"AttackPotion"},{"floor":5.0,"key":"SpeedPotion"},{"floor":11.0,"key":"Strength Potion"},{"floor":16.0,"key":"FairyPotion"},{"floor":18.0,"key":"CunningPotion"},{"floor":23.0,"key":"Explosive Potion"},{"floor":27.0,"key":"DistilledChaos"},{"floor":33.0,"key":"Strength Potion"},{"floor":36.0,"key":"DistilledChaos"}],"is_trial":false,"path_per_floor":["M","?","?","M","M","R","M","R","T","?","M","$","?","M","R","B",null,"M","?","?","M","?","E","R","$","T","E","?","$","R","M","R","B",null,"M","M","M","M","?","R","E","R","T","R","M","E","?","M","R","B","B",null,"R","$","E","B",null],"character_chosen":"THE_SILENT","items_purchased":["Blade Dance","Calipers"],"campfire_rested":0,"item_purchase_floors":[12,54],"current_hp_per_floor":[58,58,58,50,48,48,40,40,40,40,39,39,39,39,39,21,50,50,50,50,51,51,44,44,44,44,47,47,47,47,47,47,47,60,64,66,64,66,68,68,70,70,70,70,76,78,74,76,76,76,76,79,79,79,81,1],"gold":57,"neow_bonus":"REMOVE_TWO","is_daily":false,"chose_seed":false,"campfire_upgraded":10,"win_rate":0.0,"timestamp":1612161661,"path_taken":["M","?","?","M","M","R","M","R","T","?","?","$","?","?","R","BOSS","M","?","?","M","?","E","R","$","T","E","?","$","R","M","R","BOSS","M","M","M","M","?","R","E","R","T","R","M","E","?","?","R","BOSS","BOSS","R","$","E","BOSS"],"items_purchased_type":["Card","Relic"],"build_version":"2020-12-22","purchased_purges":4,"victory":true,"max_hp_per_floor":[60,60,60,60,60,60,60,60,60,60,60,60,60,60,60,60,60,60,60,60,62,62,62,62,62,62,64,64,64,64,64,64,64,64,64,66,68,70,72,72,74,74,74,74,76,78,78,80,80,80,80,80,80,80,82,82],"relic_stats":{"Nunchaku":[33],"Singing Bowl":22,"counters":[27,101],"StoneCalendar":[0],"Tingsha":[342],"Pen Nib":[38],"MawBank":156,"obtain_stats":[{"Calipers":54,"Singing Bowl":17,"Oddly Smooth Stone":43,"StoneCalendar":17,"Tingsha":39,"Pen Nib":17,"Omamori":27,"Incense Burner":55,"MawBank":41,"Calling Bell":17,"Nunchaku":23,"Anchor":46,"Red Mask":20,"Toy Ornithopter":9,"Ring of the Snake":0,"Runic Pyramid":34},{"Calipers":25,"Singing Bowl":7,"Oddly Smooth Stone":20,"StoneCalendar":7,"Tingsha":19,"Pen Nib":7,"Omamori":12,"Incense Burner":26,"MawBank":20,"Calling Bell":7,"Nunchaku":11,"Anchor":22,"Red Mask":9,"Toy Ornithopter":4,"Ring of the Snake":0,"Runic Pyramid":14},{"Calipers":94,"Singing Bowl":51,"Oddly Smooth Stone":83,"StoneCalendar":51,"Tingsha":82,"Pen Nib":51,"Omamori":66,"Incense Burner":95,"MawBank":83,"Calling Bell":51,"Nunchaku":63,"Anchor":86,"Red Mask":56,"Toy Ornithopter":29,"Ring of the Snake":0,"Runic Pyramid":69}],"Toy Ornithopter":39,"Ring of the Snake":[54]},"card_choices":[{"not_picked":["Sucker Punch","Backflip"],"picked":"Accuracy","floor":1.0},{"not_picked":["Poisoned Stab","Leg Sweep"],"picked":"Reflex","floor":4.0},{"not_picked":["Deadly Poison","Backstab"],"picked":"Tactician","floor":5.0},{"not_picked":["Well Laid Plans","Caltrops"],"picked":"Dagger Throw","floor":7.0},{"not_picked":["Deadly Poison","Reflex"],"picked":"Phantasmal Killer","floor":11.0},{"not_picked":["Deadly Poison","Poisoned Stab","Crippling Poison"],"picked":"SKIP","floor":14.0},{"not_picked":["Corpse Explosion","A Thousand Cuts"],"picked":"Adrenaline","floor":16.0},{"not_picked":["Eviscerate","Flying Knee"],"picked":"Acrobatics","floor":18.0},{"not_picked":["Setup","Dagger Spray"],"picked":"Concentrate","floor":20.0},{"not_picked":["Slice","PiercingWail","Noxious Fumes"],"picked":"Singing Bowl","floor":21.0},{"not_picked":["Sucker Punch","Finisher"],"picked":"Venomology","floor":23.0},{"not_picked":["Eviscerate","Dodge and Roll","Bouncing Flask"],"picked":"Singing Bowl","floor":27.0},{"not_picked":["Deflect","Bane"],"picked":"Reflex","floor":31.0},{"not_picked":["Phantasmal Killer","Doppelganger"],"picked":"Malaise","floor":33.0},{"not_picked":["Masterful Stab","Slice+1"],"picked":"Accuracy+1","floor":35.0},{"not_picked":["Skewer","Bane","Dagger Throw"],"picked":"Singing Bowl","floor":36.0},{"not_picked":["Dodge and Roll","Bane","Acrobatics"],"picked":"Singing Bowl","floor":37.0},{"not_picked":["Endless Agony","Slice+1","Bouncing Flask"],"picked":"Singing Bowl","floor":38.0},{"not_picked":["Deadly Poison+1","Reflex","Prepared"],"picked":"Singing Bowl","floor":39.0},{"not_picked":["Bane","Dagger Throw","PiercingWail"],"picked":"Singing Bowl","floor":41.0},{"not_picked":["Backstab","Infinite Blades+1","Masterful Stab"],"picked":"Singing Bowl","floor":45.0},{"not_picked":["Deflect","Underhanded Strike","Well Laid Plans+1"],"picked":"Singing Bowl","floor":46.0},{"not_picked":["Prepared","A Thousand Cuts","Outmaneuver+1"],"picked":"Singing Bowl","floor":48.0},{"not_picked":["Crippling Poison+1","Prepared","Noxious Fumes"],"picked":"Singing Bowl","floor":55.0}],"player_experience":1069818,"relics_obtained":[{"floor":9.0,"key":"Toy Ornithopter"},{"floor":17.0,"key":"Pen Nib"},{"floor":17.0,"key":"Singing Bowl"},{"floor":17.0,"key":"StoneCalendar"},{"floor":20.0,"key":"Red Mask"},{"floor":23.0,"key":"Nunchaku"},{"floor":27.0,"key":"Omamori"},{"floor":39.0,"key":"Tingsha"},{"floor":41.0,"key":"MawBank"},{"floor":43.0,"key":"Oddly Smooth Stone"},{"floor":46.0,"key":"Anchor"},{"floor":55.0,"key":"Incense Burner"}],"event_choices":[{"damage_healed":0.0,"max_hp_gain":0.0,"max_hp_loss":0.0,"gold_gain":0.0,"event_name":"Liars Game","player_choice":"Ignored","floor":2.0,"gold_loss":0.0,"damage_taken":0.0},{"cards_removed":["Strike_G"],"damage_healed":0.0,"max_hp_gain":0.0,"max_hp_loss":0.0,"gold_gain":0.0,"event_name":"The Cleric","player_choice":"Card Removal","floor":3.0,"gold_loss":75.0,"damage_taken":0.0},{"cards_removed":["Strike_G"],"damage_healed":0.0,"max_hp_gain":0.0,"max_hp_loss":0.0,"gold_gain":0.0,"event_name":"Bonfire Elementals","player_choice":"Offered Basic","floor":10.0,"gold_loss":0.0,"damage_taken":0.0},{"cards_removed":["Strike_G"],"damage_healed":0.0,"max_hp_gain":0.0,"max_hp_loss":0.0,"gold_gain":0.0,"event_name":"Wheel of Change","player_choice":"Card Removal","floor":13.0,"gold_loss":0.0,"damage_taken":0.0},{"damage_healed":0.0,"max_hp_gain":0.0,"max_hp_loss":0.0,"gold_gain":0.0,"event_name":"Ghosts","player_choice":"Ignored","floor":19.0,"gold_loss":0.0,"damage_taken":0.0},{"damage_healed":0.0,"max_hp_gain":0.0,"max_hp_loss":0.0,"gold_gain":0.0,"event_name":"Masked Bandits","player_choice":"Fought Bandits","floor":20.0,"gold_loss":0.0,"damage_taken":0.0},{"cards_removed":["Defend_G"],"damage_healed":0.0,"max_hp_gain":0.0,"max_hp_loss":0.0,"gold_gain":0.0,"event_name":"Back to Basics","player_choice":"Elegance","floor":22.0,"gold_loss":0.0,"damage_taken":0.0},{"damage_healed":0.0,"max_hp_gain":0.0,"max_hp_loss":0.0,"gold_gain":0.0,"cards_transformed":["Phantasmal Killer","Defend_G"],"event_name":"Drug Dealer","player_choice":"Became Test Subject","floor":28.0,"gold_loss":0.0,"damage_taken":0.0,"cards_obtained":["After Image","Envenom"]},{"damage_healed":0.0,"max_hp_gain":0.0,"max_hp_loss":0.0,"gold_gain":0.0,"event_name":"Mysterious Sphere","player_choice":"Fight","floor":39.0,"gold_loss":0.0,"damage_taken":0.0},{"damage_healed":0.0,"max_hp_gain":0.0,"max_hp_loss":0.0,"gold_gain":0.0,"event_name":"The Woman in Blue","player_choice":"Bought 0 Potions","floor":47.0,"gold_loss":0.0,"damage_taken":0.0}],"is_beta":false,"boss_relics":[{"not_picked":["Pandora\u0027s Box","Sozu"],"picked":"Calling Bell"},{"not_picked":["SacredBark","Runic Dome"],"picked":"Runic Pyramid"}],"items_purged_floors":[12,25,29,54],"is_endless":false,"potions_floor_spawned":[4,5,11,16,18,23,27,33,36,38,39,41,48,55],"ascension_level":20}}