{"host":"bxdue9bkfm2khp2x","time":1612164286,"event":{"mods":["ATMod(阿瑾Mod)","Arknights","Aspiration","BaseMod","Better Vampires","Challenge The Spire","Colored Map","Colored Powertips","Conspire","Decade(王小明)","Dota2Spire","Highlight Path","Minty Spire (QoL Compilation)","MostiFishMod","Reliquary","Remilia（蕾米莉亚）","Replay The Spire","RumiaBox-露米娅的神秘盒子","Ryuuou龙王","Spicy Shops","StSLib","Td1madao Mod","The Alterego","The Bug Knight","The Cursed","The Servant 0.9.4","WarShipGirlsR/战舰少女R mod","Wide Potions","noobMod","【功能Mod】混沌之环修复补丁","【遗物卡牌】REMEMod","残留之物","篝火指南"],"gold_per_floor":[118,134,147,147,72,72,198,198,269,288,288,288,312,312,312,407,407,423,498,48,61,77,211,211,346,407,433,220,237,62,62,62,363,363,375,19,184,184,281,281,379,154,154,154,311,364,0,104,104,270],"floor_reached":51,"language":"ZHS","playtime":4039,"items_purged":["Eruption","Strike_P","Defend_P","Strike_P","Defend_P","Strike_P","Strike_P"],"score":1289,"play_id":"3f7ca5ee-8858-43d0-8541-f1fd28b33653","local_time":"20210201152446","is_ascension_mode":true,"campfire_choices":[{"data":"JustLucky","floor":6,"key":"SMITH"},{"data":"AT_ShrugMaster","floor":8,"key":"SMITH"},{"data":"Evaluate","floor":12,"key":"SMITH"},{"data":"CutThroughFate","floor":15,"key":"SMITH"},{"data":"ThirdEye","floor":24,"key":"SMITH"},{"data":"Defend_P","floor":32,"key":"SMITH"},{"data":"MasterReality","floor":40,"key":"SMITH"},{"data":"Defend_P","floor":44,"key":"SMITH"},{"data":"Judgement","floor":49,"key":"SMITH"}],"circlet_count":0,"master_deck":["Defend_P+1","Defend_P+1","AT_ShrugMaster+1","JustLucky+1","ThirdEye+1","Evaluate+1","CutThroughFate+1","Consecrate+1","MasterReality+1","Judgement+1","Nirvana+1"],"relics":["PureWater","DaveBox","REME_ComplimentaryCards","ice","AT_ATBox","CombinedTypeHook","NeowsBlessing","SynthV:TestCard","AT_TheCollector","AT_RedNoBalance","Dota2Spire:Dagon","Odd Mushroom","SlaversCollar","Ancient Tea Set","MawBank","reliquary:TatteredRug","PlaceholderMod:LiveLive","AT_MibuBalloonWealth","Replay:Bandana","Red Mask"],"acts_visited":["Exordium","TheCity","TheBeyond"],"potions_floor_usage":[23,33],"damage_taken":[{"damage":0,"enemies":"Cultist","floor":1,"turns":1},{"damage":0,"enemies":"Jaw Worm","floor":2,"turns":1},{"damage":0,"enemies":"2 Louse","floor":3,"turns":2},{"damage":0,"enemies":"Replay:BlueRogue","floor":7,"turns":8},{"damage":0,"enemies":"Large Slime","floor":10,"turns":5},{"damage":0,"enemies":"The Mushroom Lair","floor":13,"turns":2},{"damage":0,"enemies":"Fading Forest","floor":16,"turns":11},{"damage":0,"enemies":"Chosen","floor":18,"turns":3},{"damage":0,"enemies":"Spheric Guardian","floor":21,"turns":2},{"damage":5,"enemies":"Centurion and Healer","floor":22,"turns":3},{"damage":7,"enemies":"Slavers","floor":23,"turns":4},{"damage":0,"enemies":"Book of Stabbing","floor":25,"turns":3},{"damage":2,"enemies":"conspire:HollyBat","floor":27,"turns":4},{"damage":0,"enemies":"3 Cultists","floor":29,"turns":2},{"damage":0,"enemies":"Pondfish","floor":33,"turns":5},{"damage":0,"enemies":"3 Darklings","floor":35,"turns":2},{"damage":0,"enemies":"conspire:MimicChest","floor":37,"turns":5},{"damage":0,"enemies":"3 Shapes","floor":39,"turns":2},{"damage":0,"enemies":"Jaw Worm Horde","floor":41,"turns":2},{"damage":0,"enemies":"3 Darklings","floor":45,"turns":2},{"damage":0,"enemies":"Spire Growth","floor":46,"turns":2},{"damage":2,"enemies":"Jaw Worm Horde","floor":48,"turns":3},{"damage":8,"enemies":"conspire:OrnateMirror","floor":50,"turns":7}],"seed_played":"629872751759756192","potions_obtained":[{"floor":2,"key":"Languid Potion"},{"floor":10,"key":"Swift Potion"},{"floor":16,"key":"Fire Potion"},{"floor":23,"key":"Fire Potion"},{"floor":37,"key":"Dexterity Potion"},{"floor":48,"key":"Adrenaline Potion"}],"is_trial":false,"path_per_floor":["M","M","M","T","$","R","E","R","T","M","?","R","?","?","R","B",null,"M","?","$","M","M","E","R","E","T","M","$","M","$","?","R","B",null,"M","$","?","$","M","R","M","R","T","R","M","M","?","M","R","B",null],"character_chosen":"WATCHER","items_purchased":["AT_MibuBalloonWealth"],"campfire_rested":0,"item_purchase_floors":[36],"current_hp_per_floor":[72,72,72,72,72,72,72,72,72,36,36,36,36,29,29,46,72,36,29,29,29,24,17,17,17,17,15,15,15,15,15,15,15,72,72,72,72,72,72,72,72,72,72,72,72,72,72,70,70,62],"gold":270,"neow_bonus":"THREE_ENEMY_KILL","is_daily":false,"chose_seed":false,"campfire_upgraded":9,"win_rate":0.0,"timestamp":1612164286,"path_taken":["M","M","M","?","?","R","E","R","T","M","?","R","?","?","R","BOSS","M","?","$","M","?","E","R","E","T","M","$","?","?","?","R","BOSS","M","$","?","$","?","R","M","R","T","R","M","M","?","M","R","BOSS"],"items_purchased_type":["Relic"],"build_version":"2020-12-22","purchased_purges":7,"victory":true,"max_hp_per_floor":[72,72,72,72,72,72,72,72,72,72,72,72,72,72,72,72,72,72,72,72,72,72,72,72,72,72,72,72,72,72,72,72,72,72,72,72,72,72,72,72,72,72,72,72,72,72,72,72,72,72],"card_choices":[{"not_picked":["Indignation","FlyingSleeves"],"picked":"JustLucky","floor":1},{"not_picked":["Evaluate","Replay:Cycle","ClearTheMind","Protect"],"picked":"ThirdEye","floor":2},{"not_picked":["ClearTheMind","JustLucky","FlyingSleeves","DeusExMachina"],"picked":"Evaluate","floor":3},{"not_picked":["AT_ChampionStep","FlurryOfBlows","Replay:BluntJabs","WindmillStrike","EmptyBody"],"picked":"SKIP","floor":7},{"not_picked":["FlyingSleeves","PathToVictory","Crescendo","FollowUp","BattleHymn"],"picked":"SKIP","floor":10},{"not_picked":["PathToVictory","Replay:AtTheReady","Conclude","Sanctity"],"picked":"CutThroughFate","floor":13},{"not_picked":["MostiFishMod:Clarity","Protect","BowlingBash+1","Crescendo+1","Conclude"],"picked":"SKIP","floor":18},{"not_picked":["Crescendo","FlyingSleeves+1","Consecrate","Halt+1","Worship"],"picked":"SKIP","floor":21},{"not_picked":["Swivel+1","Prostrate","ThirdEye","Sanctity","MostiFishMod:KamiSmash"],"picked":"SKIP","floor":22},{"not_picked":["Replay:DivineShield","EmptyBody","AT_OneInchPunch","AT_DivineConfetti","FollowUp"],"picked":"SKIP","floor":23},{"not_picked":["ThirdEye","Replay:Hum","WreathOfFlame","PathToVictory"],"picked":"Consecrate+1","floor":25},{"not_picked":["ThirdEye","MostiFishMod:Speedup","Replay:ManipulateFuture","AT_DivineConfetti","Collect"],"picked":"SKIP","floor":27},{"not_picked":["DeceiveReality","Replay:BluntJabs","Crescendo","FollowUp","AT_ChampionStep+1"],"picked":"SKIP","floor":29},{"not_picked":["REME_CRH","Omniscience","MostiFishMod:StarHerder","MostiFishMod:Dust"],"picked":"MasterReality","floor":33},{"not_picked":["Consecrate","REME_Repentance+1","Indignation","Protect+1","Swivel"],"picked":"SKIP","floor":35},{"not_picked":["Protect+1","FollowUp","REME_MusicOfDeath+1","ThirdEye+1","Evaluate+1"],"picked":"SKIP","floor":39},{"not_picked":["FlyingSleeves+1","Halt","ThirdEye","CutThroughFate+1","Consecrate+1"],"picked":"SKIP","floor":41},{"not_picked":["ThirdEye","ReachHeaven","FlyingSleeves","Protect+1"],"picked":"Judgement","floor":45},{"not_picked":["AT_RealFormLess+1","Crescendo+1","Replay:Battleflow","ThirdEye","Replay:DivineShield+1"],"picked":"SKIP","floor":46},{"not_picked":["CrushJoints","BowlingBash","EmptyMind","ReachHeaven+1"],"picked":"Nirvana+1","floor":48}],"player_experience":1392821,"relics_obtained":[{"floor":1,"key":"SynthV:TestCard"},{"floor":4,"key":"AT_TheCollector"},{"floor":7,"key":"AT_SilverBalance"},{"floor":9,"key":"Dota2Spire:Dagon"},{"floor":13,"key":"Odd Mushroom"},{"floor":23,"key":"Ancient Tea Set"},{"floor":25,"key":"MawBank"},{"floor":26,"key":"reliquary:TatteredRug"},{"floor":37,"key":"Replay:Bandana"}],"event_choices":[{"damage_healed":0,"gold_gain":0,"player_choice":"Ignored","damage_taken":0,"max_hp_gain":0,"max_hp_loss":0,"event_name":"Liars Game","floor":11,"gold_loss":0},{"damage_healed":0,"gold_gain":0,"player_choice":"Fought Mushrooms","damage_taken":0,"max_hp_gain":0,"max_hp_loss":0,"event_name":"Mushrooms","floor":13,"gold_loss":0},{"cards_removed":["Vigilance"],"damage_healed":0,"gold_gain":0,"player_choice":"Card Removal","damage_taken":7,"max_hp_gain":0,"max_hp_loss":0,"event_name":"Golden Wing","floor":14,"gold_loss":0},{"damage_healed":0,"gold_gain":75,"player_choice":"Touch","damage_taken":7,"max_hp_gain":0,"max_hp_loss":0,"event_name":"FaceTrader","floor":19,"gold_loss":0},{"damage_healed":0,"gold_gain":0,"player_choice":"Bought 0 Potions","damage_taken":0,"max_hp_gain":0,"max_hp_loss":0,"event_name":"The Woman in Blue","floor":31,"gold_loss":0},{"damage_healed":0,"gold_gain":0,"player_choice":"Paid","damage_taken":0,"relics_obtained":["Red Mask"],"max_hp_gain":0,"max_hp_loss":0,"event_name":"Tomb of Lord Red Mask","floor":47,"gold_loss":364}],"is_beta":false,"boss_relics":[{"not_picked":["VioletLotus","Snecko Eye"],"picked":"SlaversCollar"},{"not_picked":["TimeKeys","Replay:Ancient Bell"],"picked":"PlaceholderMod:LiveLive"}],"items_purged_floors":[5,20,20,28,30,36,42],"is_endless":false,"potions_floor_spawned":[2,10,16,23,25,27,29,37,45,48],"ascension_level":1}}