{"host":"dhll7b7hq7ve41q9","time":1612158527,"event":{"mods":["Act Like it!","Aspiration","BaseMod","BetterRewards","Conspire","Curses Come First","Custom Start","Downfall","Duelist Mod","Friendly Minions","Gensokyo","Hubris","Infinite Spire","Mimic Mod","Minty Spire (QoL Compilation)","Relic Sorter","Replay The Spire","Spikes Relics","StSLib","The Jungle"],"gold_per_floor":[109,124,136,151,39,39,72,72,72,72,105,120,68,143,143,239,239,284,284,284,324,343,343,343],"floor_reached":23,"language":"ENG","playtime":2361,"items_purged":["Strike_P"],"score":201,"play_id":"c5b13952-53bb-44d3-8e1f-8dc0e2ae913d","local_time":"20210131224847","is_ascension_mode":false,"campfire_choices":[{"floor":6,"key":"RECALL"},{"floor":8,"key":"REST"},{"floor":15,"key":"REST"}],"circlet_count":0,"master_deck":["Strike_P","Strike_P","Strike_P","Defend_P","Defend_P","Defend_P","Defend_P","Eruption","Vigilance","CutThroughFate","WindmillStrike","JustLucky","SandsOfTime","Wish","Meditate","Replay:ManipulateFuture","Halt","Judgement","Adaptation+1","Slimebound:CheckThePlaybook","downfall:Icky","Worship","Adaptation"],"relics":["PureWater","hubris:Icosahedron","conspire:RunicOctahedron","aspiration:Nostalgia","Burning Blood","SpikesRelics:DaevaFist","hubris:Towel","RoseTintedShades"],"acts_visited":["Exordium","TheCity"],"potions_floor_usage":[7,16,18,22,22,23],"damage_taken":[{"damage":3,"enemies":"Jaw Worm","floor":1,"turns":5},{"damage":1,"enemies":"conspire:RoseBush","floor":2,"turns":3},{"damage":2,"enemies":"Small Slimes","floor":3,"turns":4},{"damage":9,"enemies":"conspire:2 RoseBushes","floor":4,"turns":4},{"damage":40,"enemies":"Lagavulin","floor":7,"turns":11},{"damage":10,"enemies":"Replay:BlueRogue","floor":11,"turns":5},{"damage":6,"enemies":"2 Fungi Beasts","floor":12,"turns":5},{"damage":48,"enemies":"Fading Forest","floor":16,"turns":11},{"damage":6,"enemies":"Chosen","floor":18,"turns":4},{"damage":14,"enemies":"conspire:FuzzyDice","floor":21,"turns":6},{"damage":18,"enemies":"3 Cultists","floor":22,"turns":5},{"damage":55,"enemies":"Nightmare","floor":23,"turns":6}],"seed_played":"-373481101612402258","potions_obtained":[{"floor":1,"key":"Milkshake"},{"floor":4,"key":"DistilledChaos"},{"floor":11,"key":"DistilledChaos"},{"floor":16,"key":"Explosive Potion"},{"floor":21,"key":"LiquidMemories"}],"is_trial":false,"path_per_floor":["M","M","M","M","$","R","E","R","T","?","E","M","$","?","R","B",null,"M","?","?","M","M","NM"],"character_chosen":"WATCHER","items_purchased":["SandsOfTime","Halt"],"campfire_rested":2,"item_purchase_floors":[5,13],"current_hp_per_floor":[72,72,72,69,69,69,35,56,56,56,52,52,52,41,62,32,72,72,72,72,64,52,0,0],"gold":343,"neow_bonus":"NOSTALGIA","is_daily":false,"chose_seed":false,"campfire_upgraded":0,"win_rate":0.0,"timestamp":1612158527,"path_taken":["M","M","M","M","$","R","E","R","T","?","E","M","$","?","R","BOSS","M","?","?","M","M","NM"],"items_purchased_type":["Card","Card"],"build_version":"2020-12-22","purchased_purges":1,"victory":false,"max_hp_per_floor":[72,72,72,72,72,72,72,72,72,72,72,72,72,72,72,72,72,72,72,72,72,72,72,72],"card_choices":[{"not_picked":["Replay:AtTheReady","Protect"],"picked":"CutThroughFate","floor":1},{"not_picked":["Collect","Halt"],"picked":"WindmillStrike","floor":2},{"not_picked":["FearNoEvil","Evaluate","FlurryOfBlows"],"picked":"SKIP","floor":3},{"not_picked":["Replay:ManipulateFuture","SignatureMove"],"picked":"JustLucky","floor":4},{"not_picked":["TalkToTheHand","FollowUp"],"picked":"Wish","floor":7},{"not_picked":["Replay:Anticipation","Evaluate"],"picked":"Meditate","floor":11},{"not_picked":["Replay:Anticipation","Fasting2"],"picked":"Replay:ManipulateFuture","floor":12},{"not_picked":["DeusExMachina","Vault"],"picked":"Judgement","floor":16},{"not_picked":["Perseverance","Prostrate"],"picked":"Adaptation+1","floor":18},{"not_picked":["Replay:Vibes","FollowUp"],"picked":"Worship","floor":21},{"not_picked":["Crescendo","FollowUp"],"picked":"Adaptation","floor":22}],"player_experience":566370,"relics_obtained":[{"floor":7,"key":"SpikesRelics:DaevaFist"},{"floor":11,"key":"RoseTintedShades"}],"event_choices":[{"damage_healed":0,"gold_gain":75,"player_choice":"Gather Gold","damage_taken":11,"max_hp_gain":0,"max_hp_loss":0,"event_name":"World of Goop","floor":14,"gold_loss":0}],"is_beta":false,"boss_relics":[{"not_picked":["hubris:CrackedHourglass","Cursed Key"],"picked":"conspire:RunicOctahedron"}],"items_purged_floors":[5],"is_endless":false,"potions_floor_spawned":[1,4,11,16,21],"killed_by":"Nightmare","ascension_level":0}}