{"host":"Tuck","time":1612177806,"event":{"mods":["BaseMod","Minty Spire (QoL Compilation)","StSLib"],"gold_per_floor":[117,117,132,144,44,77,27,59,139,173,173,186,186,200,200,301,301,313,313,109,34,45,77,77,107,134,160,170,199,212,212,212,313,313,332,332,168,218,218,252,262,282,282,314,346,371,401,447,459,471,483,495,51,81,81],"floor_reached":56,"language":"ENG","playtime":3526,"items_purged":["Strike_R","Strike_R","Defend_R"],"score":1723,"play_id":"2486a58e-2467-4db4-8e38-4bcd3a83afd2","local_time":"20210201041006","is_ascension_mode":true,"campfire_choices":[{"data":"Strike_R","floor":13,"key":"PURGE"},{"data":"Strike_R","floor":15,"key":"PURGE"},{"data":"Defend_R","floor":24,"key":"PURGE"},{"data":"Defend_R","floor":32,"key":"PURGE"},{"floor":49,"key":"REST"},{"floor":52,"key":"REST"}],"circlet_count":0,"master_deck":["Bash","Dropkick","Thunderclap","Dropkick","True Grit+1","Sentinel+1","Feed","Pommel Strike+1","Necronomicurse","Evolve","Shrug It Off+1","Dropkick","Warcry+1","Uppercut","Burning Pact+1","Dark Embrace+1","Havoc+1","Feel No Pain","Rage+1","Feel No Pain+1","Shrug It Off+1","Battle Trance","Pommel Strike","Devotion"],"relics":["Philosopher\u0027s Stone","Peace Pipe","Lantern","Smiling Mask","The Courier","Nunchaku","Fusion Hammer","Necronomicon","Art of War","MealTicket","Pantograph","War Paint","PreservedInsect","Strawberry","Blood Vial","Mark of Pain","Shuriken","Omamori","Gambling Chip","Ornamental Fan","Pen Nib","MawBank","Potion Belt","PrismaticShard","Red Skull","Toy Ornithopter","CaptainsWheel"],"acts_visited":["Exordium","TheCity","TheBeyond","TheEnding"],"potions_floor_usage":[10,10,10,55,55],"damage_taken":[{"damage":0,"enemies":"2 Louse","floor":1,"turns":3},{"damage":0,"enemies":"Cultist","floor":3,"turns":2},{"damage":0,"enemies":"Small Slimes","floor":4,"turns":2},{"damage":30,"enemies":"3 Sentries","floor":6,"turns":9},{"damage":18,"enemies":"Lagavulin","floor":8,"turns":5},{"damage":11,"enemies":"3 Sentries","floor":10,"turns":13},{"damage":6,"enemies":"Blue Slaver","floor":12,"turns":3},{"damage":0,"enemies":"Large Slime","floor":14,"turns":5},{"damage":47,"enemies":"Slime Boss","floor":16,"turns":10},{"damage":0,"enemies":"2 Thieves","floor":18,"turns":4},{"damage":0,"enemies":"Chosen","floor":22,"turns":4},{"damage":0,"enemies":"Slavers","floor":23,"turns":4},{"damage":6,"enemies":"Book of Stabbing","floor":25,"turns":3},{"damage":0,"enemies":"Slavers","floor":27,"turns":3},{"damage":0,"enemies":"3 Cultists","floor":28,"turns":3},{"damage":0,"enemies":"Gremlin Leader","floor":29,"turns":4},{"damage":12,"enemies":"Snake Plant","floor":30,"turns":3},{"damage":5,"enemies":"Champ","floor":33,"turns":5},{"damage":3,"enemies":"3 Darklings","floor":35,"turns":2},{"damage":0,"enemies":"Mind Bloom Boss Battle","floor":38,"turns":4},{"damage":0,"enemies":"Giant Head","floor":40,"turns":2},{"damage":0,"enemies":"Orb Walker","floor":41,"turns":2},{"damage":3,"enemies":"Writhing Mass","floor":42,"turns":3},{"damage":0,"enemies":"Reptomancer","floor":44,"turns":2},{"damage":0,"enemies":"Spire Growth","floor":45,"turns":2},{"damage":0,"enemies":"4 Shapes","floor":46,"turns":1},{"damage":0,"enemies":"Jaw Worm Horde","floor":47,"turns":2},{"damage":0,"enemies":"Giant Head","floor":48,"turns":3},{"damage":0,"enemies":"Awakened One","floor":50,"turns":3},{"damage":16,"enemies":"Shield and Spear","floor":54,"turns":3},{"damage":6,"enemies":"The Heart","floor":55,"turns":6}],"seed_played":"-934883378621621401","potions_obtained":[{"floor":4,"key":"DuplicationPotion"},{"floor":8,"key":"Block Potion"},{"floor":14,"key":"SneckoOil"},{"floor":25,"key":"Weak Potion"},{"floor":41,"key":"BloodPotion"},{"floor":44,"key":"LiquidMemories"},{"floor":54,"key":"DistilledChaos"}],"is_trial":false,"path_per_floor":["M","?","M","M","$","E","?","E","T","E","?","M","R","M","R","B",null,"M","?","$","?","M","E","R","E","T","E","M","E","M","?","R","B",null,"M","?","$","?","?","E","M","M","T","E","M","M","M","E","R","B",null,"R","$","E","B",null],"character_chosen":"IRONCLAD","items_purchased":["Thunderclap","Evolve","Art of War","Feel No Pain","Shuriken","Omamori","Gambling Chip","Battle Trance","Pommel Strike","PrismaticShard","Red Skull","Toy Ornithopter"],"campfire_rested":2,"item_purchase_floors":[5,20,20,37,37,37,37,53,53,53,53,53],"current_hp_per_floor":[80,73,73,73,73,43,43,25,25,68,68,62,62,62,62,15,80,83,67,67,67,70,73,73,70,70,73,76,86,77,77,77,99,111,108,105,105,105,105,105,108,108,108,113,117,120,123,126,126,129,129,129,129,116,131],"gold":81,"neow_bonus":"BOSS_RELIC","is_daily":false,"chose_seed":false,"campfire_upgraded":0,"win_rate":0.0,"timestamp":1612177806,"path_taken":["M","?","M","M","$","E","?","E","T","E","?","M","R","?","R","BOSS","M","?","$","?","M","E","R","E","T","E","M","E","M","?","R","BOSS","M","?","$","?","?","E","M","M","T","E","M","M","M","E","R","BOSS","R","$","E","BOSS"],"items_purchased_type":["Card","Card","Relic","Card","Relic","Relic","Relic","Card","Card","Relic","Relic","Relic"],"build_version":"2020-12-18","purchased_purges":3,"victory":true,"max_hp_per_floor":[80,80,80,80,80,80,80,80,80,80,80,80,80,80,80,80,80,83,83,83,83,86,89,89,92,92,95,98,108,111,111,111,111,111,111,105,105,105,105,105,108,111,111,114,117,120,123,126,126,129,129,129,129,132,132],"card_choices":[{"not_picked":["Twin Strike","Thunderclap"],"picked":"Dropkick","floor":1},{"not_picked":["Wild Strike","Intimidate","Searing Blow"],"picked":"SKIP","floor":3},{"not_picked":["Rupture","Clash","Iron Wave"],"picked":"SKIP","floor":4},{"not_picked":["Feel No Pain","Searing Blow"],"picked":"Dropkick","floor":6},{"not_picked":["Second Wind","Evolve"],"picked":"True Grit","floor":8},{"not_picked":["Metallicize","True Grit"],"picked":"Sentinel","floor":10},{"not_picked":["Rupture","Limit Break","Fire Breathing"],"picked":"SKIP","floor":12},{"not_picked":["Bloodletting","Iron Wave","Heavy Blade"],"picked":"SKIP","floor":14},{"not_picked":["Juggernaut","Reaper"],"picked":"Feed","floor":16},{"not_picked":["Uppercut","Havoc"],"picked":"Pommel Strike+1","floor":18},{"not_picked":["Anger","Thunderclap"],"picked":"Shrug It Off","floor":22},{"not_picked":["Juggernaut","Twin Strike"],"picked":"Warcry+1","floor":23},{"not_picked":["Clash","Reckless Charge+1"],"picked":"Dropkick","floor":25},{"not_picked":["Dual Wield","Pummel"],"picked":"Warcry+1","floor":27},{"not_picked":["Infernal Blade","Fire Breathing","Entrench"],"picked":"SKIP","floor":28},{"not_picked":["Perfected Strike","Ghostly Armor","Havoc"],"picked":"SKIP","floor":29},{"not_picked":["Perfected Strike","Ghostly Armor","Havoc"],"picked":"SKIP","floor":29},{"not_picked":["Pommel Strike","Clothesline"],"picked":"Uppercut","floor":30},{"not_picked":["Sword Boomerang","Whirlwind"],"picked":"Havoc+1","floor":35},{"not_picked":["Body Slam","Headbutt+1","Carnage+1"],"picked":"SKIP","floor":40},{"not_picked":["Headbutt","Sword Boomerang","Second Wind+1"],"picked":"SKIP","floor":41},{"not_picked":["Infernal Blade+1","Barricade","Heavy Blade"],"picked":"SKIP","floor":42},{"not_picked":["Carnage","Inflame"],"picked":"Feel No Pain+1","floor":44},{"not_picked":["Ghostly Armor+1","Headbutt","Iron Wave"],"picked":"SKIP","floor":45},{"not_picked":["Twin Strike","Flex","Sword Boomerang"],"picked":"SKIP","floor":46},{"not_picked":["Sword Boomerang","Headbutt"],"picked":"Shrug It Off+1","floor":47},{"not_picked":["Hemokinesis+1","Flex+1","Ghostly Armor+1"],"picked":"SKIP","floor":48},{"not_picked":["Tempest","Consecrate"],"picked":"Devotion","floor":54}],"player_experience":2336428,"relics_obtained":[{"floor":6,"key":"Lantern"},{"floor":8,"key":"Smiling Mask"},{"floor":9,"key":"The Courier"},{"floor":10,"key":"Nunchaku"},{"floor":19,"key":"Necronomicon"},{"floor":23,"key":"MealTicket"},{"floor":25,"key":"Pantograph"},{"floor":26,"key":"War Paint"},{"floor":27,"key":"PreservedInsect"},{"floor":29,"key":"Strawberry"},{"floor":43,"key":"Pen Nib"},{"floor":44,"key":"MawBank"},{"floor":48,"key":"Potion Belt"},{"floor":54,"key":"CaptainsWheel"}],"event_choices":[{"damage_healed":0,"gold_gain":0,"player_choice":"Success","damage_taken":7,"relics_obtained":["Peace Pipe"],"max_hp_gain":0,"max_hp_loss":0,"event_name":"Scrap Ooze","floor":2,"gold_loss":0},{"cards_removed":["Strike_R"],"damage_healed":0,"gold_gain":0,"player_choice":"Card Removal","damage_taken":0,"max_hp_gain":0,"max_hp_loss":0,"event_name":"The Cleric","floor":7,"gold_loss":50},{"damage_healed":0,"gold_gain":0,"player_choice":"Upgraded","damage_taken":0,"max_hp_gain":0,"max_hp_loss":0,"event_name":"Upgrade Shrine","floor":11,"gold_loss":0,"cards_upgraded":["True Grit"]},{"damage_healed":0,"gold_gain":0,"player_choice":"Obtained Book","damage_taken":16,"max_hp_gain":0,"max_hp_loss":0,"event_name":"Cursed Tome","floor":19,"gold_loss":0},{"cards_removed":["Defend_R"],"damage_healed":0,"gold_gain":0,"player_choice":"Gave Gold","damage_taken":0,"max_hp_gain":0,"max_hp_loss":0,"event_name":"Beggar","floor":21,"gold_loss":75},{"damage_healed":0,"gold_gain":0,"player_choice":"Opened","damage_taken":0,"relics_obtained":["Blood Vial"],"max_hp_gain":0,"max_hp_loss":0,"event_name":"The Mausoleum","floor":31,"gold_loss":0},{"damage_healed":0,"gold_gain":0,"player_choice":"Max HP","damage_taken":0,"max_hp_gain":0,"max_hp_loss":6,"event_name":"Winding Halls","floor":36,"gold_loss":0},{"damage_healed":0,"gold_gain":0,"player_choice":"Fight","damage_taken":0,"max_hp_gain":0,"max_hp_loss":0,"event_name":"MindBloom","floor":38,"gold_loss":0},{"cards_removed":["Warcry"],"damage_healed":0,"gold_gain":0,"player_choice":"Removed Skill","damage_taken":0,"max_hp_gain":0,"max_hp_loss":0,"event_name":"Falling","floor":39,"gold_loss":0}],"is_beta":true,"boss_relics":[{"not_picked":["Empty Cage","Black Star"],"picked":"Fusion Hammer"},{"not_picked":["Tiny House","SacredBark"],"picked":"Mark of Pain"}],"items_purged_floors":[5,20,37],"is_endless":false,"potions_floor_spawned":[4,8,14,25,27,28,30,41,44,45,46,54],"ascension_level":1}}