{"host":"b5fatnnekk5nir4z","time":1612193964,"event":{"mods":["Act Like it!","Aspiration","BaseMod","Better Match","Better Note","Better Sensory Stone","Better Skull","Better Third Choice","Better Vampires","Colored Powertips","Conspire","Downfall","Energized Spire","GifTheSpireLib","Gremlin Skip","Halation","Hubris","Infinite Spire","Marisa（F雨　魔理沙）","Mimic Mod","Minty Spire (QoL Compilation)","Pale of the Ancients","Permanent Neow","Reliquary","Replay The Spire","RumiaBox-露米娅的神秘盒子","Shop Mod","Spikes Relics","StSLib","Stuff the Spire","Trackpad"],"gold_per_floor":[0,15,15,15,28,43,70,70,70,70,80,65,83,83,83,103,114,209,209,209,226,237,237,237,253,253,253,266,284,304,318,318,418,436,532,532,532,532,532],"floor_reached":37,"language":"ZHS","playtime":1969,"items_purged":[],"score":465,"play_id":"2b2feaca-7408-447c-ba3a-f24d4fcbb48a","local_time":"20210201233924","is_ascension_mode":false,"campfire_choices":[{"data":"hexamod:Rewind","floor":14.0,"key":"SMITH"},{"floor":20.0,"key":"DIG"},{"floor":32,"key":"RECALL"}],"circlet_count":0,"master_deck":["hexamod:Strike","hexamod:Strike","hexamod:Strike+1","hexamod:Defend","hexamod:Defend","hexamod:Defend","hexamod:Sear","hexamod:Float","hexamod:ShieldOfDarkness","hexamod:EmpoweredFlame","hexamod:Rewind+1","hexamod:ThirdSeal","hexamod:SwordOfDarkness","StuffTheSpire:Innocence","hexamod:InspiringFlames","hexamod:AdvancingGuard","hexamod:SoulSteal","hexamod:FastForward","hexamod:HauntingEcho","hexamod:SuperheatedStrike+1","Discovery","Thinking Ahead","infinitespire:Collect","infinitespire:UltimateForm","hexamod:PhantomCloak","hexamod:FirstSeal","hexamod:SixthSeal","hexamod:HexaLevel","hexamod:HexaLevel"],"relics":["hexamod:SpiritBrand","MagicDraw2","halation:EternalFortune","trackpad:AdjectivePendant","Ring of Panic","Ring of Peace","conspire:SlowCooker","Lantern","halation:SelfBoilingWater","hubris:Stopwatch"],"acts_visited":["Exordium","TheCity","TheBeyond"],"potions_floor_usage":[34],"damage_taken":[{"damage":0.0,"enemies":"Small Slimes","floor":2.0,"turns":3.0},{"damage":0.0,"enemies":"Jaw Worm","floor":5.0,"turns":3.0},{"damage":0.0,"enemies":"2 Louse","floor":6.0,"turns":3.0},{"damage":1.0,"enemies":"2 Fungi Beasts","floor":11.0,"turns":3.0},{"damage":0.0,"enemies":"downfall:FleeingMerchant","floor":12.0,"turns":4.0},{"damage":0.0,"enemies":"Blue Slaver","floor":13.0,"turns":4.0},{"damage":0.0,"enemies":"Exordium Thugs","floor":16.0,"turns":5.0},{"damage":0.0,"enemies":"Red Slaver","floor":17.0,"turns":4.0},{"damage":0.0,"enemies":"IC_STATUS_ARCHETYPE","floor":18.0,"turns":7.0},{"damage":0.0,"enemies":"Shell Parasite","floor":21.0,"turns":5.0},{"damage":0.0,"enemies":"Chosen","floor":22.0,"turns":6.0},{"damage":0.0,"enemies":"Snake Plant","floor":25.0,"turns":6.0},{"damage":0.0,"enemies":"Snecko","floor":26.0,"turns":7.0},{"damage":0,"enemies":"Snecko","floor":28,"turns":4},{"damage":10,"enemies":"Centurion and Healer","floor":29,"turns":8},{"damage":0,"enemies":"Snake Plant","floor":30,"turns":4},{"damage":0,"enemies":"Shelled Parasite and Fungi","floor":31,"turns":6},{"damage":0,"enemies":"3 Cultists","floor":34,"turns":5},{"damage":0,"enemies":"WA_ARCHETYPE_CALM","floor":35,"turns":8}],"seed_played":"6248419008303983181","potions_obtained":[{"floor":2.0,"key":"Strength Potion"},{"floor":16.0,"key":"Fire Potion"},{"floor":17.0,"key":"Explosive Potion"},{"floor":18.0,"key":"Elixir"},{"floor":31,"key":"DistilledChaos"},{"floor":34,"key":"hexamod:EctoCoolerPotion"}],"is_trial":false,"path_per_floor":["R","M","?","?","M","M","T","PTL","PTL","?","M","$","M","R","?","M","M","B",null,"R","M","M","?","?","M","MIM","AVR","M","M","M","M","R","?","M","B",null,"R"],"character_chosen":"THE_SPIRIT","items_purchased":[],"campfire_rested":0,"item_purchase_floors":[],"current_hp_per_floor":[70,70,73,78,78,78,78,78,78,71,70,70,70,70,70,70,70,70,78,78,78,78,78,78,78,78,78,78,68,68,68,68,68,68,75,78,78,78,78],"gold":532,"neow_bonus":"TRANSFORM_TWO_CARDS","is_daily":false,"chose_seed":false,"campfire_upgraded":1,"win_rate":0.0,"timestamp":1612193964,"path_taken":["R","M","?","?","M","M","T","PTL","PTL","?","M","$","M","R","?","M","M","BOSS","R","M","M","?","?","M","MIM","AVR","M","M","M","M","R","?","M","BOSS","R"],"items_purchased_type":[],"build_version":"2020-12-22","purchased_purges":0,"victory":false,"max_hp_per_floor":[70,70,73,78,78,78,78,78,78,78,78,78,78,78,78,78,78,78,78,78,78,78,78,78,78,78,78,78,78,78,78,78,78,78,78,78,78,78,78],"card_choices":[{"not_picked":["hexamod:ChargedBarrage","hexamod:NightmareStrike"],"picked":"hexamod:Rewind","floor":2.0},{"not_picked":["hexamod:HeatMetal","hexamod:GhostflameBarrier"],"picked":"hexamod:ThirdSeal","floor":5.0},{"not_picked":["hexamod:FastForward","hexamod:HeatMetal"],"picked":"hexamod:SwordOfDarkness","floor":6.0},{"not_picked":["hexamod:NecessarySacrifice","hexamod:GhostOfSpirePast","hexamod:Again"],"picked":"SKIP","floor":6.0},{"not_picked":["hexamod:FastForward","hexamod:BurningTouch"],"picked":"hexamod:InspiringFlames","floor":11.0},{"not_picked":["hexamod:VolcanoVisage","hexamod:SuperheatedStrike"],"picked":"hexamod:AdvancingGuard","floor":11.0},{"not_picked":["hexamod:SpectersWail","hexamod:ThermalTransfer","hexamod:Hexaguard"],"picked":"SKIP","floor":12.0},{"not_picked":["hexamod:EtherealExpedition","hexamod:RadiantFlame","hexamod:SwordOfDarkness"],"picked":"SKIP","floor":12.0},{"not_picked":["hexamod:Again","hexamod:GhostOfSpireFuture"],"picked":"hexamod:SoulSteal","floor":13.0},{"not_picked":["hexamod:GhostShield","hexamod:FlamesFromBeyond","hexamod:SuperheatedStrike"],"picked":"SKIP","floor":13.0},{"not_picked":["hexamod:FlamesFromBeyond","hexamod:InspiringFlames"],"picked":"hexamod:FastForward","floor":16.0},{"not_picked":["hexamod:NightmareGuise","hexamod:GhostShield","hexamod:SpectersWail"],"picked":"SKIP","floor":16.0},{"not_picked":["hexamod:HeatMetal","hexamod:Firestarter"],"picked":"hexamod:HauntingEcho","floor":17.0},{"not_picked":["hexamod:BurningTouch","hexamod:CatchUp","hexamod:Hexaguard"],"picked":"SKIP","floor":17.0},{"not_picked":["hexamod:FlamesFromBeyond","hexamod:NightmareStrike","hexamod:StepThrough+1"],"picked":"SKIP","floor":21.0},{"not_picked":["hexamod:DynamicBlow","hexamod:RetreatToShadows+1","hexamod:ShieldOfDarkness"],"picked":"SKIP","floor":21.0},{"not_picked":["hexamod:FlamesFromBeyond+1","hexamod:ThirdSeal"],"picked":"hexamod:SuperheatedStrike+1","floor":22.0},{"not_picked":["Reforge","Replay:Sssssssssstrike"],"picked":"Discovery","floor":24.0},{"not_picked":["Dramatic Entrance","Forethought"],"picked":"Thinking Ahead","floor":24.0},{"not_picked":["hexamod:GhostOfSpireFuture","hexamod:ThirdSeal","hexamod:SwordOfDarkness+1"],"picked":"SKIP","floor":25.0},{"not_picked":["hexamod:AdvancingGuard+1","hexamod:Incineration+1","hexamod:HeatMetal"],"picked":"SKIP","floor":25.0},{"not_picked":["hexamod:AdvancingGuard","hexamod:SwordOfDarkness+1","hexamod:InspiringFlames+1"],"picked":"SKIP","floor":28},{"not_picked":["hexamod:GhostOfSpireFuture+1","hexamod:UnleashSpirits","hexamod:FastForward"],"picked":"SKIP","floor":28},{"not_picked":["hexamod:NightmareGuise","hexamod:ThermalTransfer+1","hexamod:SpectralSpark"],"picked":"SKIP","floor":29},{"not_picked":["hexamod:ThermalTransfer","hexamod:GhostLash","hexamod:RetreatToShadows"],"picked":"SKIP","floor":29},{"not_picked":["hexamod:FlamesFromBeyond+1","hexamod:NightmareStrike"],"picked":"hexamod:PhantomCloak","floor":30},{"not_picked":["hexamod:DynamicBlow+1","hexamod:GhostLash+1","hexamod:RainOfEmbers"],"picked":"SKIP","floor":30},{"not_picked":["hexamod:GhostflameBarrier","hexamod:ThermalTransfer","hexamod:StepThrough"],"picked":"SKIP","floor":31},{"not_picked":["hexamod:Firestarter","hexamod:RainOfEmbers"],"picked":"hexamod:FirstSeal","floor":34},{"not_picked":["hexamod:InspiringFlames","hexamod:NightmareGuise"],"picked":"hexamod:SixthSeal","floor":34},{"not_picked":["hexamod:ParanormalForm","hexamod:ForkedFlame"],"picked":"hexamod:HexaLevel","floor":35},{"not_picked":["hexamod:GiftsFromTheDead","hexamod:UnleashSpirits"],"picked":"hexamod:HexaLevel","floor":35}],"player_experience":23639,"relics_obtained":[{"floor":1.0,"key":"MagicDraw2"},{"floor":7.0,"key":"trackpad:AdjectivePendant"},{"floor":15.0,"key":"Ring of Panic"},{"floor":15.0,"key":"Ring of Peace"},{"floor":20.0,"key":"Lantern"}],"event_choices":[{"damage_healed":0.0,"max_hp_gain":5.0,"max_hp_loss":0.0,"gold_gain":0.0,"event_name":"Big Fish","player_choice":"Donut","floor":4.0,"gold_loss":0.0,"damage_taken":0.0},{"damage_healed":0.0,"max_hp_gain":0.0,"max_hp_loss":0.0,"gold_gain":0.0,"event_name":"betterNote:BetterNote","player_choice":"Ignored","floor":23.0,"gold_loss":0.0,"damage_taken":0.0,"cards_obtained":["SprinkleStarSeal"]},{"damage_healed":0.0,"max_hp_gain":0.0,"max_hp_loss":0.0,"gold_gain":2.0,"event_name":"betterStone:BetterStone","player_choice":"1","floor":24.0,"gold_loss":0.0,"damage_taken":0.0}],"is_beta":false,"boss_relics":[{"not_picked":["energizedSpire:HugeHouse","bronze:MakeshiftBattery"],"picked":"conspire:SlowCooker"},{"not_picked":["Replay:Wanted Poster","StuffTheSpire:ModemDavis"],"picked":"hubris:Stopwatch"}],"items_purged_floors":[],"is_endless":false,"potions_floor_spawned":[2,16,17,18,21,25,31,34,35],"ascension_level":0}}