{"host":"knspyp6dy614fx6e","time":1612199234,"event":{"mods":["ATMod(°¢èªMod)","Aspiration","BaseMod","Better Altar","Better Skull","Better Third Choice","Card Filter","DeckTracker","Dota2Spire","Energized Spire","Jedi Mod","Minty Spire (QoL Compilation)","Quick Restart","Relic Filter Mod","Relic Stats","Reliquary","Shop Mod","Spicy Shops","StSLib","TestMod","Waifu the Spire","¡¾ÒÅÎï¿¨ÅÆ¡¿REMEMod"],"gold_per_floor":[112,122,136,154,165,165,190,190,190,190,365,365,376,56,56,157,157,174,190,206,219,7,37,37,71,71,71,71,71,71,81,81,185,185,203,203,221,241,91,117,117,151,221,71,87,98,98,98],"floor_reached":47,"language":"ZHS","playtime":2951,"items_purged":["Pride","Strike_P","LessonLearned","Alpha+1"],"score":743,"play_id":"44ca1cb2-552a-4946-987f-cdaadc84d63b","local_time":"20210202010714","is_ascension_mode":true,"campfire_choices":[{"data":"Eruption","floor":6.0,"key":"SMITH"},{"data":"AT_ChampionKick","floor":8.0,"key":"SMITH"},{"floor":10.0,"key":"REST"},{"data":"REME_Repentance","floor":15.0,"key":"SMITH"},{"data":"1","floor":28.0,"key":"LIFT"},{"data":"2","floor":30.0,"key":"LIFT"},{"floor":32.0,"key":"REST"},{"floor":41.0,"key":"REST"}],"circlet_count":0,"master_deck":["Eruption+1","Vigilance+1","AT_ChampionKick+1","CrushJoints+1","REME_Repentance+1","Evaluate","Perseverance+1","Wish","Adaptation+1","ClearTheMind","AT_ChampionStep+1","Prostrate","Omniscience","LessonLearned+1","Prostrate+1","Prostrate","Blasphemy","Conclude","AT_DivineConfetti","Devotion","REME_FirmDetermination","Prostrate","Wallop","LikeWater+1","Evaluate+1"],"relics":["PureWater","AT_ATBox","testmod-TestBox","REME_ComplimentaryCards","Lantern","Meat on the Bone","Dota2Spire:Mjollnir","Sundial","Runic Pyramid","Dota2Spire:Butterfly","Dota2Spire:ArcaneBoots","Meat on the Bone","Girya","aspiration:RitualStick","Pandora\u0027s Box","reliquary:JackalopeAntler","Akabeko"],"acts_visited":["Exordium","TheCity","TheBeyond"],"potions_floor_usage":[46],"damage_taken":[{"damage":0.0,"enemies":"Jaw Worm","floor":1.0,"turns":3.0},{"damage":0.0,"enemies":"2 Louse","floor":2.0,"turns":3.0},{"damage":5.0,"enemies":"Cultist","floor":3.0,"turns":4.0},{"damage":8.0,"enemies":"Red Slaver","floor":4.0,"turns":4.0},{"damage":13.0,"enemies":"Looter","floor":5.0,"turns":4.0},{"damage":15.0,"enemies":"3 Sentries","floor":7.0,"turns":5.0},{"damage":11.0,"enemies":"Blue Slaver","floor":13.0,"turns":4.0},{"damage":22.0,"enemies":"Hexaghost","floor":16.0,"turns":9.0},{"damage":19.0,"enemies":"Shell Parasite","floor":18.0,"turns":6.0},{"damage":22.0,"enemies":"3 Byrds","floor":19.0,"turns":4.0},{"damage":14.0,"enemies":"Cultist and Chosen","floor":20.0,"turns":3.0},{"damage":17.0,"enemies":"Snecko","floor":21.0,"turns":4.0},{"damage":6.0,"enemies":"REME_1_Revenger","floor":23.0,"turns":3.0},{"damage":4.0,"enemies":"Gremlin Leader","floor":25.0,"turns":3.0},{"damage":19.0,"enemies":"Snake Plant","floor":31.0,"turns":3.0},{"damage":21.0,"enemies":"Collector","floor":33.0,"turns":6.0},{"damage":20.0,"enemies":"3 Shapes","floor":35.0,"turns":3.0},{"damage":19.0,"enemies":"3 Darklings","floor":37.0,"turns":3.0},{"damage":12.0,"enemies":"Sphere and 2 Shapes","floor":38.0,"turns":2.0},{"damage":42.0,"enemies":"Reptomancer","floor":40.0,"turns":5.0},{"damage":8.0,"enemies":"Nemesis","floor":42.0,"turns":5.0},{"damage":2.0,"enemies":"4 Shapes","floor":45.0,"turns":2.0},{"damage":6,"enemies":"Transient","floor":46,"turns":5},{"damage":100029,"enemies":"2 Orb Walkers","floor":47,"turns":3}],"seed_played":"1655365027087903475","potions_obtained":[{"floor":1.0,"key":"Explosive Potion"},{"floor":2.0,"key":"ColorlessPotion"},{"floor":4.0,"key":"Dexterity Potion"},{"floor":13.0,"key":"BlessingOfTheForge"},{"floor":18.0,"key":"Energy Potion"},{"floor":19.0,"key":"Dota2Spire:HealingSalve"},{"floor":23.0,"key":"Ambrosia"},{"floor":31.0,"key":"Dota2Spire:HealingSalve"},{"floor":38.0,"key":"Regen Potion"},{"floor":42.0,"key":"PowerPotion"},{"floor":46,"key":"PowerPotion"}],"is_trial":false,"path_per_floor":["M","M","M","M","M","R","E","R","T","R","?","?","M","$","R","B",null,"M","M","M","M","$","E","$","E","T","?","R","$","R","M","R","B",null,"M","?","M","M","$","E","R","E","T","$","M","M","?"],"character_chosen":"WATCHER","items_purchased":["Dota2Spire:Mjollnir","Sundial","Dota2Spire:Butterfly","AT_ChampionStep","Prostrate"],"campfire_rested":3,"item_purchase_floors":[14,14,22,22,39],"current_hp_per_floor":[47,47,42,34,21,21,6,6,6,27,27,27,28,28,28,18,59,40,30,28,23,23,35,35,43,43,29,29,29,29,22,43,37,63,43,43,36,36,36,20,41,45,45,45,43,37,0,0],"gold":98,"neow_bonus":"THREE_RARE_CARDS","is_daily":false,"chose_seed":false,"campfire_upgraded":3,"win_rate":0.0,"timestamp":1612199234,"path_taken":["M","M","M","M","M","R","E","R","T","R","?","?","M","$","R","BOSS","BOSS","M","?","M","?","?","E","$","E","T","?","R","?","R","M","R","BOSS","M","?","?","M","$","E","R","E","T","$","M","?","?"],"items_purchased_type":["Relic","Relic","Relic","Card","Card"],"build_version":"2020-12-22","purchased_purges":4,"victory":false,"max_hp_per_floor":[72,72,72,72,72,72,72,72,72,72,72,72,72,72,72,72,72,72,72,72,72,72,72,72,72,72,72,72,72,72,72,72,72,72,72,72,72,72,72,72,72,72,72,72,72,72,72,72],"relic_stats":{"counters":[24,95],"Sundial":[6],"Pandora\u0027s Box":["LessonLearned","Prostrate","Prostrate","Blasphemy","Conclude","Alpha","AT_DivineConfetti"],"obtain_stats":[{"Girya":26,"Lantern":7,"AT_ATBox":0,"testmod-TestBox":0,"aspiration:RitualStick":27,"Akabeko":42,"reliquary:JackalopeAntler":40,"Dota2Spire:Butterfly":22,"Sundial":14,"Pandora\u0027s Box":34,"Dota2Spire:Mjollnir":14,"reliquary:SculptingSteel":25,"Dota2Spire:ArcaneBoots":23,"PureWater":0,"REME_ComplimentaryCards":0,"Meat on the Bone":9,"Runic Pyramid":17},{"Girya":14,"Lantern":6,"AT_ATBox":0,"testmod-TestBox":0,"aspiration:RitualStick":14,"Akabeko":21,"reliquary:JackalopeAntler":20,"Dota2Spire:Butterfly":12,"Sundial":7,"Pandora\u0027s Box":16,"Dota2Spire:Mjollnir":7,"reliquary:SculptingSteel":14,"Dota2Spire:ArcaneBoots":13,"PureWater":0,"REME_ComplimentaryCards":0,"Meat on the Bone":6,"Runic Pyramid":8},{"Girya":59,"Lantern":23,"AT_ATBox":0,"testmod-TestBox":0,"aspiration:RitualStick":59,"Akabeko":86,"reliquary:JackalopeAntler":81,"Dota2Spire:Butterfly":53,"Sundial":27,"Pandora\u0027s Box":68,"Dota2Spire:Mjollnir":27,"reliquary:SculptingSteel":59,"Dota2Spire:ArcaneBoots":56,"PureWater":0,"REME_ComplimentaryCards":0,"Meat on the Bone":23,"Runic Pyramid":36}],"aspiration:RitualStick":[8],"Meat on the Bone":144},"card_choices":[{"not_picked":["REME_WorshipGod","Omniscience"],"picked":"AT_ChampionKick","floor":0.0},{"not_picked":["Study","FlyingSleeves","WindmillStrike"],"picked":"SKIP","floor":1.0},{"not_picked":["WaveOfTheHand","Worship"],"picked":"CrushJoints","floor":2.0},{"not_picked":["FlurryOfBlows","EmptyFist"],"picked":"REME_Repentance","floor":3.0},{"not_picked":["FlurryOfBlows","Consecrate","AT_SoftenMuscles"],"picked":"SKIP","floor":4.0},{"not_picked":["JustLucky","Prostrate"],"picked":"Evaluate","floor":5.0},{"not_picked":["FollowUp","Conclude"],"picked":"Perseverance","floor":7.0},{"not_picked":["EmptyBody","Meditate"],"picked":"LessonLearned","floor":13.0},{"not_picked":["REME_WorshipGod","Brilliance"],"picked":"Wish","floor":16.0},{"not_picked":["Crescendo+1","SashWhip"],"picked":"Adaptation","floor":18.0},{"not_picked":["PathToVictory","Fasting2","Worship"],"picked":"SKIP","floor":19.0},{"not_picked":["EmptyBody","CrushJoints","Protect"],"picked":"SKIP","floor":20.0},{"not_picked":["CarveReality","AT_OneInchPunch"],"picked":"ClearTheMind","floor":21.0},{"not_picked":["Halt","SashWhip","ReachHeaven"],"picked":"SKIP","floor":23.0},{"not_picked":["Protect+1","EmptyMind","EmptyBody"],"picked":"SKIP","floor":25.0},{"not_picked":["Wireheading+1","ReachHeaven"],"picked":"Prostrate","floor":31.0},{"not_picked":["AT_MachinaRedman","AT_ChampionKick"],"picked":"Omniscience","floor":33.0},{"not_picked":["Protect","Nirvana","FlurryOfBlows"],"picked":"SKIP","floor":35.0},{"not_picked":["ThirdEye+1","Worship+1","FlurryOfBlows+1"],"picked":"SKIP","floor":37.0},{"not_picked":["SashWhip","ThirdEye+1","Halt"],"picked":"SKIP","floor":38.0},{"not_picked":["FlurryOfBlows","FearNoEvil"],"picked":"Wallop","floor":40.0},{"not_picked":["WaveOfTheHand+1","EmptyFist+1"],"picked":"LikeWater+1","floor":42.0},{"not_picked":["Protect+1","ThirdEye","REME_MusicOfDeath"],"picked":"SKIP","floor":45.0},{"not_picked":["Crescendo","Perseverance","Evaluate+1"],"picked":"SKIP","floor":46},{"not_picked":["Crescendo","Perseverance"],"picked":"Evaluate+1","floor":46}],"player_experience":294256,"relics_obtained":[{"floor":7.0,"key":"Lantern"},{"floor":9.0,"key":"Meat on the Bone"},{"floor":23.0,"key":"Dota2Spire:ArcaneBoots"},{"floor":25.0,"key":"reliquary:SculptingSteel"},{"floor":26.0,"key":"Girya"},{"floor":40.0,"key":"reliquary:JackalopeAntler"},{"floor":42.0,"key":"Akabeko"}],"event_choices":[{"damage_healed":0.0,"max_hp_gain":0.0,"max_hp_loss":0.0,"gold_gain":175.0,"event_name":"Liars Game","player_choice":"AGREE","floor":11.0,"gold_loss":0.0,"damage_taken":0.0,"cards_obtained":["Doubt"]},{"cards_removed":["Doubt"],"damage_healed":0.0,"max_hp_gain":0.0,"max_hp_loss":0.0,"gold_gain":0.0,"event_name":"Purifier","player_choice":"Purged","floor":12.0,"gold_loss":0.0,"damage_taken":0.0},{"damage_healed":0.0,"max_hp_gain":0.0,"max_hp_loss":0.0,"gold_gain":0.0,"event_name":"Match and Keep!","player_choice":"2 cards matched","floor":36.0,"gold_loss":0.0,"damage_taken":0.0,"cards_obtained":["Devotion","REME_FirmDetermination"]},{"damage_healed":0,"gold_gain":0,"player_choice":"Fight","damage_taken":0,"max_hp_gain":0,"max_hp_loss":0,"event_name":"Mysterious Sphere","floor":47,"gold_loss":0}],"is_beta":false,"boss_relics":[{"not_picked":["aspiration:DefectSkillbook","REME_ChargedStone"],"picked":"Runic Pyramid"},{"not_picked":["aspiration:SecretTechniqueScroll","REME_LowDesire"],"picked":"Pandora\u0027s Box"}],"items_purged_floors":[14,22,39,44],"is_endless":false,"potions_floor_spawned":[1,2,4,13,18,19,23,31,38,42,46],"killed_by":"2 Orb Walkers","ascension_level":6}}