{"host":"dscols65uipasqd2","time":1612162918,"event":{"mods":["2.2 Compatiblity","AchievementEnabler","Aspiration","BaseMod","Colored Powertips","Downfall","Energized Spire","GifTheSpireLib","Hermit","Hubris","Infinite Spire","JesterMod","Jorbs\u0027s Wanderer Trilogy","Magitek Elite","Marisa????????","Minty Spire (QoL Compilation)","Rare Cards Sparkle","Replay The Spire","StSLib","Stuff the Spire","The Cursed","The Disciple","The Hierophant","The Judge","The Jungle","TheFirefly"],"gold_per_floor":[99,117,217,27,27,12,37,53,53,53,65,65,81,115,134,237,237,137,164,164,164,164,195,249,249,249,249],"floor_reached":25,"language":"ENG","playtime":1599,"items_purged":[],"score":228,"play_id":"b35bc8d8-2808-4122-8743-0ac527fd9078","local_time":"20210201020158","is_ascension_mode":true,"campfire_choices":[{"floor":1,"key":"RECALL"},{"data":"LockedBell","floor":18,"key":"SMITH"}],"circlet_count":0,"master_deck":["sneckomod:TailWhip","sneckomod:SnekBite+1","sneckomod:Unknown","sneckomod:QuickMove+1","sneckomod:UnknownCommonAttack+1","Injury","sneckomod:PureSnecko+1","sneckomod:UnknownX+1","Spreading Infection","sneckomod:UnknownDraw+1","LockedBell+1","sneckomod:UnknownClassTHE_CHAMP_GRAY+1","sneckomod:SoulExchange+1","sneckomod:UnknownClassTHE_BRONZE_AUTOMATON+1","sneckomod:UnknownBoss+1","sneckomod:UnknownClassWORDO_MOD_COLOR+1","sneckomod:QuickMove+1","sneckomod:UnknownClassPURPLE+1","sneckomod:DangerNoodle","sneckomod:UnknownRareSkill+1","sneckomod:UnknownClassJESTER_ORANGE+1","sneckomod:UnknownClassTHE_BRONZE_AUTOMATON+1","StuffTheSpire:Vigor","Pain","sneckomod:Unknown3Cost+1"],"relics":["sneckomod:SneckoSoul","Anchor","jesterMod:MirrorMask","Toxic Egg 2","StuffTheSpire:GrapeVine","Tintinnabulum","Pandora\u0027s Box","downfall:HeartBlessingRed","Oddly Smooth Stone"],"acts_visited":["Exordium","TheCity"],"potions_floor_usage":[14,19],"damage_taken":[{"damage":0,"enemies":"Small Slimes","floor":2,"turns":4},{"damage":0,"enemies":"downfall:FleeingMerchant","floor":4,"turns":4},{"damage":5,"enemies":"downfall:FleeingMerchant","floor":6,"turns":4},{"damage":0,"enemies":"2 Louse","floor":8,"turns":3},{"damage":1,"enemies":"Jaw Worm","floor":11,"turns":3},{"damage":14,"enemies":"Exordium Wildlife","floor":13,"turns":6},{"damage":64,"enemies":"Lagavulin","floor":14,"turns":6},{"damage":0,"enemies":"2 Fungi Beasts","floor":15,"turns":4},{"damage":33,"enemies":"IC_STATUS_ARCHETYPE","floor":16,"turns":7},{"damage":32,"enemies":"Shell Parasite","floor":19,"turns":7},{"damage":39,"enemies":"Book of Stabbing","floor":23,"turns":10},{"damage":29,"enemies":"Gremlin Leader","floor":25,"turns":1}],"seed_played":"5980853299494329542","potions_obtained":[{"floor":8,"key":"PowerPotion"},{"floor":15,"key":"SpeedPotion"},{"floor":16,"key":"AttackPotion"}],"is_trial":false,"path_per_floor":["R","M","?","$","?","$","T","M","?","?","M","R","M","E","M","B",null,"R","M","?","?","?","E","T","E"],"character_chosen":"THE_SNECKO","items_purchased":["jesterMod:MirrorMask"],"campfire_rested":0,"item_purchase_floors":[4],"current_hp_per_floor":[90,90,90,90,90,85,85,85,85,85,84,84,70,36,37,5,90,90,60,61,62,63,25,26,0,0,0],"gold":249,"neow_bonus":"RANDOM_COMMON_RELIC","is_daily":false,"chose_seed":false,"campfire_upgraded":1,"win_rate":0.0,"timestamp":1612162918,"path_taken":["R","M","?","$","?","?","T","?","?","?","M","R","?","E","M","BOSS","R","M","?","?","?","E","T","E"],"items_purchased_type":["Relic"],"build_version":"2020-12-22","purchased_purges":0,"victory":false,"max_hp_per_floor":[90,90,90,90,90,90,90,90,90,90,90,90,90,90,90,90,90,90,92,92,92,92,92,92,92,92,92],"card_choices":[{"not_picked":["sneckomod:TrashToTreasure","sneckomod:UnknownCommonSkill"],"picked":"sneckomod:QuickMove","floor":2},{"not_picked":["sneckomod:UnknownClassINFINITE_BLACK","sneckomod:Nope"],"picked":"sneckomod:UnknownCommonAttack","floor":4},{"not_picked":["sneckomod:RainOfDice","sneckomod:UnknownClassCULL_RED_COLOR+1"],"picked":"sneckomod:PureSnecko+1","floor":6},{"not_picked":["sneckomod:DefensiveFlair+1","sneckomod:SerpentIdol+1"],"picked":"sneckomod:UnknownX+1","floor":8},{"not_picked":["sneckomod:ImprovisedAttack","sneckomod:SlitherStrike"],"picked":"sneckomod:UnknownDraw+1","floor":11},{"not_picked":["sneckomod:DiceCrush","sneckomod:UnknownClassGREEN+1"],"picked":"sneckomod:UnknownClassTHE_CHAMP_GRAY+1","floor":13},{"not_picked":["sneckomod:UnknownCommonSkill+1","sneckomod:UnknownDraw+1"],"picked":"sneckomod:SoulExchange+1","floor":14},{"not_picked":["sneckomod:UnknownStrike","sneckomod:RainOfDice"],"picked":"sneckomod:UnknownClassTHE_BRONZE_AUTOMATON+1","floor":15},{"not_picked":["sneckomod:Restock+1","sneckomod:SerpentMind"],"picked":"sneckomod:UnknownBoss+1","floor":16},{"not_picked":["sneckomod:UnknownClassWANDERER_GRAY_COLOR+1","sneckomod:UnknownClassFIREFLY_COLOR+1"],"picked":"sneckomod:UnknownClassTHE_BRONZE_AUTOMATON+1","floor":19},{"not_picked":["sneckomod:UnknownUncommonPower","sneckomod:UnknownClassHIEROPHANT_GOLD_COLOR+1"],"picked":"sneckomod:Unknown3Cost+1","floor":23}],"player_experience":531432,"relics_obtained":[{"floor":7,"key":"StuffTheSpire:GrapeVine"},{"floor":14,"key":"Tintinnabulum"},{"floor":23,"key":"Oddly Smooth Stone"}],"event_choices":[{"damage_healed":0,"gold_gain":0,"player_choice":"Ignored","damage_taken":0,"max_hp_gain":0,"max_hp_loss":0,"event_name":"Ghosts","floor":20,"gold_loss":0}],"is_beta":false,"boss_relics":[{"not_picked":["hubris:VirtuousBlindfold","energizedSpire:RedRose"],"picked":"Pandora\u0027s Box"}],"items_purged_floors":[],"is_endless":false,"potions_floor_spawned":[8,15,16],"killed_by":"Gremlin Leader","ascension_level":1}}