{"host":"7oiwk103j2prpym5","time":1612195881,"event":{"mods":["BaseMod","BetterRewards","Colored Map","Colored Powertips","GifTheSpireLib","Infinite Spire","Minty Spire (QoL Compilation)","Permanent Neow","Relic Filter Mod","Reliquary","Remove Card Discount Mod","Replay The Spire","StSLib","Stuff the Spire","Weighted Paths"],"gold_per_floor":[135,135,194,194,212,241,254,283,283,332,369,382,416,204,204,329,329,361,361,400,315,47,93,93,93,93],"floor_reached":25,"language":"ENG","playtime":1966,"items_purged":["Strike_R","Defend_R","Strike_R","Defend_R"],"score":301,"play_id":"2d9a8f1f-5f55-4202-a61f-27413b174309","local_time":"20210201101121","daily_mods":["Allstar","Colorless Cards","Heirloom","Elite Swarm"],"is_ascension_mode":true,"campfire_choices":[{"floor":15,"key":"REST"},{"floor":24,"key":"REST"}],"circlet_count":0,"master_deck":["Demon Form","Wraith Form v2","Echo Form","DevaForm","Strike_R","Strike_R","Defend_R","Defend_R","Bash","Master of Strategy","Secret Technique","HandOfGreed","Crow Ritual","Good Instincts","Replay:Sssssssssstrike","infinitespire:OneForAll","Exhume","Sword Boomerang","Feed","Berserk","Run Through","Juggernaut","ReplayTheSpireMod:Muscle Training","ReplayTheSpireMod:Brewmster","Twin Strike+1","ReplayTheSpireMod:IOU","Panache","Madness","Inflame","Shrug It Off+1","Metamorphosis"],"relics":["Burning Blood","Counterbalance","Self Forming Clay","NeowsBlessing","infinitespire:Joker Card","Bag of Preparation","ReplayTheSpireMod:Shallot","Replay:PocketPolymizer","reliquary:JackalopeAntler","Strawberry","SacredBark","Replay:Towering Pillar of Hats","StuffTheSpire:Gunfinga","Chameleon Ring"],"acts_visited":["Exordium","TheCity"],"potions_floor_usage":[12,13,20,20,23,23,23,23],"damage_taken":[{"damage":6,"enemies":"2 Louse","floor":1,"turns":4},{"damage":0,"enemies":"Small Slimes","floor":5,"turns":1},{"damage":0,"enemies":"Lagavulin","floor":6,"turns":2},{"damage":0,"enemies":"Cultist","floor":7,"turns":1},{"damage":15,"enemies":"Gremlin Nob","floor":8,"turns":5},{"damage":17,"enemies":"3 Sentries","floor":10,"turns":6},{"damage":13,"enemies":"2 Fungi Beasts","floor":11,"turns":3},{"damage":41,"enemies":"3 Louse","floor":12,"turns":3},{"damage":17,"enemies":"Lagavulin","floor":13,"turns":6},{"damage":3,"enemies":"Slime Boss","floor":16,"turns":6},{"damage":54,"enemies":"3 Byrds","floor":18,"turns":6},{"damage":1,"enemies":"Chosen","floor":20,"turns":4},{"damage":38,"enemies":"Book of Stabbing","floor":23,"turns":4},{"damage":49,"enemies":"Gremlin Leader","floor":25,"turns":5}],"seed_played":"4080547261008240135","potions_obtained":[{"floor":1,"key":"CultistPotion"},{"floor":6,"key":"BlessingOfTheForge"},{"floor":7,"key":"Languid Potion"},{"floor":16,"key":"Block Potion"},{"floor":23,"key":"Dexterity Potion"}],"is_trial":true,"path_per_floor":["M","?","WH","WH","M","E","M","E","T","E","M","M","E","$","R","B",null,"M","WH","M","?","$","E","R","E"],"character_chosen":"IRONCLAD","items_purchased":["Strawberry","Adrenaline Potion","Inflame","StuffTheSpire:Gunfinga","Shrug It Off+1"],"campfire_rested":2,"item_purchase_floors":[14,14,22,22,22],"current_hp_per_floor":[80,80,80,80,80,80,80,71,71,63,59,24,13,20,47,50,93,45,45,50,50,50,18,45,0,0],"gold":93,"neow_bonus":"THREE_RARE_CARDS","is_daily":false,"chose_seed":false,"campfire_upgraded":0,"win_rate":0.0,"timestamp":1612195881,"path_taken":["M","?","WH","WH","?","E","M","E","T","E","M","M","E","$","R","BOSS","M","WH","M","?","$","E","R","E"],"items_purchased_type":["Relic","Potion","Card","Relic","Card"],"build_version":"2020-12-22","purchased_purges":4,"victory":false,"max_hp_per_floor":[80,80,80,80,80,80,80,80,80,83,86,86,86,93,93,93,93,93,93,93,93,93,93,93,93,93],"card_choices":[{"not_picked":["StuffTheSpire:FreeRealEstate","StuffTheSpire:Slingshot"],"picked":"Replay:Sssssssssstrike","floor":1},{"not_picked":["Twin Strike","Reckless Charge"],"picked":"infinitespire:OneForAll","floor":5},{"not_picked":["Brutality","ReplayTheSpireMod:Brewmster"],"picked":"Exhume","floor":6},{"not_picked":["Warcry","Run Through"],"picked":"Sword Boomerang","floor":7},{"not_picked":["StuffTheSpire:TitanForm","Master of Strategy"],"picked":"Feed","floor":8},{"not_picked":["Secret Weapon","Exhume"],"picked":"Berserk","floor":10},{"not_picked":["StuffTheSpire:Slingshot","Havoc"],"picked":"Run Through","floor":11},{"not_picked":["Run Through","Disarm","Headbutt"],"picked":"SKIP","floor":12},{"not_picked":["Berserk","Exhume"],"picked":"Juggernaut","floor":13},{"not_picked":["Metamorphosis","Secret Weapon"],"picked":"ReplayTheSpireMod:Brewmster","floor":16},{"not_picked":["Wild Strike","Metallicize+1"],"picked":"Twin Strike+1","floor":18},{"not_picked":["Brutality","Double Tap"],"picked":"Panache","floor":19},{"not_picked":["Pommel Strike","Bloodletting+1"],"picked":"Madness","floor":20},{"not_picked":["Fiend Fire","Sadistic Nature"],"picked":"Metamorphosis","floor":23}],"player_experience":846965,"relics_obtained":[{"floor":2,"key":"Self Forming Clay"},{"floor":6,"key":"infinitespire:Joker Card"},{"floor":8,"key":"Bag of Preparation"},{"floor":9,"key":"ReplayTheSpireMod:Shallot"},{"floor":10,"key":"Replay:PocketPolymizer"},{"floor":13,"key":"reliquary:JackalopeAntler"},{"floor":23,"key":"Chameleon Ring"}],"event_choices":[{"damage_healed":0,"gold_gain":59,"player_choice":"Gained Gold","damage_taken":0,"max_hp_gain":0,"max_hp_loss":0,"event_name":"Golden Wing","floor":3,"gold_loss":0},{"damage_healed":0,"gold_gain":0,"player_choice":"Obtained Relic","damage_taken":0,"relics_obtained":["Replay:Towering Pillar of Hats"],"max_hp_gain":0,"max_hp_loss":0,"event_name":"Addict","floor":21,"gold_loss":85}],"is_beta":false,"boss_relics":[{"not_picked":["reliquary:WritOfMandamus","Ectoplasm"],"picked":"SacredBark"}],"items_purged_floors":[14,14,14,14],"is_endless":false,"potions_floor_spawned":[1,6,7,16,23],"killed_by":"Gremlin Leader","ascension_level":2}}