{"host":"t4jsb5tuksjmo64s","time":1612138134,"event":{"mods":["AchievementEnabler","BaseMod","Block Reminder","Colored Map","Colored Powertips","Dark Map","Highlight Path","Minty Spire (QoL Compilation)","Quick Restart","Random Character Button","Rare Cards Sparkle","Relic Stats"],"gold_per_floor":[11,11,27,27,45,45,76,1,72,85,118,129,129,145,145,248,248,264,282,282,282],"floor_reached":20,"language":"ENG","playtime":1456,"items_purged":["Defend_B"],"score":195,"play_id":"78adfddb-7e7c-4ad4-b880-6cfa7c04d2d7","local_time":"20210131190854","is_ascension_mode":true,"campfire_choices":[{"floor":6,"key":"RECALL"},{"floor":15,"key":"REST"}],"circlet_count":0,"master_deck":["Strike_B","Strike_B+1","Strike_B","Defend_B","Defend_B","Defend_B","Zap","Dualcast+1","Conserve Battery","Sweeping Beam","Conserve Battery","Consume","Defragment","Gash","Defragment","Machine Learning","Compile Driver","Conserve Battery"],"relics":["Cracked Core","Mango","Bag of Marbles","Letter Opener","Inserter"],"acts_visited":["Exordium","TheCity"],"potions_floor_usage":[7,11,16,16,19],"damage_taken":[{"damage":0,"enemies":"2 Louse","floor":1,"turns":2},{"damage":0,"enemies":"Jaw Worm","floor":3,"turns":4},{"damage":0,"enemies":"Cultist","floor":5,"turns":3},{"damage":27,"enemies":"Gremlin Nob","floor":7,"turns":4},{"damage":0,"enemies":"Red Slaver","floor":10,"turns":2},{"damage":6,"enemies":"3 Sentries","floor":11,"turns":6},{"damage":17,"enemies":"Exordium Wildlife","floor":12,"turns":6},{"damage":12,"enemies":"Exordium Thugs","floor":14,"turns":4},{"damage":21,"enemies":"The Guardian","floor":16,"turns":9},{"damage":13,"enemies":"Shell Parasite","floor":18,"turns":7},{"damage":28,"enemies":"2 Thieves","floor":19,"turns":4},{"damage":50,"enemies":"3 Cultists","floor":20,"turns":4}],"seed_played":"-1563371781122607401","potions_obtained":[{"floor":5,"key":"DuplicationPotion"},{"floor":7,"key":"EssenceOfSteel"},{"floor":10,"key":"SteroidPotion"},{"floor":11,"key":"EssenceOfSteel"},{"floor":18,"key":"EssenceOfDarkness"}],"is_trial":false,"path_per_floor":["M","?","M","?","M","R","E","$","T","M","E","M","?","M","R","B",null,"M","M","M"],"character_chosen":"DEFECT","items_purchased":[],"campfire_rested":1,"item_purchase_floors":[],"current_hp_per_floor":[89,89,89,71,71,71,44,44,44,44,38,21,21,9,35,14,89,76,48,0,0],"gold":282,"neow_bonus":"ONE_RARE_RELIC","is_daily":false,"chose_seed":false,"campfire_upgraded":0,"win_rate":0.0,"timestamp":1612138134,"path_taken":["M","?","M","?","?","R","E","?","T","?","E","M","?","M","R","BOSS","M","M","M"],"items_purchased_type":[],"build_version":"2020-12-22","purchased_purges":1,"victory":false,"max_hp_per_floor":[89,89,89,89,89,89,89,89,89,89,89,89,89,89,89,89,89,89,89,89,89],"relic_stats":{"Inserter":[7],"counters":[12,55],"Letter Opener":[40],"obtain_stats":[{"Inserter":17,"Mango":0,"Bag of Marbles":7,"Letter Opener":11,"Cracked Core":0},{"Inserter":9,"Mango":0,"Bag of Marbles":4,"Letter Opener":6,"Cracked Core":0},{"Inserter":40,"Mango":0,"Bag of Marbles":13,"Letter Opener":21,"Cracked Core":0}]},"card_choices":[{"not_picked":["Coolheaded","Auto Shields"],"picked":"Conserve Battery","floor":1},{"not_picked":["Conserve Battery","Aggregate"],"picked":"Sweeping Beam","floor":3},{"not_picked":["Ball Lightning","Sunder"],"picked":"Conserve Battery","floor":5},{"not_picked":["Sweeping Beam","White Noise","Reinforced Body"],"picked":"SKIP","floor":7},{"not_picked":["White Noise","Steam"],"picked":"Consume","floor":10},{"not_picked":["Scrape","Turbo"],"picked":"Defragment","floor":11},{"not_picked":["Rebound","Leap"],"picked":"Gash","floor":12},{"not_picked":["Consume","Go for the Eyes"],"picked":"Defragment","floor":14},{"not_picked":["Seek","Reboot"],"picked":"Machine Learning","floor":16},{"not_picked":["Go for the Eyes","Beam Cell"],"picked":"Compile Driver","floor":18},{"not_picked":["Streamline","Hologram"],"picked":"Conserve Battery","floor":19}],"player_experience":266179,"relics_obtained":[{"floor":7,"key":"Bag of Marbles"},{"floor":11,"key":"Letter Opener"}],"event_choices":[{"cards_removed":["Strike_B"],"damage_healed":0,"gold_gain":0,"player_choice":"Forget","damage_taken":0,"max_hp_gain":0,"max_hp_loss":0,"event_name":"Living Wall","floor":2,"gold_loss":0},{"damage_healed":0,"gold_gain":0,"player_choice":"Entered Light","damage_taken":18,"max_hp_gain":0,"max_hp_loss":0,"event_name":"Shining Light","floor":4,"gold_loss":0,"cards_upgraded":["Strike_B","Dualcast"]},{"damage_healed":0,"gold_gain":0,"player_choice":"Ignored","damage_taken":0,"max_hp_gain":0,"max_hp_loss":0,"event_name":"Liars Game","floor":13,"gold_loss":0}],"is_beta":false,"boss_relics":[{"not_picked":["SacredBark","Nuclear Battery"],"picked":"Inserter"}],"items_purged_floors":[8],"is_endless":false,"potions_floor_spawned":[5,7,10,11,18],"killed_by":"3 Cultists","ascension_level":1}}