{"host":"8is2j71l4wmybkoi","time":1612176752,"event":{"mods":["AchievementEnabler","BaseMod","Colored Map","Minty Spire (QoL Compilation)","Rare Cards Sparkle","StSLib","SuperFastMode"],"gold_per_floor":[112,112,112,123,136,136,152,177,177,177,252,552,582,7,7,84,84,96,84,97,117,32,32,32,32,32,32,32,52,52,69,69,69,69],"floor_reached":33,"language":"KOR","playtime":1096,"items_purged":["Strike_B"],"score":429,"play_id":"8b053086-dd65-4994-9b7f-2e740b0ea69f","local_time":"20210201195232","is_ascension_mode":true,"campfire_choices":[{"floor":6,"key":"REST"},{"floor":12,"key":"DIG"},{"data":"Loop","floor":15,"key":"SMITH"},{"floor":23,"key":"DIG"},{"data":"Creative AI","floor":25,"key":"SMITH"},{"floor":28,"key":"DIG"},{"data":"Heatsinks","floor":32,"key":"SMITH"}],"circlet_count":0,"master_deck":["AscendersBane","Strike_B","Defend_B","Defend_B","Defend_B+1","Defend_B","Zap+1","Dualcast","Ball Lightning","Go for the Eyes","Cold Snap","Genetic Algorithm","Beam Cell","Loop+1","Rebound","Creative AI+1","Heatsinks+1"],"relics":["Cracked Core","Blood Vial","HornCleat","Shovel","Old Coin","Odd Mushroom","TungstenRod","Velvet Choker","Letter Opener","Thread and Needle","Bottled Tornado","Mercury Hourglass"],"acts_visited":["Exordium","TheCity"],"potions_floor_usage":[8,16,16,20,20],"damage_taken":[{"damage":9.0,"enemies":"Jaw Worm","floor":1.0,"turns":3.0},{"damage":1,"enemies":"2 Louse","floor":4,"turns":2},{"damage":12,"enemies":"Small Slimes","floor":5,"turns":3},{"damage":4,"enemies":"3 Louse","floor":7,"turns":3},{"damage":20,"enemies":"3 Sentries","floor":8,"turns":6},{"damage":19,"enemies":"The Mushroom Lair","floor":13,"turns":5},{"damage":7,"enemies":"Hexaghost","floor":16,"turns":9},{"damage":0,"enemies":"3 Byrds","floor":18,"turns":5},{"damage":17,"enemies":"2 Thieves","floor":19,"turns":4},{"damage":4,"enemies":"Cultist and Chosen","floor":20,"turns":6},{"damage":8,"enemies":"Centurion and Healer","floor":21,"turns":7},{"damage":0,"enemies":"Snecko","floor":29,"turns":5},{"damage":11,"enemies":"Chosen and Byrds","floor":31,"turns":5},{"damage":45,"enemies":"Automaton","floor":33,"turns":6}],"seed_played":"7319404067632185073","potions_obtained":[{"floor":1.0,"key":"DuplicationPotion"},{"floor":13,"key":"DistilledChaos"},{"floor":18,"key":"EssenceOfSteel"},{"floor":19,"key":"Weak Potion"},{"floor":31,"key":"SpeedPotion"}],"is_trial":false,"path_per_floor":["M","?","?","M","M","R","M","E","T","?","?","R","?","$","R","B",null,"M","M","M","M","?","R","?","R","T","$","R","M","?","M","R","B"],"character_chosen":"DEFECT","items_purchased":["TungstenRod","Loop","Rebound","LiquidMemories"],"campfire_rested":1,"item_purchase_floors":[14,14,14,14],"current_hp_per_floor":[57,50,29,30,20,41,39,21,21,44,33,33,16,16,16,11,56,58,43,41,35,35,35,35,35,35,35,35,37,37,28,28,0,0],"gold":69,"neow_bonus":"RANDOM_COMMON_RELIC","is_daily":false,"chose_seed":false,"campfire_upgraded":3,"win_rate":0.0,"timestamp":1612176752,"path_taken":["M","?","?","M","M","R","M","E","T","?","?","R","?","$","R","BOSS","M","M","M","M","?","R","?","R","T","$","R","M","?","M","R","BOSS"],"items_purchased_type":["Relic","Card","Card","Potion"],"build_version":"2020-12-22","purchased_purges":1,"victory":false,"max_hp_per_floor":[71,71,71,71,71,71,71,71,71,71,71,71,71,71,71,71,71,71,71,71,71,71,71,71,71,71,71,71,71,71,71,71,71,71],"card_choices":[{"not_picked":["Turbo","Hologram"],"picked":"Ball Lightning","floor":1.0},{"not_picked":["Hologram","Ball Lightning"],"picked":"Go for the Eyes","floor":4},{"not_picked":["Gash","Stack"],"picked":"Cold Snap","floor":5},{"not_picked":["Redo","Amplify","Go for the Eyes"],"picked":"SKIP","floor":7},{"not_picked":["Stack","Aggregate"],"picked":"Genetic Algorithm","floor":8},{"not_picked":["BootSequence","Steam Power"],"picked":"Beam Cell","floor":13},{"not_picked":["Multi-Cast","Rainbow"],"picked":"Creative AI","floor":16},{"not_picked":["Fusion","Streamline","Hologram"],"picked":"SKIP","floor":18},{"not_picked":["Fusion","Storm"],"picked":"Heatsinks","floor":19},{"not_picked":["Go for the Eyes","Redo+1","Cold Snap"],"picked":"SKIP","floor":20},{"not_picked":["Compile Driver","Loop","Tempest"],"picked":"SKIP","floor":21},{"not_picked":["Steam","Sweeping Beam","Static Discharge"],"picked":"SKIP","floor":29},{"not_picked":["Go for the Eyes","Hologram","Lockon"],"picked":"SKIP","floor":31}],"player_experience":910736,"relics_obtained":[{"floor":8,"key":"HornCleat"},{"floor":9,"key":"Shovel"},{"floor":12,"key":"Old Coin"},{"floor":13,"key":"Odd Mushroom"},{"floor":23,"key":"Thread and Needle"},{"floor":26,"key":"Bottled Tornado"},{"floor":28,"key":"Mercury Hourglass"}],"event_choices":[{"cards_removed":["Strike_B"],"damage_healed":0.0,"max_hp_gain":0.0,"max_hp_loss":0.0,"gold_gain":0.0,"event_name":"Golden Wing","player_choice":"Card Removal","floor":2.0,"gold_loss":0.0,"damage_taken":7.0},{"damage_healed":0.0,"max_hp_gain":0.0,"max_hp_loss":0.0,"gold_gain":0.0,"event_name":"Shining Light","player_choice":"Entered Light","floor":3.0,"gold_loss":0.0,"damage_taken":21.0,"cards_upgraded":["Defend_B","Zap"]},{"damage_healed":23,"gold_gain":0,"player_choice":"Banana","damage_taken":0,"max_hp_gain":0,"max_hp_loss":0,"event_name":"Big Fish","floor":10,"gold_loss":0},{"damage_healed":0,"gold_gain":75,"player_choice":"Gather Gold","damage_taken":11,"max_hp_gain":0,"max_hp_loss":0,"event_name":"World of Goop","floor":11,"gold_loss":0},{"damage_healed":0,"gold_gain":0,"player_choice":"Fought Mushrooms","damage_taken":0,"max_hp_gain":0,"max_hp_loss":0,"event_name":"Mushrooms","floor":13,"gold_loss":0},{"damage_healed":0,"gold_gain":0,"player_choice":"Obtained Relic","damage_taken":0,"relics_obtained":["Letter Opener"],"max_hp_gain":0,"max_hp_loss":0,"event_name":"Addict","floor":22,"gold_loss":85},{"cards_removed":["Strike_B"],"damage_healed":0,"gold_gain":0,"player_choice":"Elegance","damage_taken":0,"max_hp_gain":0,"max_hp_loss":0,"event_name":"Back to Basics","floor":24,"gold_loss":0},{"damage_healed":0,"gold_gain":0,"player_choice":"Ignored","damage_taken":0,"max_hp_gain":0,"max_hp_loss":0,"event_name":"The Mausoleum","floor":30,"gold_loss":0}],"is_beta":false,"boss_relics":[{"not_picked":["Empty Cage","Pandora\u0027s Box"],"picked":"Velvet Choker"}],"items_purged_floors":[14],"is_endless":false,"potions_floor_spawned":[1,13,18,19,31],"killed_by":"Automaton","ascension_level":15}}