{"host":"hbel9g7s7ibv8po6","time":1612154622,"event":{"mods":["Act Like it!","BaseMod","Duelist Mod","Minty Spire (QoL Compilation)","StSLib"],"gold_per_floor":[136,136,148,0,75,108,108,108,108],"floor_reached":8,"language":"ENG","playtime":255,"items_purged":["theDuelist:Sparks"],"score":122,"play_id":"a2127544-bbf5-4f80-816d-366052b8e7d3","local_time":"20210201124342","is_ascension_mode":true,"campfire_choices":[],"circlet_count":0,"master_deck":["theDuelist:Nameless:Power:Beatraptor","AscendersBane","theDuelist:CastleWalls","theDuelist:CastleWalls","theDuelist:ColossalFighter","theDuelist:CommandKnight","theDuelist:FeedbackWarrior","theDuelist:MightyWarrior","theDuelist:Sparks","theDuelist:SuperheavySoulbuster","theDuelist:GilfordLegend","theDuelist:WeaponChange","theDuelist:ChaosSeed+1"],"relics":["theDuelist:MillenniumPuzzle","theDuelist:CardPoolRelic","theDuelist:CardPoolBasicRelic","theDuelist:BoosterPackPoolRelic","theDuelist:CardPoolAddRelic","theDuelist:CardPoolMinusRelic","theDuelist:CardPoolSaveRelic","theDuelist:CardPoolOptionsRelic","NeowsBlessing","Oddly Smooth Stone","Pear"],"acts_visited":["Exordium"],"potions_floor_usage":[],"damage_taken":[{"damage":0.0,"enemies":"Jaw Worm","floor":1.0,"turns":1.0},{"damage":0.0,"enemies":"Cultist","floor":3.0,"turns":1.0},{"damage":0.0,"enemies":"Gremlin Nob","floor":6.0,"turns":1.0},{"damage":31,"enemies":"3 Sentries","floor":8,"turns":4}],"seed_played":"389801415330285778","potions_obtained":[],"is_trial":false,"path_per_floor":["M","?","M","$","?","E","T","E"],"character_chosen":"THE_DUELIST","items_purchased":["theDuelist:WeaponChange"],"campfire_rested":0,"item_purchase_floors":[4],"current_hp_per_floor":[72,72,72,72,61,61,71,40,40],"gold":108,"neow_bonus":"THREE_ENEMY_KILL","is_daily":false,"chose_seed":false,"campfire_upgraded":0,"win_rate":0.0,"timestamp":1612154622,"path_taken":["M","?","M","$","?","E","?","E"],"items_purchased_type":["Card"],"build_version":"2020-12-22","purchased_purges":1,"victory":false,"max_hp_per_floor":[80,80,80,80,80,80,90,90,90],"card_choices":[{"not_picked":["theDuelist:BattleOx","theDuelist:PotDichotomy","theDuelist:PreventRat","theDuelist:BlackPendant"],"picked":"theDuelist:GilfordLegend","floor":1.0},{"not_picked":["theDuelist:GoyoChaser","theDuelist:EgoBoost","theDuelist:SuperheavySoulbuster","theDuelist:ColossalFighter","theDuelist:NitroWarrior"],"picked":"SKIP","floor":3.0},{"not_picked":["theDuelist:MeteorDestruction+1","theDuelist:MagnumShield+1","theDuelist:LegendaryBlackBelt+1","theDuelist:LegendarySword+1"],"picked":"theDuelist:ChaosSeed+1","floor":6.0}],"player_experience":184265,"relics_obtained":[{"floor":6.0,"key":"Oddly Smooth Stone"},{"floor":7.0,"key":"Pear"}],"event_choices":[{"damage_healed":0.0,"max_hp_gain":0.0,"max_hp_loss":0.0,"gold_gain":0.0,"event_name":"Card Trader","player_choice":"Traded Feedback Warrior for Beatraptor","duelist":true,"floor":2.0,"gold_loss":0.0,"damage_taken":0.0},{"damage_healed":0.0,"max_hp_gain":0.0,"max_hp_loss":0.0,"gold_gain":75.0,"event_name":"World of Goop","player_choice":"Gather Gold","floor":5.0,"gold_loss":0.0,"damage_taken":11.0}],"is_beta":false,"boss_relics":[],"items_purged_floors":[4],"is_endless":false,"potions_floor_spawned":[],"killed_by":"3 Sentries","ascension_level":11}}