{"host":"vlqejv0notyktumz","time":1612222819,"event":{"mods":["AchievementEnabler","BaseMod","Colored Map","Colored Powertips","Downfall","Googly Eyes","Minty Spire (QoL Compilation)","StSLib"],"gold_per_floor":[211,36,53,66,76,76,50,85,85,85,85,115,115,132,132,229,229,243,88,88,38,38,38,72,72,72,87,2,24,36,60,72,189,201,230,39,0,0,14,14,33,33,33,33,33,33],"floor_reached":45,"language":"ENG","playtime":1254,"items_purged":["Strike_P","Strike_P","Conclude"],"score":674,"play_id":"95720421-ebe0-4654-a781-e4e73f8290eb","local_time":"20210201174019","is_ascension_mode":true,"campfire_choices":[{"data":"Halt","floor":6,"key":"SMITH"},{"data":"Eruption","floor":10,"key":"SMITH"},{"data":"Indignation","floor":13,"key":"SMITH"},{"data":"EmptyFist","floor":15,"key":"SMITH"},{"data":"Crescendo","floor":23,"key":"SMITH"},{"data":"Adaptation","floor":25,"key":"SMITH"},{"floor":32,"key":"REST"},{"floor":40,"key":"REST"},{"floor":42,"key":"REST"}],"circlet_count":0,"master_deck":["Defend_P","Defend_P","Defend_P","Eruption+1","Vigilance+1","Crescendo+1","EmptyFist+1","Halt+1","InnerPeace","FlurryOfBlows","EmptyBody","Indignation+1","Adaptation+1","SignatureMove+1","Pray","Collect+1","Consecrate+1","DevaForm","Tantrum+1","Alpha+1","LessonLearned+1","SandsOfTime"],"relics":["PureWater","Tiny Chest","Bottled Lightning","Unceasing Top","Peace Pipe","Busted Crown","Smiling Mask","Nunchaku","Toxic Egg 2","Gambling Chip","MawBank","Astrolabe","TheAbacus","Red Mask","Pen Nib","Bottled Flame"],"acts_visited":["Exordium","TheCity","TheBeyond"],"potions_floor_usage":[14,24,29,45],"damage_taken":[{"damage":0,"enemies":"Cultist","floor":1,"turns":2},{"damage":0,"enemies":"Jaw Worm","floor":3,"turns":3},{"damage":2,"enemies":"2 Louse","floor":4,"turns":2},{"damage":0,"enemies":"Exordium Wildlife","floor":5,"turns":3},{"damage":0,"enemies":"Gremlin Nob","floor":8,"turns":3},{"damage":10,"enemies":"Lagavulin","floor":12,"turns":6},{"damage":7,"enemies":"Large Slime","floor":14,"turns":3},{"damage":0,"enemies":"Slime Boss","floor":16,"turns":7},{"damage":0,"enemies":"Spheric Guardian","floor":18,"turns":3},{"damage":3,"enemies":"Slavers","floor":24,"turns":6},{"damage":28,"enemies":"3 Byrds","floor":27,"turns":6},{"damage":0,"enemies":"3 Cultists","floor":29,"turns":2},{"damage":0,"enemies":"Centurion and Healer","floor":31,"turns":4},{"damage":35,"enemies":"Collector","floor":33,"turns":6},{"damage":4,"enemies":"3 Darklings","floor":35,"turns":4},{"damage":14,"enemies":"Orb Walker","floor":39,"turns":3},{"damage":29,"enemies":"4 Shapes","floor":41,"turns":5},{"damage":58,"enemies":"Spire Growth","floor":45,"turns":3}],"seed_played":"7879540947859242242","potions_obtained":[{"floor":1,"key":"SpeedPotion"},{"floor":12,"key":"SkillPotion"},{"floor":16,"key":"BottledMiracle"},{"floor":27,"key":"SkillPotion"},{"floor":31,"key":"SpeedPotion"},{"floor":41,"key":"hexamod:SoulburnPotion"}],"is_trial":false,"path_per_floor":["M","$","M","M","M","R","$","E","T","R","?","E","R","M","R","B",null,"M","$","?","$","T","R","E","R","T","M","?","M","$","M","R","B",null,"M","$","?","$","M","R","M","R","T","T","M"],"character_chosen":"WATCHER","items_purchased":["Tiny Chest","Crescendo","FlurryOfBlows","Pray","TheAbacus"],"campfire_rested":3,"item_purchase_floors":[2,2,7,19,36],"current_hp_per_floor":[72,72,72,70,70,70,70,70,70,70,70,60,60,53,53,53,67,67,67,67,67,67,67,64,64,64,36,36,36,36,36,57,22,60,56,56,56,56,42,63,34,55,55,55,0,0],"gold":33,"neow_bonus":"HUNDRED_GOLD","is_daily":false,"chose_seed":false,"campfire_upgraded":6,"win_rate":0.0,"timestamp":1612222819,"path_taken":["M","$","M","?","M","R","$","E","T","R","?","E","R","M","R","BOSS","M","$","?","$","?","R","E","R","T","M","?","M","?","M","R","BOSS","M","$","?","$","M","R","M","R","T","?","M"],"items_purchased_type":["Relic","Card","Card","Card","Relic"],"build_version":"2020-12-22","purchased_purges":3,"victory":false,"max_hp_per_floor":[72,72,72,72,72,72,72,72,72,72,72,72,72,72,72,72,72,72,72,72,72,72,72,72,72,72,72,72,72,72,72,72,72,72,72,72,72,72,72,72,72,72,72,72,72,72],"card_choices":[{"not_picked":["Vengeance","Nirvana"],"picked":"Conclude","floor":1},{"not_picked":["Study","FlyingSleeves"],"picked":"EmptyFist","floor":3},{"not_picked":["Consecrate","Conclude"],"picked":"Halt","floor":4},{"not_picked":["EmptyFist","FlyingSleeves"],"picked":"InnerPeace","floor":5},{"not_picked":["Scrawl","TalkToTheHand"],"picked":"EmptyBody","floor":8},{"not_picked":["BowlingBash","Protect"],"picked":"Indignation","floor":12},{"not_picked":["FlyingSleeves","CutThroughFate"],"picked":"Adaptation","floor":14},{"not_picked":[],"picked":"SignatureMove+1","floor":18},{"not_picked":[],"picked":"Collect+1","floor":24},{"not_picked":["SashWhip"],"picked":"SKIP","floor":27},{"not_picked":["Indignation+1"],"picked":"SKIP","floor":29},{"not_picked":[],"picked":"Consecrate+1","floor":31},{"not_picked":[],"picked":"DevaForm","floor":33},{"not_picked":["PathToVictory+1"],"picked":"SKIP","floor":35},{"not_picked":["Study+1"],"picked":"SKIP","floor":39},{"not_picked":[],"picked":"SandsOfTime","floor":41}],"player_experience":387014,"relics_obtained":[{"floor":8,"key":"Bottled Lightning"},{"floor":9,"key":"Unceasing Top"},{"floor":12,"key":"Peace Pipe"},{"floor":22,"key":"Nunchaku"},{"floor":24,"key":"Toxic Egg 2"},{"floor":26,"key":"Gambling Chip"},{"floor":43,"key":"Pen Nib"},{"floor":44,"key":"Bottled Flame"}],"event_choices":[{"damage_healed":0,"gold_gain":0,"player_choice":"Grow","damage_taken":0,"max_hp_gain":0,"max_hp_loss":0,"event_name":"Living Wall","floor":11,"gold_loss":0,"cards_upgraded":["Vigilance"]},{"damage_healed":0,"gold_gain":0,"player_choice":"Opened","damage_taken":0,"relics_obtained":["Smiling Mask"],"max_hp_gain":0,"max_hp_loss":0,"event_name":"The Mausoleum","floor":20,"gold_loss":0},{"damage_healed":0,"gold_gain":0,"player_choice":"Obtained Relic","damage_taken":0,"relics_obtained":["MawBank"],"max_hp_gain":0,"max_hp_loss":0,"event_name":"Addict","floor":28,"gold_loss":85},{"damage_healed":0,"gold_gain":0,"player_choice":"Paid","damage_taken":0,"relics_obtained":["Red Mask"],"max_hp_gain":0,"max_hp_loss":0,"event_name":"Tomb of Lord Red Mask","floor":37,"gold_loss":39}],"is_beta":false,"boss_relics":[{"not_picked":["bronze:MakeshiftBattery","SlaversCollar"],"picked":"Busted Crown"},{"not_picked":["Pandora\u0027s Box","Velvet Choker"],"picked":"Astrolabe"}],"items_purged_floors":[19,21,36],"is_endless":false,"potions_floor_spawned":[1,12,16,27,31,41],"killed_by":"Spire Growth","ascension_level":5}}