{"host":"8kweeulvvasqx820","time":1612220310,"event":{"mods":["Aspiration","BaseMod","Better Altar","Better Match","Better Note","Better Sensory Stone","Better Skull","Better Third Choice","BetterRewards","Colored Map","Conspire","Displayed Cursed Tome","Downfall","Hubris","Infinite Spire","Jorbs\u0027s Wanderer Trilogy","Minty Spire (QoL Compilation)","Relic Stats","Replay The Spire","Spicy Shops","StSLib","SuperFastMode","Swap Starting Deck Mod","The Construct","The Marked","The Servant 0.9.4","everything is the same but u backflip on backflip","slay the spire mod where everything is the same but ironclad has a cowboy hat"],"gold_per_floor":[119,119,219,236,236,263,263,291,366,366,376,391,409,444,444,542,542,557,577,577,677,694,694,706,706,706,738,738,765,765,797,797,894,894,913,930,186,236,254,254,270,370,395,425,441,441,491,521,521,521,521,521,44,77,77],"floor_reached":56,"language":"ENG","playtime":4264,"items_purged":["Strike_B","Strike_B"],"score":1770,"play_id":"39b636ff-29ee-482c-9c61-0f2fe64bd8a4","local_time":"20210201175830","is_ascension_mode":true,"campfire_choices":[{"data":"Leap","floor":7,"key":"SMITH"},{"data":"Mirror Shield","floor":15,"key":"SMITH"},{"data":"infinitespire:NeuralNetwork","floor":23,"key":"SMITH"},{"data":"Seek","floor":28,"key":"SMITH"},{"data":"hubris:DoWhile","floor":30,"key":"SMITH"},{"data":"Pot Of Greed","floor":32,"key":"SMITH"},{"floor":40,"key":"RECALL"},{"data":"Defragment","floor":49,"key":"SMITH"},{"data":"Aggregate","floor":52,"key":"SMITH"}],"circlet_count":0,"master_deck":["Replay:Fractal Strike+1","Strike_B","Defend_B","Defend_B","Defend_B","Defend_B","Zap","Dualcast","Go for the Eyes","Sunder+1","Leap+1","Steam","Conserve Battery","Seek+1","Cold Snap","hubris:DoWhile+1","Time Bomb","Panic Button","infinitespire:NeuralNetwork+1","Dilation","SilverBlades+1","Doubt","Capacitor","Defragment+1","Pot Of Greed","Pot Of Greed","Pot Of Greed+1","White Noise","hubris:Prefetch","Rewind+1","Redo","hubris:DuctTapeCard","Aggregate+1","Starlight+1","BottledTime+1","downfall:Haunted","downfall:Haunted","Pot Of Greed","infinitespire:Pacifist","Parasite","White Noise","Gash","Echo Form","Gash+1","Glacier","ReplayGash+1"],"relics":["Honey Jar","Eternal Feather","Replay:Bottled Eggs","infinitespire:WardingShard","hubris:CrystalStatue","aspiration:ServantSkillbook","conspire:RoyalGoblet","Replay:Rubber Ducky","ReplayTheSpireMod:Ring of Addiction","Potion Belt","SacredBark","Onion Ring","infinitespire:FocusingShard","ReplayTheSpireMod:Lightbulb","Grinning Jar","Replay:Grab Bag","infinitespire:Cupcake","ReplayTheSpireMod:Onyx Gauntlets","Inserter","hubris:CuriousFeather","hubris:DuctTape","Du-Vu Doll","Strawberry","Replay:Baseball","hubris:Zylophone","Gremlin Food","hubris:MedicalManual","hubris:EmptyBottle","Calipers"],"acts_visited":["Exordium","TheCity","TheBeyond","TheEnding"],"potions_floor_usage":[19,22,27,29,29,31,31,35,39,39,39,39,39,44,47,48,50,50,50,54,54,55,55,55,55,55,55],"damage_taken":[{"damage":0,"enemies":"Small Slimes","floor":1,"turns":2},{"damage":0,"enemies":"Jaw Worm","floor":4,"turns":4},{"damage":11,"enemies":"Lagavulin","floor":6,"turns":6},{"damage":22,"enemies":"3 Sentries","floor":8,"turns":7},{"damage":0,"enemies":"conspire:RoseBush","floor":11,"turns":2},{"damage":0,"enemies":"Blue Slaver","floor":12,"turns":2},{"damage":0,"enemies":"Red Slaver","floor":13,"turns":4},{"damage":4,"enemies":"Gremlin Nob","floor":14,"turns":4},{"damage":0,"enemies":"Fading Forest","floor":16,"turns":11},{"damage":0,"enemies":"2 Thieves","floor":18,"turns":4},{"damage":0,"enemies":"Chosen","floor":19,"turns":3},{"damage":14,"enemies":"Snake Plant","floor":22,"turns":4},{"damage":0,"enemies":"Chosen and Byrds","floor":24,"turns":6},{"damage":0,"enemies":"Book of Stabbing","floor":27,"turns":5},{"damage":0,"enemies":"conspire:Head Lice","floor":29,"turns":7},{"damage":0,"enemies":"Gremlin Leader","floor":31,"turns":5},{"damage":0,"enemies":"conspire:MysteriousRune","floor":33,"turns":7},{"damage":0,"enemies":"3 Darklings","floor":35,"turns":6},{"damage":4,"enemies":"Orb Walker","floor":36,"turns":3},{"damage":0,"enemies":"Writhing Mass","floor":39,"turns":3},{"damage":0,"enemies":"Jaw Worm Horde","floor":41,"turns":3},{"damage":0,"enemies":"Reptomancer","floor":44,"turns":4},{"damage":0,"enemies":"Maw","floor":45,"turns":5},{"damage":0,"enemies":"2 Orb Walkers","floor":47,"turns":2},{"damage":0,"enemies":"Nemesis","floor":48,"turns":6},{"damage":22,"enemies":"Donu and Deca","floor":50,"turns":6},{"damage":35,"enemies":"Shield and Spear","floor":54,"turns":6},{"damage":16,"enemies":"The Heart","floor":55,"turns":7}],"seed_played":"4358273937783649187","potions_obtained":[{"floor":6,"key":"Weak Potion"},{"floor":8,"key":"LiquidBronze"},{"floor":12,"key":"Fire Potion"},{"floor":16,"key":"PotionOfCapacity"},{"floor":18,"key":"construct:ShiftPotion"},{"floor":19,"key":"SmokeBomb"},{"floor":24,"key":"construct:ShiftPotion"},{"floor":25,"key":"AttackPotion"},{"floor":25,"key":"Adrenaline Potion"},{"floor":25,"key":"Adrenaline Potion"},{"floor":27,"key":"BlessingOfTheForge"},{"floor":36,"key":"bronze:BurnAndBuffPotion"},{"floor":41,"key":"Dexterity Potion"},{"floor":48,"key":"hexamod:SoulburnPotion"}],"is_trial":false,"path_per_floor":["M","?","?","M","?","E","R","E","T","?","M","M","M","E","R","B",null,"M","M","AVR","?","M","R","M","?","T","E","R","E","R","E","R","B",null,"M","M","$","?","M","R","M","?","T","E","M","?","?","E","R","B",null,"R","$","E","B",null],"character_chosen":"DEFECT","items_purchased":["Venom Potion","ColorlessPotion","bronze:BurnAndBuffPotion","Swift Potion","Redo","hubris:CuriousFeather","hubris:MedicalManual","Guardian:BlockOnCardUsePotion","SteroidPotion","BlessingOfTheForge","Explosive Potion","hubris:EmptyBottle"],"campfire_rested":0,"item_purchase_floors":[37,37,37,37,37,37,53,53,53,53,53,53],"current_hp_per_floor":[75,75,75,75,63,52,58,36,36,36,36,36,36,32,41,51,75,75,75,75,75,61,73,73,73,73,73,75,75,75,75,75,75,75,73,69,69,69,69,71,71,76,81,81,81,65,65,65,81,59,81,81,81,44,28],"gold":77,"neow_bonus":"BOSS_RELIC","is_daily":false,"chose_seed":false,"campfire_upgraded":8,"win_rate":0.0,"timestamp":1612220310,"path_taken":["M","?","?","?","?","E","R","E","T","?","?","M","M","E","R","BOSS","M","M","AVR","?","M","R","?","?","T","E","R","E","R","E","R","BOSS","M","M","$","?","M","R","M","?","T","E","M","?","?","E","R","BOSS","R","$","E","BOSS"],"items_purchased_type":["Potion","Potion","Potion","Potion","Card","Relic","Relic","Potion","Potion","Potion","Potion","Relic"],"build_version":"2020-12-22","purchased_purges":2,"victory":true,"max_hp_per_floor":[75,75,75,75,75,75,75,75,75,75,75,75,75,75,75,75,75,75,75,75,75,75,75,75,75,75,75,75,75,75,75,75,75,75,73,73,73,73,71,71,71,76,81,81,81,81,81,81,81,81,81,81,81,79,79],"relic_stats":{"Inserter":[21],"counters":[58,289],"Eternal Feather":47,"obtain_stats":[{"hubris:CrystalStatue":14,"Calipers":54,"conspire:RoyalGoblet":20,"hubris:VirtuousBlindfold":34,"Old Coin":6,"Replay:Wanted Poster":17,"infinitespire:SolderingIron":47,"DollysMirror":47,"Strawberry":43,"Honey Jar":0,"Prayer Wheel":18,"Replay:Bottled Flurry":26,"hubris:DuctTape":38,"ReplayTheSpireMod:Ring of Addiction":25,"Replay:Grab Bag":34,"Eternal Feather":5,"Du-Vu Doll":42,"hubris:Zylophone":47,"OrangePellets":29,"Replay:Baseball":44,"aspiration:ServantSkillbook":17,"Onion Ring":26,"Grinning Jar":31,"hubris:Reverence":7,"infinitespire:Cupcake":34,"SacredBark":25,"hubris:EmptyBottle":53,"ClockworkSouvenir":10,"Replay:Rubber Ducky":20,"Nunchaku":12,"Gambling Chip":43,"hubris:CuriousFeather":37,"Replay:Bottled Eggs":27,"Cracked Core":0,"Potion Belt":25,"Gremlin Food":48,"Inserter":34,"NeowsBlessing":0,"Golden Idol":5,"Quantum Egg":9,"Thread and Needle":8,"hubris:MedicalManual":9,"infinitespire:FocusingShard":27,"infinitespire:Lucky Rock":37,"MawBank":24,"infinitespire:WardingShard":8,"Orrery":10,"infinitespire:Satchel":20,"aspiration:WatcherSkillbook":29,"hubris:CrackedHourglass":0,"ReplayTheSpireMod:Onyx Gauntlets":34,"ReplayTheSpireMod:Lightbulb":47},{"hubris:CrystalStatue":38,"Calipers":57,"conspire:RoyalGoblet":41,"hubris:VirtuousBlindfold":21,"Old Coin":10,"Replay:Wanted Poster":14,"infinitespire:SolderingIron":28,"DollysMirror":28,"Strawberry":51,"Honey Jar":30,"Prayer Wheel":15,"Replay:Bottled Flurry":17,"hubris:DuctTape":49,"ReplayTheSpireMod:Ring of Addiction":43,"Replay:Grab Bag":47,"Eternal Feather":32,"Du-Vu Doll":51,"hubris:Zylophone":54,"OrangePellets":18,"Replay:Baseball":52,"aspiration:ServantSkillbook":39,"Onion Ring":43,"Grinning Jar":46,"hubris:Reverence":2,"infinitespire:Cupcake":47,"SacredBark":43,"hubris:EmptyBottle":56,"ClockworkSouvenir":11,"Replay:Rubber Ducky":41,"Nunchaku":12,"Gambling Chip":26,"hubris:CuriousFeather":49,"Replay:Bottled Eggs":18,"Cracked Core":0,"Potion Belt":43,"Gremlin Food":55,"Inserter":47,"NeowsBlessing":6,"Golden Idol":2,"Quantum Egg":3,"Thread and Needle":11,"hubris:MedicalManual":11,"infinitespire:FocusingShard":44,"infinitespire:Lucky Rock":24,"MawBank":17,"infinitespire:WardingShard":34,"Orrery":11,"infinitespire:Satchel":15,"aspiration:WatcherSkillbook":18,"hubris:CrackedHourglass":0,"ReplayTheSpireMod:Onyx Gauntlets":47,"ReplayTheSpireMod:Lightbulb":28},{"hubris:CrystalStatue":186,"Calipers":282,"conspire:RoyalGoblet":204,"hubris:VirtuousBlindfold":111,"Old Coin":33,"Replay:Wanted Poster":57,"infinitespire:SolderingIron":145,"DollysMirror":145,"Strawberry":253,"Honey Jar":155,"Prayer Wheel":61,"Replay:Bottled Flurry":75,"hubris:DuctTape":247,"ReplayTheSpireMod:Ring of Addiction":214,"Replay:Grab Bag":238,"Eternal Feather":161,"Du-Vu Doll":253,"hubris:Zylophone":264,"OrangePellets":81,"Replay:Baseball":257,"aspiration:ServantSkillbook":197,"Onion Ring":214,"Grinning Jar":231,"hubris:Reverence":6,"infinitespire:Cupcake":238,"SacredBark":214,"hubris:EmptyBottle":276,"ClockworkSouvenir":40,"Replay:Rubber Ducky":204,"Nunchaku":44,"Gambling Chip":136,"hubris:CuriousFeather":247,"Replay:Bottled Eggs":81,"Cracked Core":0,"Potion Belt":214,"Gremlin Food":270,"Inserter":238,"NeowsBlessing":24,"Golden Idol":6,"Quantum Egg":14,"Thread and Needle":40,"hubris:MedicalManual":40,"infinitespire:FocusingShard":219,"infinitespire:Lucky Rock":127,"MawBank":75,"infinitespire:WardingShard":174,"Orrery":40,"infinitespire:Satchel":63,"aspiration:WatcherSkillbook":81,"hubris:CrackedHourglass":0,"ReplayTheSpireMod:Onyx Gauntlets":238,"ReplayTheSpireMod:Lightbulb":145}]},"card_choices":[{"not_picked":["Hologram","Barrage","BasicCrystalCard"],"picked":"Go for the Eyes","floor":1},{"not_picked":["Streamline","Ball Lightning","Hologram"],"picked":"Sunder","floor":4},{"not_picked":["Rip and Tear","Hello World","Blizzard"],"picked":"Leap","floor":6},{"not_picked":["Stack","Leap","Turbo"],"picked":"Steam","floor":8},{"not_picked":["Beam Cell","Gash","BasicCrystalCard"],"picked":"Conserve Battery","floor":11},{"not_picked":["Beam Cell","Compile Driver","Storm"],"picked":"Seek","floor":12},{"not_picked":["Barrage","Leap","conspire:Rain"],"picked":"Cold Snap","floor":13},{"not_picked":["conspire:Rain","Redo","Compile Driver"],"picked":"Mirror Shield","floor":14},{"not_picked":["Rainbow","Creative AI","ReplayTheSpireMod:Fabricate Wheel"],"picked":"hubris:DoWhile","floor":16},{"not_picked":["Scrape","Stack+1","Conserve Battery","ReplayTheSpireMod:Calculation Training"],"picked":"Time Bomb","floor":18},{"not_picked":["Go for the Eyes","TimeTheft","Stack","Rebound"],"picked":"Panic Button","floor":19},{"not_picked":["FIFO Queue","hubris:Ukulele+1","Spin","ReplayTheSpireMod:GoodbyeWorld+1"],"picked":"Dilation","floor":22},{"not_picked":["Rebound","conspire:Rain+1","Revamp","Beam Cell"],"picked":"SilverBlades+1","floor":24},{"not_picked":["Rebound","Moondial","BottledTime","DualDimension+1"],"picked":"Capacitor","floor":27},{"not_picked":["Go for the Eyes+1","Replace","ReplayTheSpireMod:Dual Polarity","Time Bomb+1"],"picked":"Defragment","floor":29},{"not_picked":["Go for the Eyes+1","Coolheaded","Defy+1","Hightail"],"picked":"White Noise","floor":31},{"not_picked":["ForgedInTime","Mirror Shield","ReplayTheSpireMod:Omega Cannon","SoulSculpture"],"picked":"hubris:Prefetch","floor":33},{"not_picked":["FastForward","Reprogram","ShatteredReality","Barrage"],"picked":"Rewind+1","floor":35},{"not_picked":["Sabotage+1","ShatteredReality","Go for the Eyes+1","Chaos+1","Barrage+1"],"picked":"SKIP","floor":36},{"not_picked":["Desolation+1","Go for the Eyes","Rebound","Conserve Battery+1"],"picked":"Aggregate","floor":38},{"not_picked":["Contraction+1","Revamp","Duplication","FastForward+1"],"picked":"Starlight+1","floor":38},{"not_picked":["Barrage","Defy","DancingSilver+1","DualDimension","Potential"],"picked":"SKIP","floor":39},{"not_picked":["InstantArmor","Unruled+1","Sunder+1","Revamp+1"],"picked":"BottledTime+1","floor":41},{"not_picked":["BottledTime+1","Sunlight","Ball Lightning","Compile Driver+1"],"picked":"White Noise","floor":44},{"not_picked":["Cold Snap+1","Potential","Turbo+1","Leap"],"picked":"Gash","floor":45},{"not_picked":["Conserve Battery","Rip and Tear","Steam Power","Streamline+1"],"picked":"Gash+1","floor":47},{"not_picked":["Alleviate+1","Hologram+1","Panic Button","Thunder Strike"],"picked":"Glacier","floor":48},{"not_picked":["Loop+1","PendulumOfEternity","BottledTime+1","InstantArmor"],"picked":"ReplayGash+1","floor":54}],"player_experience":139425,"relics_obtained":[{"floor":6,"key":"Replay:Bottled Eggs"},{"floor":8,"key":"infinitespire:WardingShard"},{"floor":14,"key":"hubris:CrystalStatue"},{"floor":25,"key":"ReplayTheSpireMod:Ring of Addiction"},{"floor":25,"key":"Potion Belt"},{"floor":25,"key":"SacredBark"},{"floor":26,"key":"Onion Ring"},{"floor":27,"key":"infinitespire:FocusingShard"},{"floor":29,"key":"ReplayTheSpireMod:Lightbulb"},{"floor":31,"key":"Grinning Jar"},{"floor":38,"key":"hubris:DuctTape"},{"floor":43,"key":"Strawberry"},{"floor":44,"key":"Replay:Baseball"},{"floor":47,"key":"hubris:Zylophone"},{"floor":48,"key":"Gremlin Food"},{"floor":54,"key":"Calipers"}],"event_choices":[{"damage_healed":0,"gold_gain":0,"cards_transformed":["Strike_B"],"player_choice":"Change","damage_taken":0,"max_hp_gain":0,"max_hp_loss":0,"event_name":"Living Wall","floor":2,"gold_loss":0,"cards_obtained":["Fusion"]},{"damage_healed":0,"gold_gain":100,"player_choice":"Pray","damage_taken":0,"max_hp_gain":0,"max_hp_loss":0,"event_name":"Golden Shrine","floor":3,"gold_loss":0},{"damage_healed":0,"gold_gain":0,"player_choice":"Relic ","damage_taken":12,"max_hp_gain":0,"max_hp_loss":0,"event_name":"betterThird:BetterScrap","floor":5,"gold_loss":0,"cards_obtained":["Metallicize"]},{"damage_healed":0,"gold_gain":0,"player_choice":"Upgraded","damage_taken":0,"max_hp_gain":0,"max_hp_loss":0,"event_name":"Upgrade Shrine","floor":10,"gold_loss":0,"cards_upgraded":["Sunder"]},{"damage_healed":0,"gold_gain":100,"player_choice":"Pray","damage_taken":0,"max_hp_gain":0,"max_hp_loss":0,"event_name":"Golden Shrine","floor":21,"gold_loss":0},{"damage_healed":0,"gold_gain":3,"player_choice":"2","damage_taken":0,"max_hp_gain":0,"max_hp_loss":16,"event_name":"betterStone:BetterStone","floor":46,"gold_loss":0},{"damage_healed":0,"gold_gain":0,"player_choice":"Fight","damage_taken":0,"max_hp_gain":0,"max_hp_loss":0,"event_name":"Mysterious Sphere","floor":47,"gold_loss":0}],"is_beta":false,"boss_relics":[{"not_picked":["Kintsugi","Philosopher\u0027s Stone"],"picked":"aspiration:ServantSkillbook"},{"not_picked":["SlaversCollar","Velvet Choker"],"picked":"Replay:Grab Bag"},{"not_picked":["ReplayTheSpireMod:DimensionalGlitch","Replay:Bronze Core"],"picked":"infinitespire:Cupcake"},{"not_picked":["hubris:CrackedHourglass","Abe\u0027s Treasure"],"picked":"ReplayTheSpireMod:Onyx Gauntlets"},{"not_picked":["Astrolabe","aspiration:PoetsPen_weak"],"picked":"Inserter"}],"items_purged_floors":[20,37],"is_endless":false,"potions_floor_spawned":[6,8,12,16,18,19,24,27,36,41,48],"ascension_level":1}}