{"host":"2htk0ftrajbcnypf","time":1612149153,"event":{"mods":["AchievementEnabler","BaseMod","Better Note","Custom Start","Grow up Mod","Minty Spire (QoL Compilation)","Permanent Neow","Rare Cards Sparkle","Relic Filter Mod","Remove Card Discount Mod","Replay The Spire","StSLib","SuperFastMode"],"gold_per_floor":[117,137,250,62,82,117,136,171,225,238,238,88,88,109,109,208,208,227,245,245,295,308,308,323,177,177,189,189,204,254,270,270,366,366,384,394,135,247,264,264,284,334,334,400,500,514,526,556,556,556,556,556,75,101,101],"floor_reached":56,"language":"ZHS","playtime":2442,"items_purged":["Strike_P","Strike_P","Defend_P","Defend_P","Defend_P","Strike_P","ReplayTheSpireMod:Splinters"],"score":1015,"play_id":"883375c1-2c37-4b2a-82b1-4f77abf46e90","local_time":"20210201111233","is_ascension_mode":false,"campfire_choices":[{"floor":13,"key":"RECALL"},{"floor":15,"key":"REST"},{"data":"Vault","floor":23,"key":"SMITH"},{"floor":28,"key":"REST"},{"floor":32,"key":"REST"},{"floor":40,"key":"REST"},{"floor":49,"key":"REST"},{"data":"FollowUp","floor":52,"key":"SMITH"}],"circlet_count":0,"master_deck":["Strike_P+1","Defend_P","Eruption+1","Vigilance+1","FlurryOfBlows+1","JustLucky+1","FollowUp+1","Vault+1","EmptyFist+1","CutThroughFate","Replay:LoomingThreat+1","FlurryOfBlows+1","PathToVictory+1","Crescendo","Weave+1","ClearTheMind+1","Brilliance+1"],"relics":["HolyWater","Replay:Wax Seal","Damaru","Bag of Preparation","Replay:Baseball","Odd Mushroom","SsserpentHead","Lantern","Gremlin Food","Runic Pyramid","Quantum Egg","Replay:WaspNest","Replay:Towering Pillar of Hats","Nunchaku","Pet Ghost","Golden Egg"],"acts_visited":["Exordium","TheCity","TheBeyond","TheEnding"],"potions_floor_usage":[16,16,16,33,33,45,50,50,50,55,55],"damage_taken":[{"damage":12,"enemies":"Cultist","floor":1,"turns":3},{"damage":11,"enemies":"Jaw Worm","floor":2,"turns":4},{"damage":4,"enemies":"2 Louse","floor":4,"turns":2},{"damage":15,"enemies":"Exordium Wildlife","floor":5,"turns":3},{"damage":33,"enemies":"3 Sentries","floor":6,"turns":10},{"damage":24,"enemies":"2 Fungi Beasts","floor":7,"turns":2},{"damage":8,"enemies":"Lagavulin","floor":8,"turns":3},{"damage":0,"enemies":"Large Slime","floor":10,"turns":3},{"damage":0,"enemies":"The Mushroom Lair","floor":14,"turns":2},{"damage":46,"enemies":"Fading Forest","floor":16,"turns":11},{"damage":12,"enemies":"2 Thieves","floor":18,"turns":3},{"damage":0,"enemies":"Shell Parasite","floor":19,"turns":3},{"damage":0,"enemies":"Centurion and Healer","floor":22,"turns":3},{"damage":13,"enemies":"Snecko","floor":24,"turns":4},{"damage":2,"enemies":"Sentry and Sphere","floor":27,"turns":4},{"damage":0,"enemies":"Centurion and Healer","floor":29,"turns":3},{"damage":0,"enemies":"Snecko","floor":31,"turns":2},{"damage":74,"enemies":"Collector","floor":33,"turns":8},{"damage":17,"enemies":"3 Shapes","floor":35,"turns":3},{"damage":0,"enemies":"3 Darklings","floor":36,"turns":3},{"damage":23,"enemies":"Maw","floor":39,"turns":6},{"damage":5,"enemies":"Sphere and 2 Shapes","floor":41,"turns":3},{"damage":4,"enemies":"Spire Growth","floor":44,"turns":3},{"damage":242,"enemies":"Mind Bloom Boss Battle","floor":45,"turns":4},{"damage":2,"enemies":"Jaw Worm Horde","floor":46,"turns":2},{"damage":6,"enemies":"Maw","floor":47,"turns":4},{"damage":52,"enemies":"Replay:Hell Engine","floor":50,"turns":7},{"damage":76,"enemies":"Shield and Spear","floor":54,"turns":5},{"damage":128,"enemies":"The Heart","floor":55,"turns":7}],"seed_played":"7513484824123285266","potions_obtained":[{"floor":2,"key":"Swift Potion"},{"floor":6,"key":"Venom Potion"},{"floor":10,"key":"SpeedPotion"},{"floor":16,"key":"StancePotion"},{"floor":19,"key":"EssenceOfSteel"},{"floor":22,"key":"Elixir"},{"floor":27,"key":"AttackPotion"},{"floor":35,"key":"Venom Potion"},{"floor":36,"key":"LiquidMemories"},{"floor":48,"key":"Elixir"}],"is_trial":false,"path_per_floor":["M","M","$","M","M","E","M","E","T","M","?","$","R","?","R","B",null,"M","M","?","?","M","R","M","$","T","M","R","M","?","M","R","B",null,"M","M","$","?","M","R","M","?","T","M","?","M","M","?","R","B",null,"R","$","E","B",null],"character_chosen":"WATCHER","items_purchased":["Replay:Wax Seal","Replay:Baseball","Lantern","Quantum Egg","Nunchaku","Pet Ghost","BottledMiracle","Milkshake","FearPotion"],"campfire_rested":5,"item_purchase_floors":[3,12,25,37,53,53,53,53,53],"current_hp_per_floor":[80,79,89,95,90,67,53,55,65,75,49,59,69,79,155,143,252,250,260,270,280,290,300,297,307,317,325,362,372,382,392,402,338,422,415,425,435,445,432,482,487,497,507,513,281,289,293,303,481,439,592,602,612,546,428],"gold":101,"neow_bonus":"THREE_CARDS","is_daily":false,"chose_seed":false,"campfire_upgraded":2,"win_rate":0.0,"timestamp":1612149153,"path_taken":["M","M","$","M","?","E","M","E","T","M","?","$","R","?","R","BOSS","M","M","?","?","M","R","M","$","T","M","R","M","?","M","R","BOSS","M","M","$","?","M","R","M","?","T","?","?","M","M","?","R","BOSS","R","$","E","BOSS"],"items_purchased_type":["Relic","Relic","Relic","Relic","Relic","Relic","Potion","Potion","Potion"],"build_version":"2020-12-22","purchased_purges":7,"victory":true,"max_hp_per_floor":[92,102,112,122,132,142,152,162,172,182,192,202,212,222,232,242,252,262,272,282,292,302,312,322,332,342,352,362,372,382,392,402,412,422,432,442,452,462,472,482,492,502,512,522,532,542,552,562,572,582,592,602,612,622,632],"card_choices":[{"not_picked":["EmptyFist","BowlingBash"],"picked":"FlurryOfBlows","floor":0},{"not_picked":["BowlingBash","Replay:Cycle","CrushJoints"],"picked":"SKIP","floor":1},{"not_picked":["FlurryOfBlows","Replay:Battleflow","EmptyBody"],"picked":"SKIP","floor":2},{"not_picked":["Replay:Vibes","Vengeance"],"picked":"JustLucky","floor":4},{"not_picked":["Indignation","Replay:Vibes","Perseverance"],"picked":"SKIP","floor":5},{"not_picked":["CarveReality","FlurryOfBlows","DevaForm"],"picked":"SKIP","floor":6},{"not_picked":["Halt","Vengeance"],"picked":"FollowUp","floor":7},{"not_picked":["Replay:AtTheReady","ThirdEye","WheelKick"],"picked":"SKIP","floor":8},{"not_picked":["ThirdEye","ClearTheMind","PathToVictory"],"picked":"SKIP","floor":10},{"not_picked":["Replay:AllIn","Blasphemy"],"picked":"Vault","floor":16},{"not_picked":["Halt","BowlingBash","WreathOfFlame"],"picked":"SKIP","floor":18},{"not_picked":["Fasting2","Halt"],"picked":"EmptyFist","floor":19},{"not_picked":["Protect","FlurryOfBlows"],"picked":"CutThroughFate","floor":22},{"not_picked":["DevaForm","Consecrate","BowlingBash"],"picked":"SKIP","floor":24},{"not_picked":["Replay:ManipulateFuture","JustLucky","Consecrate"],"picked":"SKIP","floor":27},{"not_picked":["Nirvana","Replay:AllIn","Replay:Battleflow"],"picked":"SKIP","floor":29},{"not_picked":["FlurryOfBlows","Collect+1","Replay:Anticipation+1"],"picked":"SKIP","floor":31},{"not_picked":["Establishment","Judgement"],"picked":"Replay:LoomingThreat","floor":33},{"not_picked":["PathToVictory+1","BowlingBash"],"picked":"FlurryOfBlows+1","floor":35},{"not_picked":["ReachHeaven","FollowUp"],"picked":"PathToVictory+1","floor":36},{"not_picked":["BowlingBash+1","Replay:AtTheReady+1","ThirdEye+1"],"picked":"SKIP","floor":39},{"not_picked":["Replay:BluntJabs","CarveReality"],"picked":"Crescendo","floor":41},{"not_picked":["Evaluate","Halt"],"picked":"Weave","floor":44},{"not_picked":["Replay:AtTheReady+1","EmptyMind+1","CrushJoints+1"],"picked":"SKIP","floor":46},{"not_picked":["TalkToTheHand+1","ThirdEye"],"picked":"ClearTheMind+1","floor":47},{"not_picked":["Replay:Battleflow+1","PathToVictory+1"],"picked":"Brilliance","floor":54}],"player_experience":8023,"relics_obtained":[{"floor":6,"key":"Damaru"},{"floor":8,"key":"Bag of Preparation"},{"floor":14,"key":"Odd Mushroom"},{"floor":26,"key":"Gremlin Food"},{"floor":43,"key":"Replay:WaspNest"},{"floor":45,"key":"Replay:Towering Pillar of Hats"},{"floor":54,"key":"Golden Egg"}],"event_choices":[{"damage_healed":0,"gold_gain":0,"player_choice":"Entered Light","damage_taken":36,"max_hp_gain":0,"max_hp_loss":0,"event_name":"Shining Light","floor":11,"gold_loss":0,"cards_upgraded":["JustLucky","Strike_P"]},{"damage_healed":0,"gold_gain":0,"player_choice":"Fought Mushrooms","damage_taken":0,"max_hp_gain":0,"max_hp_loss":0,"event_name":"Mushrooms","floor":14,"gold_loss":0},{"damage_healed":0,"gold_gain":0,"player_choice":"Trade","damage_taken":0,"relics_obtained":["SsserpentHead"],"max_hp_gain":0,"max_hp_loss":0,"event_name":"FaceTrader","floor":20,"gold_loss":0},{"damage_healed":0,"gold_gain":0,"player_choice":"Forge","damage_taken":0,"max_hp_gain":0,"max_hp_loss":0,"event_name":"Accursed Blacksmith","floor":21,"gold_loss":0,"cards_upgraded":["Eruption"]},{"damage_healed":0,"gold_gain":0,"player_choice":"0 cards matched","damage_taken":0,"max_hp_gain":0,"max_hp_loss":0,"event_name":"Match and Keep!","floor":30,"gold_loss":0,"cards_obtained":[]},{"damage_healed":0,"gold_gain":0,"player_choice":"Upgraded","damage_taken":0,"max_hp_gain":0,"max_hp_loss":0,"event_name":"Upgrade Shrine","floor":42,"gold_loss":0,"cards_upgraded":["Replay:LoomingThreat"]},{"damage_healed":0,"gold_gain":0,"player_choice":"Fight","damage_taken":0,"max_hp_gain":0,"max_hp_loss":0,"event_name":"MindBloom","floor":45,"gold_loss":0},{"damage_healed":0,"gold_gain":0,"player_choice":"Bought 1 Potion","damage_taken":0,"max_hp_gain":0,"max_hp_loss":0,"event_name":"The Woman in Blue","floor":48,"gold_loss":0}],"is_beta":false,"boss_relics":[{"not_picked":["Empty Cage","Coffee Dripper"],"picked":"HolyWater"},{"not_picked":["Calling Bell","Astrolabe"],"picked":"Runic Pyramid"}],"items_purged_floors":[3,3,3,3,3,25,53],"is_endless":false,"potions_floor_spawned":[2,6,10,16,19,22,27,35,36,39,44],"ascension_level":0}}