{"host":"b5fatnnekk5nir4z","time":1612189718,"event":{"mods":["Act Like it!","Aspiration","BaseMod","Better Match","Better Note","Better Sensory Stone","Better Skull","Better Third Choice","Better Vampires","Colored Powertips","Conspire","Downfall","Energized Spire","GifTheSpireLib","Gremlin Skip","Halation","Hubris","Infinite Spire","Marisa（F雨　魔理沙）","Mimic Mod","Minty Spire (QoL Compilation)","Pale of the Ancients","Permanent Neow","Reliquary","Replay The Spire","RumiaBox-露米娅的神秘盒子","Shop Mod","Spikes Relics","StSLib","Stuff the Spire","Trackpad"],"gold_per_floor":[99,114,132,42,56,56,91,91,91,91,129,163,182,210,229,335,335,335,355,376,376,376,376,376,376],"floor_reached":23,"language":"ZHS","playtime":1100,"items_purged":["hexamod:Defend"],"score":224,"play_id":"3fd08b2f-3f74-48f2-8c4e-5b2a94cbc980","local_time":"20210201222838","is_ascension_mode":false,"campfire_choices":[{"floor":1.0,"key":"DIG"},{"data":"hexamod:EmpoweredFlame","floor":6.0,"key":"SMITH"},{"data":"hexamod:SwordOfDarkness","floor":8.0,"key":"SMITH"},{"floor":18,"key":"DIG"}],"circlet_count":0,"master_deck":["hexamod:EmpoweredFlame+1","hexamod:SwordOfDarkness+1","hexamod:AdvancingGuard","hexamod:HauntingEcho","hexamod:ShieldOfDarkness","hexamod:InspiringFlames","hexamod:SecondSeal","hexamod:FifthSeal","hexamod:FirstSeal","hexamod:SixthSeal","infinitespire:Pacifist","conspire:Banana","hexamod:VolcanoVisage","Amnesia","hexamod:ThirdSeal"],"relics":["hexamod:SpiritBrand","aspiration:FetidBarrel","hubris:TenFootPole","SSSystem","hubris:Metronome","trackpad:CultistFigurine","reliquary:KinkedSpring","StuffTheSpire:MayFlowers"],"acts_visited":["Exordium","TheCity"],"potions_floor_usage":[20],"damage_taken":[{"damage":1.0,"enemies":"Jaw Worm","floor":2.0,"turns":3.0},{"damage":0.0,"enemies":"Cultist","floor":3.0,"turns":3.0},{"damage":0.0,"enemies":"downfall:FleeingMerchant","floor":4.0,"turns":4.0},{"damage":0.0,"enemies":"2 Louse","floor":5.0,"turns":2.0},{"damage":1.0,"enemies":"Blue Slaver","floor":7.0,"turns":7.0},{"damage":7.0,"enemies":"conspire:MimicChest","floor":11.0,"turns":6.0},{"damage":0.0,"enemies":"3 Sentries","floor":12.0,"turns":7.0},{"damage":2.0,"enemies":"Blue Slaver","floor":13.0,"turns":3.0},{"damage":5.0,"enemies":"Lagavulin","floor":14.0,"turns":5.0},{"damage":0.0,"enemies":"3 Louse","floor":15.0,"turns":3.0},{"damage":38.0,"enemies":"DF_ARCHETYPE_STREAMLINE","floor":16.0,"turns":8.0},{"damage":17,"enemies":"Shell Parasite","floor":19,"turns":6},{"damage":12,"enemies":"Centurion and Healer","floor":20,"turns":7},{"damage":21,"enemies":"Snake Plant","floor":23,"turns":2}],"seed_played":"-2435653250081043823","potions_obtained":[{"floor":11.0,"key":"champ:CounterPotion"},{"floor":12.0,"key":"Toxic Potion"},{"floor":13.0,"key":"Fire Potion"},{"floor":14.0,"key":"Elixir"}],"is_trial":false,"path_per_floor":["R","M","M","$","M","R","MIM","R","?","?","?","E","M","E","M","B",null,"R","M","M","?","?","M"],"character_chosen":"THE_SPIRIT","items_purchased":[],"campfire_rested":0,"item_purchase_floors":[],"current_hp_per_floor":[63,62,62,62,62,62,61,61,61,61,54,54,52,47,47,9,63,63,49,49,49,49,29,29,29],"gold":376,"neow_bonus":"REMOVE_TWO","is_daily":false,"chose_seed":false,"campfire_upgraded":2,"win_rate":0.0,"timestamp":1612189718,"path_taken":["R","M","M","$","M","R","MIM","R","?","?","?","E","M","E","M","BOSS","R","M","M","?","?","M"],"items_purchased_type":[],"build_version":"2020-12-22","purchased_purges":1,"victory":false,"max_hp_per_floor":[63,63,63,63,63,63,63,63,63,63,63,63,63,63,63,63,63,63,63,63,63,63,64,64,64],"card_choices":[{"not_picked":["hexamod:Incineration","hexamod:FastForward"],"picked":"hexamod:EmpoweredFlame","floor":2.0},{"not_picked":["hexamod:ShieldOfDarkness","hexamod:PowerFromBeyond"],"picked":"hexamod:SwordOfDarkness","floor":3.0},{"not_picked":["hexamod:NightmareStrike","hexamod:SpectralSpark"],"picked":"hexamod:AdvancingGuard","floor":4.0},{"not_picked":["hexamod:Rewind","hexamod:ShieldOfDarkness","hexamod:DynamicBlow"],"picked":"SKIP","floor":5.0},{"not_picked":["hexamod:FlamesFromBeyond","hexamod:BacktrackSmack"],"picked":"hexamod:HauntingEcho","floor":7.0},{"not_picked":["hexamod:ExtraCrispy","hexamod:BurningTouch"],"picked":"hexamod:ShieldOfDarkness","floor":11.0},{"not_picked":["hexamod:RecurringNightmare","hexamod:ExtraCrispy","hexamod:BacktrackSmack"],"picked":"SKIP","floor":12.0},{"not_picked":["hexamod:RainOfEmbers","hexamod:ThermalTransfer","hexamod:Rewind"],"picked":"SKIP","floor":13.0},{"not_picked":["hexamod:SuperheatedStrike","hexamod:NightmareGuise"],"picked":"hexamod:InspiringFlames","floor":14.0},{"not_picked":["hexamod:InspiringFlames","hexamod:ThermalTransfer"],"picked":"hexamod:SecondSeal","floor":15.0},{"not_picked":["hexamod:GhostflameInferno","hexamod:TimeOfNeed"],"picked":"hexamod:FifthSeal","floor":16.0},{"not_picked":["hexamod:ThirdSeal","hexamod:SixthSeal"],"picked":"hexamod:FirstSeal","floor":19},{"not_picked":["hexamod:HeatShield","hexamod:SoulSteal","hexamod:HauntingEcho+1"],"picked":"SKIP","floor":19},{"not_picked":["hexamod:FirstSeal","hexamod:FourthSeal"],"picked":"hexamod:SixthSeal","floor":20},{"not_picked":["hexamod:BurningTouch","hexamod:HauntingEcho","hexamod:SwordOfDarkness+1"],"picked":"SKIP","floor":20}],"player_experience":21230,"relics_obtained":[{"floor":1.0,"key":"aspiration:FetidBarrel"},{"floor":7.0,"key":"hubris:TenFootPole"},{"floor":11.0,"key":"SSSystem"},{"floor":12.0,"key":"hubris:Metronome"},{"floor":14.0,"key":"trackpad:CultistFigurine"},{"floor":18,"key":"StuffTheSpire:MayFlowers"}],"event_choices":[{"damage_healed":0.0,"max_hp_gain":0.0,"max_hp_loss":0.0,"gold_gain":0.0,"event_name":"conspire:LoneGhost","player_choice":"Agree","floor":10.0,"gold_loss":0.0,"damage_taken":0.0}],"is_beta":false,"boss_relics":[{"not_picked":["trackpad:StolenKidneys","conspire:RoyalGoblet"],"picked":"reliquary:KinkedSpring"}],"items_purged_floors":[4],"is_endless":false,"potions_floor_spawned":[11,12,13,14,16,19],"killed_by":"Snake Plant","ascension_level":0}}