{"host":"skr63qsdfgeey3it","time":1612221994,"event":{"mods":["BaseMod","Colored Map","Hubris","Minty Spire (QoL Compilation)","Replay The Spire","Spicy Shops","StSLib"],"gold_per_floor":[116,116,52,52,68,98,98,171,171,189,207,242,261,276,276,379,379,396,415,415,78,92,92,92,92],"floor_reached":24,"language":"ENG","playtime":1139,"items_purged":[],"score":361,"play_id":"eccdd7e4-8d5e-438b-9117-aa429a13dca0","local_time":"20210201172634","is_ascension_mode":true,"campfire_choices":[{"floor":15,"key":"REST"},{"data":"ReplaySort","floor":23,"key":"PURGE"}],"circlet_count":0,"master_deck":["AscendersBane","Strike_B","Strike_B","Strike_B","Defend_B","Defend_B","Defend_B","Defend_B","Zap","Dualcast","Reinforced Body","hubris:EnhanceAbility+1","Magnetism","Purity","FIFO Queue+1","Double Energy","Consume","FIFO Queue","Loop","Electrodynamics","Static Discharge+1","Static Discharge","hubris:PowerSurge+1","ReplayTheSpireMod:System Scan","hubris:EnhanceAbility","Pot Of Greed","Pot Of Greed","Pot Of Greed","Barrage+1","Seek"],"relics":["Cracked Core","NeowsBlessing","hubris:Icosahedron","ReplayTheSpireMod:ShopPack","PreservedInsect","hubris:CrystalStatue","hubris:SphereOfDissonance","Peace Pipe","SlaversCollar","Prayer Wheel","hubris:BottledHeart","Grinning Jar"],"acts_visited":["Exordium","TheCity"],"potions_floor_usage":[12,13,14,16,22],"damage_taken":[{"damage":0,"enemies":"Cultist","floor":1,"turns":1},{"damage":0,"enemies":"2 Louse","floor":5,"turns":1},{"damage":0,"enemies":"Gremlin Nob","floor":6,"turns":1},{"damage":0,"enemies":"Jaw Worm","floor":10,"turns":3},{"damage":0,"enemies":"Blue Slaver","floor":11,"turns":4},{"damage":20,"enemies":"3 Sentries","floor":12,"turns":6},{"damage":37,"enemies":"Exordium Wildlife","floor":13,"turns":7},{"damage":6,"enemies":"Looter","floor":14,"turns":3},{"damage":7,"enemies":"Slime Boss","floor":16,"turns":9},{"damage":18,"enemies":"Shell Parasite","floor":18,"turns":8},{"damage":22,"enemies":"Spheric Guardian","floor":19,"turns":4},{"damage":0,"enemies":"Shelled Parasite and Fungi","floor":22,"turns":5},{"damage":7,"enemies":"Slavers","floor":24,"turns":3}],"seed_played":"-1053090988764024022","potions_obtained":[{"floor":1,"key":"SteroidPotion"},{"floor":10,"key":"Reflective Coating"},{"floor":12,"key":"ColorlessPotion"},{"floor":13,"key":"Explosive Potion"},{"floor":19,"key":"Languid Potion"}],"is_trial":false,"path_per_floor":["M","?","$","?","M","E","?","T","T","M","M","E","M","M","R","B",null,"M","M","?","$","M","R","E"],"character_chosen":"DEFECT","items_purchased":["ReplayTheSpireMod:ShopPack","hubris:EnhanceAbility","Grinning Jar"],"campfire_rested":1,"item_purchase_floors":[3,21,21],"current_hp_per_floor":[68,68,68,68,68,68,53,53,53,75,75,55,18,12,34,27,63,45,23,1,1,1,1,0,0],"gold":92,"neow_bonus":"THREE_ENEMY_KILL","is_daily":false,"chose_seed":false,"campfire_upgraded":0,"win_rate":0.0,"timestamp":1612221994,"path_taken":["M","?","$","?","?","E","?","?","T","M","M","E","M","M","R","BOSS","M","M","?","$","M","R","E"],"items_purchased_type":["Relic","Card","Relic"],"build_version":"2020-12-22","purchased_purges":0,"victory":false,"max_hp_per_floor":[75,75,75,75,75,75,75,75,75,75,75,75,75,75,75,75,75,75,75,1,1,1,1,1,1],"card_choices":[{"not_picked":["Steam","Aggregate"],"picked":"Reinforced Body","floor":1},{"not_picked":["Violence","Thinking Ahead"],"picked":"hubris:EnhanceAbility","floor":3},{"not_picked":["PanicButton","Transmutation"],"picked":"Magnetism","floor":3},{"not_picked":["Madness","Poisoned Strike"],"picked":"Purity","floor":3},{"not_picked":["Beam Cell","Turbo"],"picked":"FIFO Queue","floor":5},{"not_picked":["Cold Snap","Compile Driver"],"picked":"Double Energy","floor":6},{"not_picked":["Rebound","Capacitor"],"picked":"ReplaySort","floor":10},{"not_picked":["Reinforced Body","Compile Driver"],"picked":"Consume","floor":11},{"not_picked":["Hologram","Panic Button"],"picked":"FIFO Queue","floor":12},{"not_picked":["Steam","Gash","Hello World"],"picked":"SKIP","floor":13},{"not_picked":["Compile Driver","Genetic Algorithm"],"picked":"Loop","floor":14},{"not_picked":["Buffer","Reboot"],"picked":"Electrodynamics","floor":16},{"not_picked":["Cold Snap","Steam"],"picked":"Static Discharge+1","floor":18},{"not_picked":["BasicCrystalCard","Double Energy"],"picked":"Static Discharge","floor":18},{"not_picked":["FIFO Queue","Redo"],"picked":"hubris:PowerSurge+1","floor":19},{"not_picked":["BasicCrystalCard","Stack"],"picked":"ReplayTheSpireMod:System Scan","floor":19},{"not_picked":["ReplayTheSpireMod:System Scan","Sweeping Beam"],"picked":"Barrage+1","floor":22},{"not_picked":["BasicCrystalCard","Hologram"],"picked":"Seek","floor":22}],"player_experience":847930,"relics_obtained":[{"floor":6,"key":"PreservedInsect"},{"floor":8,"key":"hubris:CrystalStatue"},{"floor":9,"key":"hubris:SphereOfDissonance"},{"floor":12,"key":"Peace Pipe"}],"event_choices":[{"cards_removed":["Strike_B"],"damage_healed":0,"gold_gain":0,"player_choice":"Card Removal","damage_taken":0,"max_hp_gain":0,"max_hp_loss":0,"event_name":"Wheel of Change","floor":4,"gold_loss":0},{"damage_healed":0,"gold_gain":0,"player_choice":"Entered Light","damage_taken":15,"max_hp_gain":0,"max_hp_loss":0,"event_name":"Shining Light","floor":7,"gold_loss":0,"cards_upgraded":["hubris:EnhanceAbility","FIFO Queue"]}],"is_beta":false,"boss_relics":[{"not_picked":["Coffee Dripper","Busted Crown"],"picked":"SlaversCollar"}],"items_purged_floors":[],"is_endless":false,"potions_floor_spawned":[1,10,12,13,19],"killed_by":"Slavers","ascension_level":11}}