{"host":"h77azxdx0evtsxw5","time":1612199050,"event":{"mods":["AchievementEnabler","BaseMod","Better Vampires","Minty Spire (QoL Compilation)","Quick Restart","Rare Cards Sparkle","Relic Stats"],"gold_per_floor":[109,34,34,34,47,90,90,128,128,46,62,62,62,76,76,201,201,201,201],"floor_reached":18,"language":"ENG","playtime":765,"items_purged":["Strike_R"],"score":251,"play_id":"2a8b1c1c-1682-4d2f-a238-ac69e32c88f7","local_time":"20210201120410","is_ascension_mode":true,"campfire_choices":[{"data":"Fiend Fire","floor":15.0,"key":"SMITH"}],"circlet_count":0,"master_deck":["Strike_R+1","Strike_R","Strike_R","Defend_R+1","Defend_R","Defend_R","Defend_R","Bash","Intimidate","Fiend Fire+1","Feel No Pain","Parasite"],"relics":["Burning Blood","NeowsBlessing","Golden Idol","Dead Branch","Bag of Preparation","Turnip","Empty Cage"],"acts_visited":["Exordium","TheCity"],"potions_floor_usage":[16,18],"damage_taken":[{"damage":0.0,"enemies":"2 Louse","floor":1.0,"turns":1.0},{"damage":0.0,"enemies":"Jaw Worm","floor":5.0,"turns":1.0},{"damage":0.0,"enemies":"Lagavulin","floor":6.0,"turns":2.0},{"damage":36.0,"enemies":"3 Sentries","floor":8.0,"turns":7.0},{"damage":0.0,"enemies":"Small Slimes","floor":11.0,"turns":2.0},{"damage":3.0,"enemies":"2 Fungi Beasts","floor":14.0,"turns":3.0},{"damage":50,"enemies":"Hexaghost","floor":16,"turns":9},{"damage":73,"enemies":"3 Byrds","floor":18,"turns":8}],"seed_played":"2463845871985172828","potions_obtained":[{"floor":11.0,"key":"GamblersBrew"},{"floor":16,"key":"BloodPotion"}],"is_trial":false,"path_per_floor":["M","$","?","?","M","E","?","E","T","$","M","?","?","M","R","B",null,"M"],"character_chosen":"IRONCLAD","items_purchased":["Feel No Pain"],"campfire_rested":0,"item_purchase_floors":[10],"current_hp_per_floor":[78,78,62,62,68,74,79,49,49,49,55,76,69,72,72,28,71,15,15],"gold":201,"neow_bonus":"THREE_ENEMY_KILL","is_daily":false,"chose_seed":false,"campfire_upgraded":1,"win_rate":0.0,"timestamp":1612199050,"path_taken":["M","$","?","?","M","E","?","E","T","?","M","?","?","M","R","BOSS","M"],"items_purchased_type":["Card"],"build_version":"2020-12-22","purchased_purges":1,"victory":false,"max_hp_per_floor":[80,80,80,80,80,80,85,85,85,85,85,85,85,85,85,85,85,85,85],"relic_stats":{"counters":[8,33],"Golden Idol":51,"Dead Branch":[29],"Turnip":[1],"Bag of Preparation":[8],"obtain_stats":[{"NeowsBlessing":0,"Golden Idol":4,"Dead Branch":6,"Turnip":9,"Bag of Preparation":8,"Empty Cage":17,"Burning Blood":0},{"NeowsBlessing":0,"Golden Idol":1,"Dead Branch":3,"Turnip":4,"Bag of Preparation":4,"Empty Cage":7,"Burning Blood":0},{"NeowsBlessing":0,"Golden Idol":1,"Dead Branch":4,"Turnip":11,"Bag of Preparation":11,"Empty Cage":25,"Burning Blood":0}],"Burning Blood":42},"card_choices":[{"not_picked":["Twin Strike","Flame Barrier","Havoc"],"picked":"SKIP","floor":1.0},{"not_picked":["Armaments","Shrug It Off"],"picked":"Anger","floor":5.0},{"not_picked":["Shrug It Off","Flex"],"picked":"Intimidate","floor":6.0},{"not_picked":["Fire Breathing","Dropkick"],"picked":"Fiend Fire","floor":8.0},{"not_picked":["True Grit","Shrug It Off","Iron Wave"],"picked":"SKIP","floor":11.0},{"not_picked":["Clothesline","Pommel Strike","Wild Strike"],"picked":"SKIP","floor":14.0}],"player_experience":283986,"relics_obtained":[{"floor":6.0,"key":"Dead Branch"},{"floor":8.0,"key":"Bag of Preparation"},{"floor":9.0,"key":"Turnip"}],"event_choices":[{"damage_healed":0.0,"max_hp_gain":0.0,"max_hp_loss":0.0,"gold_gain":0.0,"event_name":"Shining Light","player_choice":"Entered Light","floor":3.0,"gold_loss":0.0,"damage_taken":16.0,"cards_upgraded":["Strike_R","Defend_R"]},{"damage_healed":0.0,"max_hp_gain":0.0,"max_hp_loss":0.0,"gold_gain":0.0,"event_name":"Golden Idol","player_choice":"Take Wound","floor":4.0,"gold_loss":0.0,"damage_taken":0.0,"relics_obtained":["Golden Idol"],"cards_obtained":["Injury"]},{"damage_healed":0.0,"max_hp_gain":5.0,"max_hp_loss":0.0,"gold_gain":0.0,"event_name":"Big Fish","player_choice":"Donut","floor":7.0,"gold_loss":0.0,"damage_taken":0.0},{"damage_healed":21.0,"max_hp_gain":0.0,"max_hp_loss":0.0,"gold_gain":0.0,"event_name":"Mushrooms","player_choice":"Healed and dodged fight","floor":12.0,"gold_loss":0.0,"damage_taken":0.0,"cards_obtained":["Parasite"]},{"cards_removed":["Injury"],"damage_healed":0.0,"max_hp_gain":0.0,"max_hp_loss":0.0,"gold_gain":0.0,"event_name":"Golden Wing","player_choice":"Card Removal","floor":13.0,"gold_loss":0.0,"damage_taken":7.0}],"is_beta":false,"boss_relics":[{"not_picked":["Pandora\u0027s Box","Black Star"],"picked":"Empty Cage"}],"items_purged_floors":[2],"is_endless":false,"potions_floor_spawned":[11,16],"killed_by":"3 Byrds","ascension_level":6}}