{"host":"va54hb6vb0xjmjwj","time":1612187798,"event":{"mods":["BaseMod","Highlight Path","Minty Spire (QoL Compilation)","Replay The Spire","StSLib"],"gold_per_floor":[115,115,131,131,61,86,86,102,102,117,117,127,127,127,127,226,226,238,254,254,270,24,24,40,56,82,82,115,115,115,165,165,275,275,299,299,299,299,331,331,373,428,510,551,586,292,370,423,423,445],"floor_reached":51,"language":"ENG","playtime":5728,"items_purged":["Pain","Delirium"],"score":594,"play_id":"4a2215e4-e05e-44dc-a00e-a4ea82ffed49","local_time":"20210201085638","is_ascension_mode":false,"campfire_choices":[{"data":"Tools of the Trade","floor":7,"key":"SMITH"},{"floor":13,"key":"REST"},{"data":"ReplayTheSpireMod:Shiv Toss","floor":15,"key":"SMITH"},{"floor":23,"key":"REST"},{"floor":32,"key":"REST"},{"data":"Well Laid Plans","floor":40,"key":"SMITH"},{"floor":49,"key":"REST"}],"circlet_count":0,"master_deck":["Strike_G+2","Defend_G","Defend_G","Defend_G","Defend_G+2","Survivor","Neutralize","Hidden Blade","Tools of the Trade+1","Well Laid Plans+1","A Thousand Cuts+1","Hidden Blade","Tactician+1","Dagger Spray","Neutralize","ReplayTheSpireMod:Shiv Toss+1","A Thousand Cuts+1","After Image+1","Choke+1","Escape Plan+1","Footwork","Dash+1","Deflect+1","Cloak And Dagger+1","ReplayTheSpireMod:Scrap Shanks+1","Backstab+1","Eviscerate","Footwork","Noxious Fumes","CommonCold","Replay:Bag of Tricks+1","Heel Hook","Underhanded Strike","Prepared+1","Setup+1","Parasite","PiercingWail+1","Blade Dance+1","ReplayTheSpireMod:Scrap Shanks+1","After Image+1","Deflect+1"],"relics":["Ring of the Snake","NeowsBlessing","Golden Egg","Replay:Bottled Snecko","Astrolabe","WarpedTongs","Nunchaku","Ice Cream","Ring of Peace","Replay:Bandana","Pet Ghost","Replay:Bronze Core","ReplayTheSpireMod:Ninjato","Chemical X","Simple Rune"],"acts_visited":["Exordium","TheCity","TheBeyond"],"potions_floor_usage":[16,18,19,28,33,41],"damage_taken":[{"damage":0,"enemies":"2 Louse","floor":1,"turns":1},{"damage":0,"enemies":"Small Slimes","floor":3,"turns":1},{"damage":0,"enemies":"Lagavulin","floor":6,"turns":1},{"damage":0,"enemies":"Jaw Worm","floor":8,"turns":3},{"damage":13,"enemies":"Large Slime","floor":10,"turns":5},{"damage":9,"enemies":"Red Slaver","floor":12,"turns":4},{"damage":44,"enemies":"Hexaghost","floor":16,"turns":12},{"damage":28,"enemies":"2 Thieves","floor":18,"turns":3},{"damage":12,"enemies":"Spheric Guardian","floor":19,"turns":2},{"damage":15,"enemies":"Centurion and Healer","floor":21,"turns":8},{"damage":14,"enemies":"Chosen and Byrds","floor":24,"turns":6},{"damage":7,"enemies":"Cultist and Chosen","floor":25,"turns":5},{"damage":10,"enemies":"Gremlin Leader","floor":28,"turns":8},{"damage":24,"enemies":"Automaton","floor":33,"turns":8},{"damage":8,"enemies":"3 Shapes","floor":35,"turns":4},{"damage":0,"enemies":"3 Darklings","floor":39,"turns":5},{"damage":17,"enemies":"Jaw Worm Horde","floor":41,"turns":4},{"damage":0,"enemies":"Transient","floor":42,"turns":5},{"damage":0,"enemies":"Writhing Mass","floor":44,"turns":6},{"damage":0,"enemies":"3 Darklings","floor":45,"turns":5},{"damage":0,"enemies":"Spire Growth","floor":48,"turns":6},{"damage":0,"enemies":"Replay:Hell Engine","floor":50,"turns":6}],"seed_played":"7304334795653135472","potions_obtained":[{"floor":3,"key":"Explosive Potion"},{"floor":6,"key":"Elixir"},{"floor":16,"key":"Death Potion"},{"floor":18,"key":"Explosive Potion"},{"floor":19,"key":"DuplicationPotion"},{"floor":33,"key":"SteroidPotion"},{"floor":35,"key":"Poison Potion"},{"floor":42,"key":"PowerPotion"},{"floor":48,"key":"SpeedPotion"}],"is_trial":false,"path_per_floor":["M","?","M","?","$","E","R","M","T","M","?","M","R","?","R","B",null,"M","M","?","M","$","R","M","M","T","?","E","?","?","T","R","B",null,"M","?","?","?","M","R","M","M","T","M","M","$","?","M","R","B",null],"character_chosen":"THE_SILENT","items_purchased":["Well Laid Plans","Cloak And Dagger","ReplayTheSpireMod:Scrap Shanks","Backstab","ReplayTheSpireMod:Scrap Shanks","Chemical X"],"campfire_rested":4,"item_purchase_floors":[5,22,22,22,46,46],"current_hp_per_floor":[70,56,56,49,49,49,49,49,49,36,36,27,48,48,48,4,70,42,30,30,15,15,36,22,15,15,38,28,28,28,28,49,25,70,62,62,62,62,62,62,45,45,45,45,45,45,28,28,49,49],"gold":445,"neow_bonus":"THREE_ENEMY_KILL","is_daily":false,"chose_seed":false,"campfire_upgraded":3,"win_rate":0.0,"timestamp":1612187798,"path_taken":["M","?","M","?","$","E","R","M","T","?","?","?","R","?","R","BOSS","M","?","?","M","$","R","?","M","T","?","E","?","?","?","R","BOSS","M","?","?","?","M","R","M","?","T","M","M","$","?","M","R","BOSS"],"items_purchased_type":["Card","Card","Card","Card","Card","Relic"],"build_version":"2020-12-22","purchased_purges":2,"victory":true,"max_hp_per_floor":[70,70,70,70,70,70,70,70,70,70,70,70,70,70,70,70,70,70,70,70,70,70,70,70,70,70,70,70,70,70,70,70,70,70,70,70,70,70,70,70,70,70,70,70,70,70,70,70,70,70],"card_choices":[{"not_picked":["Sucker Punch","Toxin Wave"],"picked":"Hidden Blade","floor":1},{"not_picked":["Dodge and Roll","Deflect"],"picked":"Tools of the Trade","floor":3},{"not_picked":["Dodge and Roll","Bane"],"picked":"A Thousand Cuts","floor":6},{"not_picked":["Expertise","Outmaneuver"],"picked":"Hidden Blade","floor":8},{"not_picked":["Dagger Throw","PiercingWail"],"picked":"Tactician","floor":10},{"not_picked":["Endless Agony","Bouncing Flask"],"picked":"ReplayTheSpireMod:Shiv Toss","floor":12},{"not_picked":["After Image","Tools of the Trade"],"picked":"A Thousand Cuts","floor":16},{"not_picked":["Endless Agony","Dodge and Roll"],"picked":"Footwork","floor":18},{"not_picked":["Flying Knee","Slice"],"picked":"Dash+1","floor":19},{"not_picked":["Prepared+1","Quick Slash"],"picked":"Deflect+1","floor":21},{"not_picked":["Masterful Stab","Predator"],"picked":"Eviscerate","floor":24},{"not_picked":["Endless Agony","Poisoned Stab"],"picked":"Footwork","floor":25},{"not_picked":["Unload","ReplayTheSpireMod:The Works"],"picked":"Noxious Fumes","floor":28},{"not_picked":["Night Terror","Atom Bomb"],"picked":"Replay:Bag of Tricks","floor":33},{"not_picked":["Noxious Fumes+1","Backflip"],"picked":"Heel Hook","floor":35},{"not_picked":["Dash+1","Dagger Throw+1"],"picked":"Underhanded Strike","floor":39},{"not_picked":["Acrobatics+1","Outmaneuver"],"picked":"Prepared+1","floor":41},{"not_picked":["Tactician+1","Poisoned Stab"],"picked":"Setup+1","floor":42},{"not_picked":["Slice+1","ReplayTheSpireMod:Speed Training+1"],"picked":"PiercingWail+1","floor":44},{"not_picked":["Backflip+1","Dash"],"picked":"Blade Dance+1","floor":45},{"not_picked":["Caltrops","Acrobatics+1"],"picked":"After Image","floor":47},{"not_picked":["Deadly Poison","Quick Slash"],"picked":"Deflect+1","floor":48}],"player_experience":189948,"relics_obtained":[{"floor":6,"key":"Golden Egg"},{"floor":9,"key":"Replay:Bottled Snecko"},{"floor":26,"key":"Nunchaku"},{"floor":28,"key":"Ice Cream"},{"floor":29,"key":"Ring of Peace"},{"floor":31,"key":"Pet Ghost"},{"floor":43,"key":"ReplayTheSpireMod:Ninjato"},{"floor":47,"key":"Simple Rune"}],"event_choices":[{"damage_healed":0,"gold_gain":0,"player_choice":"Entered Light","damage_taken":14,"max_hp_gain":0,"max_hp_loss":0,"event_name":"Shining Light","floor":2,"gold_loss":0,"cards_upgraded":["Strike_G","Defend_G"]},{"cards_removed":["Strike_G"],"damage_healed":0,"gold_gain":0,"player_choice":"Card Removal","damage_taken":7,"max_hp_gain":0,"max_hp_loss":0,"event_name":"Golden Wing","floor":4,"gold_loss":0},{"damage_healed":0,"gold_gain":0,"player_choice":"2 cards matched","damage_taken":0,"max_hp_gain":0,"max_hp_loss":0,"event_name":"Match and Keep!","floor":11,"gold_loss":0,"cards_obtained":["Dagger Spray","Neutralize"]},{"damage_healed":0,"gold_gain":0,"player_choice":"Upgraded","damage_taken":0,"max_hp_gain":0,"max_hp_loss":0,"event_name":"Upgrade Shrine","floor":14,"gold_loss":0,"cards_upgraded":["Tactician"]},{"damage_healed":0,"gold_gain":0,"player_choice":"Rummage","damage_taken":0,"relics_obtained":["WarpedTongs"],"max_hp_gain":0,"max_hp_loss":0,"event_name":"Accursed Blacksmith","floor":20,"gold_loss":0,"cards_obtained":["Pain"]},{"damage_healed":23,"gold_gain":0,"player_choice":"Heal","damage_taken":0,"max_hp_gain":0,"max_hp_loss":0,"event_name":"The Library","floor":27,"gold_loss":0},{"cards_removed":["Defend_G"],"damage_healed":0,"gold_gain":0,"player_choice":"Removed Skill","damage_taken":0,"max_hp_gain":0,"max_hp_loss":0,"event_name":"Falling","floor":36,"gold_loss":0},{"damage_healed":0,"gold_gain":0,"player_choice":"Ignored","damage_taken":0,"max_hp_gain":0,"max_hp_loss":0,"event_name":"Tomb of Lord Red Mask","floor":37,"gold_loss":0},{"damage_healed":0,"gold_gain":0,"player_choice":"Ignored","damage_taken":0,"max_hp_gain":0,"max_hp_loss":0,"event_name":"SecretPortal","floor":38,"gold_loss":0}],"is_beta":false,"boss_relics":[{"not_picked":["Painkiller Herb","SlaversCollar"],"picked":"Astrolabe"},{"not_picked":["Replay:Wanted Poster","ReplayTheSpireMod:DimensionalGlitch"],"picked":"Replay:Bronze Core"}],"items_purged_floors":[22,46],"is_endless":false,"potions_floor_spawned":[3,6,16,18,19,33,35,42,48],"ascension_level":0}}