{"host":"y7b1p9nkx4idorr2","time":1612186643,"event":{"mods":["AchievementEnabler","Act Like it!","BaseMod","Colored Map","Downfall","GifTheSpireLib","Googly Eyes","Highlight Path","Mimic Mod","Minty Spire (QoL Compilation)","Shop Mod","Spicy Shops","StSLib","Unceasing Turn Reminder"],"gold_per_floor":[99,119,32,43,28,56,109,123,23,49,59,75,104,122,137,137,137,137],"floor_reached":16,"language":"ENG","playtime":916,"items_purged":[],"score":156,"play_id":"9eb11832-5631-4892-9e64-62f43016c286","local_time":"20210201073723","is_ascension_mode":true,"campfire_choices":[{"data":"champ:SwordSigil","floor":1,"key":"SMITH"},{"data":"champ:Improvising","floor":9,"key":"SMITH"}],"circlet_count":0,"master_deck":["champ:Strike","champ:Strike","champ:Strike","champ:Strike","champ:Defend","champ:Defend","champ:Defend","champ:Defend","champ:Execute","champ:Taunt","champ:SwordSigil+1","champ:FocusedBerserking","champ:BerserkersShout","champ:DeathBlow","champ:Shatter","champ:PreciseThrust","champ:Improvising+1","champ:Haymaker","champ:Encircle","champ:RecklessLeap","champ:RecklessLeap","champ:CheapShot","champ:FanOfKnives","champ:FlashCut"],"relics":["champ:ChampionCrown","Lizard Tail","PreservedInsect","downfall:HeartBlessingGreen","Matryoshka","Potion Belt"],"acts_visited":["Exordium"],"potions_floor_usage":[3,16,16],"damage_taken":[{"damage":46,"enemies":"Cultist","floor":2,"turns":3},{"damage":45,"enemies":"downfall:FleeingMerchant","floor":3,"turns":4},{"damage":47,"enemies":"Small Slimes","floor":4,"turns":4},{"damage":60,"enemies":"downfall:FleeingMerchant","floor":5,"turns":4},{"damage":94,"enemies":"Lagavulin","floor":6,"turns":6},{"damage":12,"enemies":"2 Louse","floor":8,"turns":3},{"damage":31,"enemies":"Gremlin Nob","floor":10,"turns":3},{"damage":34,"enemies":"2 Fungi Beasts","floor":11,"turns":2},{"damage":25,"enemies":"Lots of Slimes","floor":12,"turns":2},{"damage":29,"enemies":"Lagavulin","floor":13,"turns":4},{"damage":20,"enemies":"Exordium Wildlife","floor":14,"turns":4},{"damage":22,"enemies":"2 Fungi Beasts","floor":15,"turns":3},{"damage":103,"enemies":"DF_ARCHETYPE_STREAMLINE","floor":16,"turns":9}],"seed_played":"-6561288392567109752","potions_obtained":[{"floor":2,"key":"SkillPotion"},{"floor":4,"key":"hexamod:SoulburnPotion"},{"floor":11,"key":"FearPotion"},{"floor":14,"key":"LiquidMemories"},{"floor":15,"key":"DistilledChaos"}],"is_trial":false,"path_per_floor":["R","M","$","M","$","E","T","M","R","E","M","M","E","M","M","B"],"character_chosen":"THE_CHAMP","items_purchased":["champ:DeathBlow"],"campfire_rested":0,"item_purchase_floors":[3],"current_hp_per_floor":[90,89,89,82,67,48,48,46,46,30,30,30,30,25,13,0,0,0],"gold":137,"neow_bonus":"THREE_CARDS","is_daily":false,"chose_seed":false,"campfire_upgraded":2,"win_rate":0.0,"timestamp":1612186643,"path_taken":["R","M","$","M","?","E","T","M","R","E","M","M","E","?","M","BOSS"],"items_purchased_type":["Card"],"build_version":"2020-12-22","purchased_purges":0,"victory":false,"max_hp_per_floor":[90,90,90,90,90,90,90,90,90,90,90,90,90,90,90,90,90,90],"card_choices":[{"not_picked":["champ:BladeFlurry","champ:FanOfKnives"],"picked":"champ:SwordSigil","floor":0},{"not_picked":["champ:Endure","champ:PreciseThrust"],"picked":"champ:FocusedBerserking","floor":2},{"not_picked":["champ:SkillfulDodge","champ:BringItOn"],"picked":"champ:BerserkersShout","floor":3},{"not_picked":["champ:BerserkersShout","champ:Circumvent"],"picked":"champ:Shatter","floor":4},{"not_picked":["champ:Circumvent","champ:DefensiveStyle"],"picked":"champ:PreciseThrust","floor":5},{"not_picked":["champ:GutPunch","champ:RageSigil"],"picked":"champ:Improvising","floor":6},{"not_picked":["champ:DeathBlow","champ:CrownThrow"],"picked":"champ:Haymaker","floor":8},{"not_picked":["champ:FancyFootwork","champ:BladeFlurry"],"picked":"champ:Encircle","floor":10},{"not_picked":["champ:PreemptiveStrike","champ:CrownThrow"],"picked":"champ:RecklessLeap","floor":11},{"not_picked":["champ:CalledShot","champ:PerfectedStrike"],"picked":"champ:RecklessLeap","floor":12},{"not_picked":["champ:Backstep","champ:EnGarde"],"picked":"champ:CheapShot","floor":13},{"not_picked":["champ:TornadoPunch","champ:StanceDance"],"picked":"champ:FanOfKnives","floor":14},{"not_picked":["champ:Haymaker","champ:Circumvent"],"picked":"champ:FlashCut","floor":15}],"player_experience":2254514,"relics_obtained":[{"floor":6,"key":"Lizard Tail"},{"floor":7,"key":"PreservedInsect"},{"floor":10,"key":"Matryoshka"},{"floor":13,"key":"Potion Belt"}],"event_choices":[],"is_beta":false,"boss_relics":[],"items_purged_floors":[],"is_endless":false,"potions_floor_spawned":[2,4,11,14,15],"killed_by":"DF_ARCHETYPE_STREAMLINE","ascension_level":1}}