{"host":"x5w9zppki4gdwvc7","time":1612175285,"event":{"mods":["AchievementEnabler","BaseMod","Colored Powertips","DeckTracker","Minty Spire (QoL Compilation)","Relic Sorter"],"gold_per_floor":[117,192,192,209,24,24,58,71,116,116,116,132,132,97,97,201,201,220,233,233,2,14,14,39,59,59,59,84,174,189,200,200,200,200],"floor_reached":33,"language":"ENG","playtime":2515,"items_purged":[],"score":292,"play_id":"03c5059f-c438-4308-af00-bbb2172430da","local_time":"20210201112805","is_ascension_mode":true,"campfire_choices":[{"floor":6,"key":"REST"},{"data":"Defragment","floor":11,"key":"SMITH"},{"data":"Redo","floor":13,"key":"SMITH"},{"data":"Go for the Eyes","floor":15,"key":"SMITH"},{"floor":23,"key":"RECALL"},{"floor":32,"key":"REST"}],"circlet_count":0,"master_deck":["Strike_B","Strike_B","Strike_B","Strike_B","Defend_B+1","Defend_B","Defend_B","Defend_B","Zap","Dualcast","Gash+1","Conserve Battery","Defragment+1","Coolheaded","Redo+1","Go for the Eyes+1","Echo Form","Coolheaded","Core Surge","Leap","BootSequence","Flash of Steel","Beam Cell","Hologram+1","Beam Cell+1"],"relics":["SacredBark","Toolbox","Omamori","Blood Vial","The Courier","Fusion Hammer","Mummified Hand","Dream Catcher","Question Card","Orichalcum"],"acts_visited":["Exordium","TheCity"],"potions_floor_usage":[16,24,25,31,33,33],"damage_taken":[{"damage":11,"enemies":"Cultist","floor":1,"turns":4},{"damage":0,"enemies":"2 Louse","floor":4,"turns":3},{"damage":24,"enemies":"Lagavulin","floor":7,"turns":7},{"damage":2,"enemies":"Small Slimes","floor":8,"turns":4},{"damage":2,"enemies":"Blue Slaver","floor":12,"turns":6},{"damage":4,"enemies":"Slime Boss","floor":16,"turns":6},{"damage":9,"enemies":"3 Byrds","floor":18,"turns":7},{"damage":2,"enemies":"Shell Parasite","floor":19,"turns":7},{"damage":0,"enemies":"Shelled Parasite and Fungi","floor":22,"turns":9},{"damage":20,"enemies":"Gremlin Leader","floor":24,"turns":11},{"damage":10,"enemies":"Snecko","floor":25,"turns":8},{"damage":15,"enemies":"Snake Plant","floor":30,"turns":8},{"damage":12,"enemies":"Shelled Parasite and Fungi","floor":31,"turns":6},{"damage":53,"enemies":"Automaton","floor":33,"turns":12}],"seed_played":"-4233638362744085096","potions_obtained":[{"floor":1,"key":"SpeedPotion"},{"floor":12,"key":"SkillPotion"},{"floor":18,"key":"GamblersBrew"},{"floor":19,"key":"LiquidBronze"},{"floor":25,"key":"SneckoOil"},{"floor":30,"key":"DistilledChaos"}],"is_trial":false,"path_per_floor":["M","?","?","M","$","R","E","M","T","?","R","M","R","?","R","B",null,"M","M","?","$","M","R","E","M","T","?","T","?","M","M","R","B"],"character_chosen":"DEFECT","items_purchased":["Toolbox","Defragment","Mummified Hand","FocusPotion"],"campfire_rested":2,"item_purchase_floors":[5,5,21,21],"current_hp_per_floor":[64,53,38,38,38,60,36,34,34,34,34,34,34,52,52,50,75,66,66,66,66,68,68,50,42,42,42,42,24,11,1,23,0,0],"gold":200,"neow_bonus":"BOSS_RELIC","is_daily":false,"chose_seed":false,"campfire_upgraded":3,"win_rate":0.0,"timestamp":1612175285,"path_taken":["M","?","?","M","$","R","E","M","T","?","R","?","R","?","R","BOSS","M","M","?","$","M","R","E","?","T","?","?","?","M","M","R","BOSS"],"items_purchased_type":["Relic","Card","Relic","Potion"],"build_version":"2020-12-22","purchased_purges":0,"victory":false,"max_hp_per_floor":[75,75,75,75,75,75,75,75,75,75,75,75,75,75,75,75,75,75,75,75,75,75,75,75,75,75,75,75,75,75,75,75,75,75],"card_choices":[{"not_picked":["Fusion","Steam"],"picked":"Gash","floor":1},{"not_picked":["Beam Cell","Self Repair"],"picked":"Conserve Battery","floor":4},{"not_picked":["Auto Shields","Turbo"],"picked":"Coolheaded","floor":7},{"not_picked":["Barrage","Streamline"],"picked":"Redo","floor":8},{"not_picked":["Fusion","Doom and Gloom"],"picked":"Go for the Eyes","floor":12},{"not_picked":["Thunder Strike","Core Surge"],"picked":"Echo Form","floor":16},{"not_picked":["Redo","Doom and Gloom","Barrage"],"picked":"SKIP","floor":18},{"not_picked":["Stack","Compile Driver"],"picked":"Coolheaded","floor":19},{"not_picked":["Compile Driver","Coolheaded"],"picked":"BootSequence","floor":22},{"not_picked":["Conserve Battery","Stack","Multi-Cast"],"picked":"SKIP","floor":24},{"not_picked":["Coolheaded","Ball Lightning","Rebound"],"picked":"SKIP","floor":25},{"not_picked":["Steam+1","Double Energy","Barrage"],"picked":"Beam Cell","floor":30},{"not_picked":["Compile Driver","Steam Power","Coolheaded"],"picked":"Hologram+1","floor":31},{"not_picked":["Barrage","Rip and Tear","Genetic Algorithm"],"picked":"Beam Cell+1","floor":32}],"player_experience":364379,"relics_obtained":[{"floor":7,"key":"Omamori"},{"floor":9,"key":"Blood Vial"},{"floor":24,"key":"Dream Catcher"},{"floor":26,"key":"Question Card"}],"event_choices":[{"damage_healed":0,"gold_gain":75,"player_choice":"Gather Gold","damage_taken":11,"max_hp_gain":0,"max_hp_loss":0,"event_name":"World of Goop","floor":2,"gold_loss":0},{"damage_healed":0,"gold_gain":0,"player_choice":"Entered Light","damage_taken":15,"max_hp_gain":0,"max_hp_loss":0,"event_name":"Shining Light","floor":3,"gold_loss":0,"cards_upgraded":["Defend_B","Gash"]},{"damage_healed":0,"gold_gain":0,"player_choice":"Gave Potion","damage_taken":0,"relics_obtained":["The Courier"],"max_hp_gain":0,"max_hp_loss":0,"event_name":"WeMeetAgain","floor":10,"gold_loss":0},{"damage_healed":18,"gold_gain":0,"player_choice":"Healed","damage_taken":0,"max_hp_gain":0,"max_hp_loss":0,"event_name":"The Cleric","floor":14,"gold_loss":35},{"damage_healed":0,"gold_gain":0,"player_choice":"2 cards matched","damage_taken":0,"max_hp_gain":0,"max_hp_loss":0,"event_name":"Match and Keep!","floor":20,"gold_loss":0,"cards_obtained":["Core Surge","Leap"]},{"damage_healed":0,"gold_gain":0,"player_choice":"Opened","damage_taken":0,"relics_obtained":["Orichalcum"],"max_hp_gain":0,"max_hp_loss":0,"event_name":"The Mausoleum","floor":27,"gold_loss":0},{"damage_healed":0,"gold_gain":90,"player_choice":"GOLD CARD ","damage_taken":18,"max_hp_gain":0,"max_hp_loss":0,"event_name":"Knowing Skull","floor":29,"potions_obtained":[],"gold_loss":0,"cards_obtained":["Flash of Steel"]}],"is_beta":false,"boss_relics":[{"not_picked":["Sozu","Snecko Eye"],"picked":"Fusion Hammer"}],"items_purged_floors":[],"is_endless":false,"potions_floor_spawned":[1,12,18,19,25,30],"killed_by":"Automaton","ascension_level":2}}