{"host":"3ss1op6o3h01bku3","time":1612214390,"event":{"mods":["BaseMod","Bestiary","Block Reminder","Colored Map","Colored Powertips","Curses Come First","Displayed Cursed Tome","Minty Spire (QoL Compilation)","Quick Restart","Random Character Button","Relic Stats","StSLib","The IronCluck","slay the spire mod where everything is the same but ironclad has a cowboy hat"],"gold_per_floor":[109,37,48,67,77,108,39,39,39,53,53,53,385,452,452,551,551,567,617,66,83,48,21,71,121,189,257,257,275,30,46,46,147,147,157,257,104,154,171,171,221,251,274,305,325,375,375],"floor_reached":46,"language":"ENG","playtime":1932,"items_purged":["Defend_B"],"score":636,"play_id":"fb86ab69-7efb-4cb0-99c1-1dec534fb804","local_time":"20210201221950","is_ascension_mode":true,"campfire_choices":[{"data":"Zap","floor":8,"key":"SMITH"},{"floor":12,"key":"REST"},{"data":"Conserve Battery","floor":15,"key":"SMITH"},{"floor":28,"key":"REST"},{"data":"Tempest","floor":32,"key":"SMITH"},{"floor":40,"key":"RECALL"}],"circlet_count":0,"master_deck":["Defend_B","Defend_B","Defend_B","Zap+1","Dualcast","Amplify","Conserve Battery+1","Hello World","Lockon","Conserve Battery","Lockon","Lockon","Leap","Storm+1","Bite","Bite","Bite","Bite","Bite","Static Discharge+1","Tempest+1","Defragment+1","Conserve Battery+1","Go for the Eyes","Leap","Creative AI+1","Conserve Battery+1","Defragment+1","Chill+1"],"relics":["Cracked Core","Regal Pillow","Frozen Egg 2","SsserpentHead","Old Coin","Inserter","Mango","Lantern","Pantograph","Cables","Busted Crown","Bird Faced Urn","Oddly Smooth Stone"],"acts_visited":["Exordium","TheCity","TheBeyond"],"potions_floor_usage":[6,6,13,29,33,42],"damage_taken":[{"damage":0,"enemies":"2 Louse","floor":1,"turns":2},{"damage":0,"enemies":"Cultist","floor":3,"turns":3},{"damage":11,"enemies":"Jaw Worm","floor":4,"turns":4},{"damage":5,"enemies":"2 Fungi Beasts","floor":5,"turns":3},{"damage":33,"enemies":"Gremlin Nob","floor":6,"turns":4},{"damage":4,"enemies":"Exordium Wildlife","floor":10,"turns":5},{"damage":15,"enemies":"3 Sentries","floor":13,"turns":7},{"damage":6,"enemies":"Looter","floor":14,"turns":2},{"damage":21,"enemies":"Hexaghost","floor":16,"turns":10},{"damage":19,"enemies":"3 Byrds","floor":18,"turns":4},{"damage":5,"enemies":"Shell Parasite","floor":21,"turns":3},{"damage":30,"enemies":"Snake Plant","floor":27,"turns":4},{"damage":37,"enemies":"Centurion and Healer","floor":29,"turns":3},{"damage":5,"enemies":"Shelled Parasite and Fungi","floor":31,"turns":3},{"damage":59,"enemies":"Collector","floor":33,"turns":8},{"damage":10,"enemies":"3 Shapes","floor":35,"turns":4},{"damage":0,"enemies":"Mind Bloom Boss Battle","floor":36,"turns":4},{"damage":6,"enemies":"Orb Walker","floor":39,"turns":3},{"damage":38,"enemies":"Giant Head","floor":42,"turns":7},{"damage":48,"enemies":"Reptomancer","floor":44,"turns":5},{"damage":0,"enemies":"4 Shapes","floor":45,"turns":4},{"damage":35,"enemies":"Spire Growth","floor":46,"turns":3}],"seed_played":"-7893750518882405622","potions_obtained":[{"floor":3,"key":"Fruit Juice"},{"floor":5,"key":"FocusPotion"},{"floor":10,"key":"DistilledChaos"},{"floor":27,"key":"PowerPotion"},{"floor":29,"key":"EssenceOfSteel"},{"floor":31,"key":"ColorlessPotion"},{"floor":33,"key":"Explosive Potion"},{"floor":36,"key":"Explosive Potion"},{"floor":39,"key":"SkillPotion"},{"floor":45,"key":"SpeedPotion"}],"is_trial":false,"path_per_floor":["M","$","M","M","M","E","$","R","T","M","?","R","E","M","R","B",null,"M","?","$","M","?","$","?","?","T","M","R","M","$","M","R","B",null,"M","?","$","?","M","R","?","E","T","E","M","M"],"character_chosen":"DEFECT","items_purchased":["Hello World","Lockon","Static Discharge+1","Mayhem+1","Mango","Defragment+1","Cables","Defragment+1"],"campfire_rested":2,"item_purchase_floors":[2,7,20,20,20,23,30,37],"current_hp_per_floor":[75,75,75,64,59,31,31,31,31,27,27,66,51,45,45,24,80,61,56,70,65,65,65,52,52,52,28,65,38,38,37,37,21,75,65,75,75,75,69,69,69,43,43,17,29,0,0],"gold":375,"neow_bonus":"ONE_RANDOM_RARE_CARD","is_daily":false,"chose_seed":false,"campfire_upgraded":3,"win_rate":0.0,"timestamp":1612214390,"path_taken":["M","$","M","M","M","E","$","R","T","M","?","R","E","?","R","BOSS","M","?","$","M","?","?","?","?","T","?","R","M","$","M","R","BOSS","M","?","$","?","M","R","?","E","T","E","M","?"],"items_purchased_type":["Card","Card","Card","Card","Relic","Card","Relic","Card"],"build_version":"2020-12-22","purchased_purges":1,"victory":false,"max_hp_per_floor":[75,75,75,75,75,80,80,80,80,80,80,80,80,80,80,80,80,80,56,70,70,70,70,75,75,75,75,75,75,75,75,75,75,75,75,75,75,75,75,75,71,71,71,71,71,71,71],"relic_stats":{"SsserpentHead":550,"Regal Pillow":30,"Inserter":[27],"Busted Crown":12,"counters":[22,95],"Pantograph":35,"Bird Faced Urn":[26],"obtain_stats":[{"Regal Pillow":6,"Lantern":22,"Inserter":17,"Oddly Smooth Stone":44,"Mango":20,"Frozen Egg 2":9,"Old Coin":13,"Cables":30,"SsserpentHead":11,"Busted Crown":34,"Pantograph":26,"Bird Faced Urn":42,"Cracked Core":0},{"Regal Pillow":5,"Lantern":11,"Inserter":9,"Oddly Smooth Stone":20,"Mango":10,"Frozen Egg 2":5,"Old Coin":7,"Cables":13,"SsserpentHead":6,"Busted Crown":15,"Pantograph":11,"Bird Faced Urn":19,"Cracked Core":0},{"Regal Pillow":16,"Lantern":47,"Inserter":40,"Oddly Smooth Stone":88,"Mango":44,"Frozen Egg 2":16,"Old Coin":28,"Cables":54,"SsserpentHead":21,"Busted Crown":65,"Pantograph":47,"Bird Faced Urn":83,"Cracked Core":0}],"Cables":[38,38,0,0,0]},"card_choices":[{"not_picked":["Ball Lightning","Beam Cell"],"picked":"Conserve Battery","floor":1},{"not_picked":["Genetic Algorithm","Stack","Blizzard"],"picked":"SKIP","floor":3},{"not_picked":["Rebound","Aggregate"],"picked":"Lockon","floor":4},{"not_picked":["Sweeping Beam","Rebound"],"picked":"Conserve Battery","floor":5},{"not_picked":["Coolheaded","Chill"],"picked":"Lockon","floor":6},{"not_picked":["Sweeping Beam","Steam Power","FTL"],"picked":"SKIP","floor":10},{"not_picked":["Coolheaded","Doom and Gloom"],"picked":"Leap","floor":13},{"not_picked":["Redo","Barrage"],"picked":"Storm+1","floor":14},{"not_picked":["Hello World+1","Compile Driver","Blizzard+1"],"picked":"SKIP","floor":18},{"not_picked":["Compile Driver+1","Reinforced Body"],"picked":"Tempest","floor":21},{"not_picked":["Hologram","Darkness"],"picked":"Go for the Eyes","floor":27},{"not_picked":["Cold Snap","Go for the Eyes"],"picked":"Leap","floor":29},{"not_picked":["Beam Cell","Stack","Streamline"],"picked":"SKIP","floor":31},{"not_picked":["Buffer+1","Machine Learning+1"],"picked":"Creative AI+1","floor":33},{"not_picked":["Hologram"],"picked":"SKIP","floor":35},{"not_picked":[],"picked":"Conserve Battery+1","floor":36},{"not_picked":["Chaos+1"],"picked":"SKIP","floor":39},{"not_picked":["Beam Cell+1"],"picked":"SKIP","floor":42},{"not_picked":["Skim"],"picked":"SKIP","floor":44},{"not_picked":[],"picked":"Chill+1","floor":45}],"player_experience":136164,"relics_obtained":[{"floor":6,"key":"Regal Pillow"},{"floor":9,"key":"Frozen Egg 2"},{"floor":13,"key":"Old Coin"},{"floor":26,"key":"Pantograph"},{"floor":42,"key":"Bird Faced Urn"},{"floor":44,"key":"Oddly Smooth Stone"}],"event_choices":[{"damage_healed":0,"gold_gain":0,"player_choice":"Trade","damage_taken":0,"relics_obtained":["SsserpentHead"],"max_hp_gain":0,"max_hp_loss":0,"event_name":"FaceTrader","floor":11,"gold_loss":0},{"damage_healed":0,"gold_gain":0,"player_choice":"Became a vampire","damage_taken":0,"max_hp_gain":0,"max_hp_loss":24,"event_name":"Vampires","floor":19,"gold_loss":0,"cards_obtained":["Bite","Bite","Bite","Bite","Bite"]},{"damage_healed":0,"gold_gain":0,"player_choice":"Obtained Relic","damage_taken":0,"relics_obtained":["Lantern"],"max_hp_gain":0,"max_hp_loss":0,"event_name":"Addict","floor":22,"gold_loss":85},{"damage_healed":0,"gold_gain":0,"player_choice":"Shed Blood","damage_taken":18,"max_hp_gain":5,"max_hp_loss":0,"event_name":"Forgotten Altar","floor":24,"gold_loss":0},{"damage_healed":0,"gold_gain":0,"player_choice":"Copied","damage_taken":0,"max_hp_gain":0,"max_hp_loss":0,"event_name":"Duplicator","floor":25,"gold_loss":0,"cards_obtained":["Conserve Battery"]},{"damage_healed":0,"gold_gain":0,"player_choice":"Fight","damage_taken":0,"max_hp_gain":0,"max_hp_loss":0,"event_name":"MindBloom","floor":36,"gold_loss":0},{"cards_removed":["Mayhem"],"damage_healed":0,"gold_gain":0,"player_choice":"Removed Power","damage_taken":0,"max_hp_gain":0,"max_hp_loss":0,"event_name":"Falling","floor":38,"gold_loss":0},{"damage_healed":0,"gold_gain":0,"player_choice":"Max HP","damage_taken":0,"max_hp_gain":0,"max_hp_loss":4,"event_name":"Winding Halls","floor":41,"gold_loss":0}],"is_beta":false,"boss_relics":[{"not_picked":["Calling Bell","Empty Cage"],"picked":"Inserter"},{"not_picked":["Cursed Key","Runic Pyramid"],"picked":"Busted Crown"}],"items_purged_floors":[37],"is_endless":false,"potions_floor_spawned":[3,5,10,27,29,31,33,36,39,45],"killed_by":"Spire Growth","ascension_level":3}}