{"host":"2brg86hfzr3u5cix","time":1612172317,"event":{"mods":["AchievementEnabler","Ascension Unlocker","BaseMod","CapriCore","DeckTracker","Highlight Path","Keyboard Shortcuts","Minty Spire (QoL Compilation)","Permanent Neow","Relic Stats","StSLib","Twitch Utils","Uncapped","UnlockEverythingMod"],"gold_per_floor":[116,4,4,18,28,28,47,47,70,103,68,99,99,115,115,115,115],"floor_reached":16,"language":"KOR","playtime":507,"items_purged":["Defend_P"],"score":270,"play_id":"32dba992-af46-4c6f-8a77-022c0f700aff","local_time":"20210201183837","is_ascension_mode":true,"campfire_choices":[{"data":"Eruption","floor":6.0,"key":"SMITH"},{"floor":8.0,"key":"REST"},{"data":"Study","floor":15,"key":"SMITH"}],"circlet_count":0,"master_deck":["AscendersBane","Strike_P+1","Strike_P+1","Defend_P","Defend_P","Eruption+1","Vigilance","Sanctity","Fasting2","Vault","Indignation","Study+1","FlyingSleeves","Scrawl","EmptyFist","EmptyBody"],"relics":["PureWater","Toy Ornithopter","Whetstone","Boot"],"acts_visited":["Exordium"],"potions_floor_usage":[12,16],"damage_taken":[{"damage":14.0,"enemies":"Jaw Worm","floor":1.0,"turns":4.0},{"damage":22.0,"enemies":"Cultist","floor":4.0,"turns":4.0},{"damage":0.0,"enemies":"2 Louse","floor":5.0,"turns":1.0},{"damage":21.0,"enemies":"Lots of Slimes","floor":7.0,"turns":5.0},{"damage":0,"enemies":"Gremlin Nob","floor":10,"turns":3},{"damage":20,"enemies":"3 Sentries","floor":12,"turns":4},{"damage":0,"enemies":"Looter","floor":14,"turns":3},{"damage":27,"enemies":"Hexaghost","floor":16,"turns":7}],"seed_played":"6686961655305163219","potions_obtained":[{"floor":1.0,"key":"EssenceOfSteel"},{"floor":10,"key":"PowerPotion"},{"floor":12,"key":"CultistPotion"}],"is_trial":false,"path_per_floor":["M","$","?","M","M","R","M","R","T","E","?","E","?","M","R","B"],"character_chosen":"WATCHER","items_purchased":["Fasting2"],"campfire_rested":1,"item_purchase_floors":[2],"current_hp_per_floor":[47,47,47,25,25,25,4,22,22,22,37,22,22,22,22,0,0],"gold":115,"neow_bonus":"REMOVE_TWO","is_daily":false,"chose_seed":false,"campfire_upgraded":2,"win_rate":0.0,"timestamp":1612172317,"path_taken":["M","$","?","M","?","R","M","R","T","E","?","E","?","M","R","BOSS"],"items_purchased_type":["Card"],"build_version":"2020-12-22","purchased_purges":1,"victory":false,"max_hp_per_floor":[62,62,62,62,62,62,62,62,62,62,62,62,62,62,62,62,62],"relic_stats":{"counters":[8,31],"Whetstone":["Strike_P","Strike_P"],"Boot":[0],"obtain_stats":[{"Whetstone":10,"PureWater":0,"Boot":12,"Toy Ornithopter":9},{"Whetstone":5,"PureWater":0,"Boot":6,"Toy Ornithopter":4},{"Whetstone":17,"PureWater":0,"Boot":21,"Toy Ornithopter":14}],"Toy Ornithopter":10},"card_choices":[{"not_picked":["CarveReality","SashWhip"],"picked":"Sanctity","floor":1.0},{"not_picked":["Consecrate","PathToVictory"],"picked":"Indignation","floor":4.0},{"not_picked":["ThirdEye","Consecrate"],"picked":"Study","floor":5.0},{"not_picked":["ClearTheMind","Swivel"],"picked":"FlyingSleeves","floor":7.0},{"not_picked":["ClearTheMind","Vengeance"],"picked":"Scrawl","floor":10},{"not_picked":["WaveOfTheHand","FlyingSleeves"],"picked":"EmptyFist","floor":12},{"not_picked":["FlurryOfBlows","Crescendo"],"picked":"EmptyBody","floor":14}],"player_experience":349111,"relics_obtained":[{"floor":9.0,"key":"Toy Ornithopter"},{"floor":10,"key":"Whetstone"},{"floor":12,"key":"Boot"}],"event_choices":[{"damage_healed":0.0,"max_hp_gain":0.0,"max_hp_loss":0.0,"gold_gain":0.0,"event_name":"Match and Keep!","player_choice":"1 cards matched","floor":3.0,"gold_loss":0.0,"damage_taken":0.0,"cards_obtained":["Vault"]},{"damage_healed":15,"gold_gain":0,"player_choice":"Healed","damage_taken":0,"max_hp_gain":0,"max_hp_loss":0,"event_name":"The Cleric","floor":11,"gold_loss":35},{"cards_removed":["Strike_P"],"damage_healed":0,"gold_gain":0,"player_choice":"Purged","damage_taken":0,"max_hp_gain":0,"max_hp_loss":0,"event_name":"Purifier","floor":13,"gold_loss":0}],"is_beta":false,"boss_relics":[],"items_purged_floors":[2],"is_endless":false,"potions_floor_spawned":[1,10,12],"killed_by":"Hexaghost","ascension_level":20}}