{"host":"takgv9cv6xf64vhq","time":1612161479,"event":{"mods":["BaseMod","Colored Powertips","Conspire","Decade(王小明)","Downfall","Energized Spire","Hermit","Hubris","LagranYue(拉格朗・月)","Marisa（F雨　魔理沙）","Minty Spire (QoL Compilation)","Replay The Spire","StSLib","The Cursed","The Hierophant","The Jungle","The Servant 0.9.4","TheHeartMod"],"gold_per_floor":[110,57,76,76,76,108,108,124,124,135,146,255,255,205,205,303,303,318,318,518,533,543,561,561,561],"floor_reached":24,"language":"ZHS","playtime":1114,"items_purged":[],"score":335,"play_id":"9243b1d6-e9f1-487b-b8cb-2324a032a3f0","local_time":"20210201143759","is_ascension_mode":true,"campfire_choices":[{"data":"Normality","floor":7.0,"key":"PURGE"},{"data":"Strike_G","floor":15.0,"key":"PURGE"}],"circlet_count":0,"master_deck":["AscendersBane","Strike_G","Strike_G","Strike_G","Defend_G","Defend_G","Defend_G","Defend_G","Defend_G","Survivor","Neutralize","Hidden Blade","Deflect","Dagger Spray","Adrenaline","Footwork","Blur","Predator","Underhanded Strike","Blur","PiercingWail","Caltrops","Replay:Bag of Tricks","Bane","Bane+1","Dagger Throw+1","Distraction"],"relics":["NeowsBlessing","Sizzling Blood","Ring of Hypnosis","ReplayTheSpireMod:Ring of Collecting","Replay:Multitool","Ring of Panic","Replay:Mystery Machine","hubris:BlackHole"],"acts_visited":["Exordium","TheCity"],"potions_floor_usage":[24],"damage_taken":[{"damage":0.0,"enemies":"Jaw Worm","floor":1.0,"turns":1.0},{"damage":0.0,"enemies":"Small Slimes","floor":3.0,"turns":1.0},{"damage":0.0,"enemies":"Gremlin Nob","floor":6.0,"turns":1.0},{"damage":1.0,"enemies":"2 Louse","floor":8.0,"turns":3.0},{"damage":2.0,"enemies":"Looter","floor":10.0,"turns":3.0},{"damage":4.0,"enemies":"Exordium Wildlife","floor":11.0,"turns":5.0},{"damage":45.0,"enemies":"Slime Boss","floor":16.0,"turns":13.0},{"damage":11.0,"enemies":"2 Thieves","floor":18.0,"turns":4.0},{"damage":0.0,"enemies":"Chosen","floor":21.0,"turns":3.0},{"damage":19.0,"enemies":"Snecko","floor":22.0,"turns":6.0},{"damage":17.0,"enemies":"Chosen and Byrds","floor":23.0,"turns":5.0},{"damage":17,"enemies":"Centurion and Healer","floor":24,"turns":5}],"seed_played":"-2836455090110941076","potions_obtained":[{"floor":1.0,"key":"SteroidPotion"},{"floor":3.0,"key":"SteroidPotion"},{"floor":6.0,"key":"ColorlessPotion"},{"floor":23.0,"key":"Explosive Potion"}],"is_trial":false,"path_per_floor":["M","$","M","?","?","E","R","M","T","M","M","?","R","?","R","B",null,"M","?","?","M","M","M","M"],"character_chosen":"THE_SILENT","items_purchased":["Deflect"],"campfire_rested":0,"item_purchase_floors":[2],"current_hp_per_floor":[63,63,63,67,67,71,71,74,74,74,74,74,74,74,74,33,64,57,57,57,61,46,33,16,16],"gold":561,"neow_bonus":"THREE_ENEMY_KILL","is_daily":false,"chose_seed":false,"campfire_upgraded":0,"win_rate":0.0,"timestamp":1612161479,"path_taken":["M","$","M","?","?","E","R","M","T","M","M","?","R","?","R","BOSS","M","?","?","M","M","M","M"],"items_purchased_type":["Card"],"build_version":"2020-12-22","purchased_purges":0,"victory":false,"max_hp_per_floor":[70,70,70,74,74,74,74,74,74,74,74,74,74,74,74,74,74,74,74,74,74,74,74,74,74],"card_choices":[{"not_picked":["Acrobatics","Leg Sweep"],"picked":"Hidden Blade","floor":1.0},{"not_picked":["Eviscerate","conspire:DoublingDagger"],"picked":"Dagger Spray","floor":3.0},{"not_picked":["Dagger Spray","Backflip"],"picked":"Adrenaline","floor":6.0},{"not_picked":["Setup","Predator"],"picked":"Footwork","floor":8.0},{"not_picked":["Prepared","ReplayTheSpireMod:Shiv Toss"],"picked":"Blur","floor":10.0},{"not_picked":["hubris:SlightOfHand","Endless Agony"],"picked":"Predator","floor":11.0},{"not_picked":["hubris:TrickCloak","PiercingWail"],"picked":"Underhanded Strike","floor":12.0},{"not_picked":["Deadly Poison","Dodge and Roll"],"picked":"Blur","floor":12.0},{"not_picked":["Dodge and Roll","Flechettes"],"picked":"PiercingWail","floor":12.0},{"not_picked":["ReplayTheSpireMod:From All Sides","Glass Knife"],"picked":"Replay:Bag of Tricks","floor":16.0},{"not_picked":["Reflex+1","Cloak And Dagger"],"picked":"Bane","floor":18.0},{"not_picked":["Flechettes+1","Blade Dance"],"picked":"Bane+1","floor":21.0},{"not_picked":["Acrobatics","ReplayTheSpireMod:Speed Training"],"picked":"Dagger Throw+1","floor":22.0},{"not_picked":["Deflect","Tactician"],"picked":"Distraction","floor":23.0}],"player_experience":303604,"relics_obtained":[{"floor":5.0,"key":"Ring of Hypnosis"},{"floor":5.0,"key":"ReplayTheSpireMod:Ring of Collecting"},{"floor":6.0,"key":"Replay:Multitool"},{"floor":9.0,"key":"Ring of Panic"},{"floor":9.0,"key":"Replay:Mystery Machine"}],"event_choices":[{"cards_removed":["ReplayTheSpireMod:Splinters"],"damage_healed":0.0,"max_hp_gain":0.0,"max_hp_loss":0.0,"gold_gain":0.0,"event_name":"The Cleric","player_choice":"Card Removal","floor":14.0,"gold_loss":50.0,"damage_taken":0.0},{"damage_healed":0.0,"max_hp_gain":0.0,"max_hp_loss":0.0,"gold_gain":0.0,"event_name":"Beggar","player_choice":"Ignored","floor":19.0,"gold_loss":0.0,"damage_taken":0.0},{"damage_healed":0.0,"max_hp_gain":0.0,"max_hp_loss":0.0,"gold_gain":200.0,"event_name":"Wheel of Change","player_choice":"Gold","floor":20.0,"gold_loss":0.0,"damage_taken":0.0}],"is_beta":false,"boss_relics":[{"not_picked":["Velvet Choker","hubris:HollowSoul"],"picked":"hubris:BlackHole"}],"items_purged_floors":[],"is_endless":false,"potions_floor_spawned":[1,3,6,23],"killed_by":"Centurion and Healer","ascension_level":10}}