{"host":"c3lc60y5x60jlt1y","time":1612169897,"event":{"mods":["AchievementEnabler","BaseMod","Bestiary","Colored Map","Minty Spire (QoL Compilation)","Quick Restart","StSLib","ojb\u0027s Info Mod"],"gold_per_floor":[113,113,38,38,49,49,65,65,88,107,107,141,141,16,16,113,113,123,38,113,131,6,6,6,18,18,18,31,31,31,31,31,133,133,148,160,10,0,19,19,19,19,19,19,35,47,75,95,95,95,95],"floor_reached":50,"language":"ENG","playtime":1285,"items_purged":["Strike_R","Strike_R","Strike_R","Defend_R"],"score":568,"play_id":"59f5cee6-e2f8-4d40-97fb-bb7432fcd1d8","local_time":"20210201105817","is_ascension_mode":false,"campfire_choices":[{"data":"Body Slam","floor":6,"key":"SMITH"},{"data":"Whirlwind","floor":11,"key":"SMITH"},{"data":"Flex","floor":15,"key":"SMITH"},{"data":"Demon Form","floor":23,"key":"SMITH"},{"data":"Ghostly","floor":27,"key":"SMITH"},{"data":"Ghostly","floor":32,"key":"SMITH"},{"data":"Ghostly","floor":40,"key":"SMITH"},{"data":"Ghostly","floor":42,"key":"SMITH"},{"data":"Ghostly","floor":44,"key":"SMITH"},{"floor":49,"key":"REST"}],"circlet_count":0,"master_deck":["Defend_R","Defend_R","Bash+1","Thunderclap","Body Slam+1","Whirlwind+1","Flex+1","Demon Form+1","Heavy Blade","Ghostly+1","Ghostly+1","Ghostly+1","Ghostly+1","Ghostly+1","Flex","Impervious","Flex+1","Seeing Red+1","Dual Wield","Metallicize+1","Evolve","Parasite","Dual Wield+1"],"relics":["Burning Blood","Shuriken","Blood Vial","Oddly Smooth Stone","Cursed Key","Orichalcum","Sozu","Red Mask","Pen Nib"],"acts_visited":["Exordium","TheCity","TheBeyond"],"potions_floor_usage":[47,50],"damage_taken":[{"damage":6,"enemies":"Cultist","floor":1,"turns":3},{"damage":8,"enemies":"Jaw Worm","floor":5,"turns":3},{"damage":0,"enemies":"2 Louse","floor":7,"turns":2},{"damage":6,"enemies":"2 Fungi Beasts","floor":10,"turns":3},{"damage":31,"enemies":"Lagavulin","floor":12,"turns":7},{"damage":29,"enemies":"Slime Boss","floor":16,"turns":5},{"damage":4,"enemies":"Chosen","floor":18,"turns":4},{"damage":8,"enemies":"2 Thieves","floor":21,"turns":2},{"damage":0,"enemies":"Cultist and Chosen","floor":25,"turns":5},{"damage":0,"enemies":"Centurion and Healer","floor":28,"turns":4},{"damage":0,"enemies":"Colosseum Slavers","floor":31,"turns":6},{"damage":0,"enemies":"Automaton","floor":33,"turns":7},{"damage":4,"enemies":"3 Shapes","floor":35,"turns":2},{"damage":19,"enemies":"Orb Walker","floor":36,"turns":4},{"damage":0,"enemies":"Transient","floor":39,"turns":5},{"damage":0,"enemies":"Jaw Worm Horde","floor":45,"turns":1},{"damage":18,"enemies":"Sphere and 2 Shapes","floor":46,"turns":4},{"damage":3,"enemies":"Giant Head","floor":47,"turns":9},{"damage":23,"enemies":"Writhing Mass","floor":48,"turns":7},{"damage":50,"enemies":"Donu and Deca","floor":50,"turns":6}],"seed_played":"9066966022885912174","potions_obtained":[{"floor":5,"key":"BloodPotion"},{"floor":12,"key":"EssenceOfSteel"},{"floor":16,"key":"GamblersBrew"},{"floor":18,"key":"Explosive Potion"},{"floor":21,"key":"Energy Potion"},{"floor":33,"key":"FearPotion"}],"is_trial":false,"path_per_floor":["M","T","$","?","M","R","M","?","T","M","R","E","?","$","R","B",null,"M","?","?","M","$","R","?","M","T","R","M","$","?","?","R","B",null,"M","M","$","?","M","R","?","R","T","R","M","M","E","M","R","B"],"character_chosen":"IRONCLAD","items_purchased":["Flex"],"campfire_rested":1,"item_purchase_floors":[14],"current_hp_per_floor":[56,56,56,56,54,54,60,60,60,62,62,39,39,39,39,18,80,80,80,72,72,72,72,40,40,40,40,40,40,40,40,40,40,40,40,27,27,27,35,35,35,35,35,35,40,28,33,18,30,0,0],"gold":95,"neow_bonus":"REMOVE_TWO","is_daily":false,"chose_seed":false,"campfire_upgraded":9,"win_rate":0.0,"timestamp":1612169897,"path_taken":["M","?","$","?","M","R","M","?","T","M","R","E","?","$","R","BOSS","M","?","?","?","?","R","?","M","T","R","?","$","?","?","R","BOSS","M","M","$","?","M","R","?","R","T","R","M","M","E","M","R","BOSS"],"items_purchased_type":["Card"],"build_version":"2020-12-22","purchased_purges":4,"victory":false,"max_hp_per_floor":[80,80,80,80,80,80,80,80,80,80,80,80,80,80,80,80,80,80,80,80,80,80,80,40,40,40,40,40,40,40,40,40,40,40,40,40,40,40,40,40,40,40,40,40,40,40,40,40,40,40,40],"card_choices":[{"not_picked":["Clothesline","Cleave"],"picked":"Thunderclap","floor":1},{"not_picked":["Infernal Blade","True Grit"],"picked":"Body Slam","floor":5},{"not_picked":["True Grit","Thunderclap","Warcry"],"picked":"SKIP","floor":7},{"not_picked":["Flex","Body Slam"],"picked":"Whirlwind","floor":10},{"not_picked":["Headbutt","Anger","Brutality"],"picked":"SKIP","floor":12},{"not_picked":["Offering","Corruption"],"picked":"Demon Form","floor":16},{"not_picked":["Clash","Iron Wave"],"picked":"Heavy Blade","floor":18},{"not_picked":["Sword Boomerang","Second Wind","Sentinel"],"picked":"SKIP","floor":21},{"not_picked":["Clash+1","Feel No Pain","Dropkick"],"picked":"SKIP","floor":25},{"not_picked":["Power Through","Disarm"],"picked":"Flex","floor":28},{"not_picked":["Offering","Corruption"],"picked":"Impervious","floor":33},{"not_picked":["Power Through","Thunderclap"],"picked":"Uppercut+1","floor":35},{"not_picked":["Warcry+1","Pommel Strike"],"picked":"Flex+1","floor":36},{"not_picked":["Burning Pact","True Grit"],"picked":"Seeing Red+1","floor":39},{"not_picked":["Infernal Blade+1","Pommel Strike+1"],"picked":"Dual Wield","floor":45},{"not_picked":["Pommel Strike+1","Body Slam+1"],"picked":"Metallicize+1","floor":46},{"not_picked":["Iron Wave+1","Thunderclap"],"picked":"Evolve","floor":47},{"not_picked":["Ghostly Armor","Warcry+1"],"picked":"Dual Wield+1","floor":48}],"player_experience":8883256,"relics_obtained":[{"floor":2,"key":"Shuriken"},{"floor":9,"key":"Blood Vial"},{"floor":12,"key":"Oddly Smooth Stone"},{"floor":47,"key":"Pen Nib"}],"event_choices":[{"damage_healed":0,"gold_gain":0,"player_choice":"Grow","damage_taken":0,"max_hp_gain":0,"max_hp_loss":0,"event_name":"Living Wall","floor":4,"gold_loss":0,"cards_upgraded":["Bash"]},{"damage_healed":0,"gold_gain":0,"player_choice":"Ignored","damage_taken":0,"max_hp_gain":0,"max_hp_loss":0,"event_name":"Liars Game","floor":8,"gold_loss":0},{"damage_healed":0,"gold_gain":0,"player_choice":"Ignored","damage_taken":0,"max_hp_gain":0,"max_hp_loss":0,"event_name":"Shining Light","floor":13,"gold_loss":0},{"damage_healed":0,"gold_gain":0,"player_choice":"Obtained Relic","damage_taken":0,"relics_obtained":["Orichalcum"],"max_hp_gain":0,"max_hp_loss":0,"event_name":"Addict","floor":19,"gold_loss":85},{"damage_healed":0,"gold_gain":75,"player_choice":"Touch","damage_taken":8,"max_hp_gain":0,"max_hp_loss":0,"event_name":"FaceTrader","floor":20,"gold_loss":0},{"damage_healed":0,"gold_gain":0,"player_choice":"Became a Ghost","damage_taken":0,"max_hp_gain":0,"max_hp_loss":40,"event_name":"Ghosts","floor":24,"gold_loss":0,"cards_obtained":["Ghostly","Ghostly","Ghostly","Ghostly","Ghostly"]},{"cards_removed":["Strike_R"],"damage_healed":0,"gold_gain":0,"player_choice":"Elegance","damage_taken":0,"max_hp_gain":0,"max_hp_loss":0,"event_name":"Back to Basics","floor":30,"gold_loss":0},{"damage_healed":0,"gold_gain":0,"player_choice":"Fight","damage_taken":0,"max_hp_gain":0,"max_hp_loss":0,"event_name":"Colosseum","floor":31,"gold_loss":0},{"damage_healed":0,"gold_gain":0,"player_choice":"Fled From Nobs","damage_taken":0,"max_hp_gain":0,"max_hp_loss":0,"event_name":"Colosseum","floor":31,"gold_loss":0},{"damage_healed":0,"gold_gain":0,"player_choice":"Paid","damage_taken":0,"relics_obtained":["Red Mask"],"max_hp_gain":0,"max_hp_loss":0,"event_name":"Tomb of Lord Red Mask","floor":38,"gold_loss":10},{"cards_removed":["Uppercut"],"damage_healed":0,"gold_gain":0,"player_choice":"Removed Attack","damage_taken":0,"max_hp_gain":0,"max_hp_loss":0,"event_name":"Falling","floor":41,"gold_loss":0}],"is_beta":false,"boss_relics":[{"not_picked":["Black Blood","Philosopher\u0027s Stone"],"picked":"Cursed Key"},{"not_picked":["Runic Cube","Astrolabe"],"picked":"Sozu"}],"items_purged_floors":[3,14,22,37],"is_endless":false,"potions_floor_spawned":[5,12,16,18,21,33,35,45,46],"killed_by":"Donu and Deca","ascension_level":0}}