{"host":"stk82ot58bnorhun","time":1612160465,"event":{"mods":["BaseMod","Colored Powertips","Energized Spire","Highlight Path","Minty Spire (QoL Compilation)","Replay The Spire","StSLib","SuperFastMode","UnlockEverythingMod"],"gold_per_floor":[63,80,97,112,126,126,156,166,189,65,81,115,130,130,130,234,234,224,224,243,243,243,243,275,294,319,331,342,361,361,378,378,474,474,486,500,73,0,0,0,35,35,35,55,55,55,82,98,98,98,98,98,43,71,71],"floor_reached":56,"language":"ZHS","playtime":3346,"items_purged":["Strike_R"],"score":1343,"play_id":"ddfe5ee3-5f7a-420c-833d-d35bb0f44de3","local_time":"20210201142105","is_ascension_mode":false,"campfire_choices":[{"data":"Feed","floor":6.0,"key":"SMITH"},{"data":"Armaments","floor":15.0,"key":"SMITH"},{"data":"Barricade","floor":23.0,"key":"SMITH"},{"data":"Deep Breath","floor":30.0,"key":"SMITH"},{"floor":32.0,"key":"REST"},{"data":"Magnetism","floor":40.0,"key":"SMITH"},{"data":"Impervious","floor":42.0,"key":"SMITH"},{"data":"Limit Break","floor":46.0,"key":"SMITH"},{"floor":49.0,"key":"RECALL"},{"data":"Flame Barrier","floor":52.0,"key":"SMITH"}],"circlet_count":0,"master_deck":["Strike_R+1","Defend_R+1","Defend_R","Defend_R","Bash","Feed+1","Run Through","ReplayTheSpireMod:Corrosion Curse","Pommel Strike","Armaments+1","Shockwave","Barricade+1","ReplayTheSpireMod:Stacked+1","Deep Breath+1","Impervious+1","Pommel Strike","Spot Weakness","Thunderclap+1","Limit Break+1","Metallicize","Body Slam+1","Magnetism+1","Flame Barrier+1","ReplayReversal+1","ReplayTheSpireMod:LeadingStrike+1"],"relics":["energizedSpire:HugeHouse","Blood Vial","Ginger","energizedSpire:RedRose","White Beast Statue","Replay:Baseball","Oddly Smooth Stone","Replay:Drink Me","Singing Bowl","Red Mask","Simple Rune","Replay:Bottled Flurry","Regal Pillow","Paper Frog"],"acts_visited":["Exordium","TheCity","TheBeyond","TheEnding"],"potions_floor_usage":[55,55],"damage_taken":[{"damage":6.0,"enemies":"Cultist","floor":1.0,"turns":3.0},{"damage":1.0,"enemies":"Jaw Worm","floor":2.0,"turns":3.0},{"damage":5.0,"enemies":"Small Slimes","floor":3.0,"turns":2.0},{"damage":13.0,"enemies":"Red Slaver","floor":4.0,"turns":2.0},{"damage":6.0,"enemies":"Exordium Thugs","floor":5.0,"turns":3.0},{"damage":20.0,"enemies":"3 Sentries","floor":7.0,"turns":9.0},{"damage":5.0,"enemies":"Blue Slaver","floor":8.0,"turns":4.0},{"damage":4.0,"enemies":"Gremlin Gang","floor":11.0,"turns":3.0},{"damage":7.0,"enemies":"Gremlin Nob","floor":12.0,"turns":3.0},{"damage":3.0,"enemies":"Lots of Slimes","floor":13.0,"turns":3.0},{"damage":22.0,"enemies":"Fading Forest","floor":16.0,"turns":11.0},{"damage":24.0,"enemies":"2 Thieves","floor":18.0,"turns":4.0},{"damage":19.0,"enemies":"Spheric Guardian","floor":20.0,"turns":5.0},{"damage":12.0,"enemies":"Replay:Snechameleon","floor":24.0,"turns":6.0},{"damage":2.0,"enemies":"Cultist and Chosen","floor":25.0,"turns":5.0},{"damage":2.0,"enemies":"Shelled Parasite and Fungi","floor":27.0,"turns":4.0},{"damage":10.0,"enemies":"3 Cultists","floor":28.0,"turns":5.0},{"damage":14.0,"enemies":"Snecko","floor":29.0,"turns":4.0},{"damage":13.0,"enemies":"Chosen and Byrds","floor":31.0,"turns":6.0},{"damage":33.0,"enemies":"Automaton","floor":33.0,"turns":10.0},{"damage":0.0,"enemies":"Orb Walker","floor":35.0,"turns":6.0},{"damage":0.0,"enemies":"3 Darklings","floor":36.0,"turns":6.0},{"damage":3.0,"enemies":"Reptomancer","floor":41.0,"turns":6.0},{"damage":6.0,"enemies":"Writhing Mass","floor":44.0,"turns":6.0},{"damage":2.0,"enemies":"Giant Head","floor":47.0,"turns":8.0},{"damage":0.0,"enemies":"Spire Growth","floor":48.0,"turns":4.0},{"damage":0.0,"enemies":"Time Eater","floor":50.0,"turns":9.0},{"damage":6.0,"enemies":"Shield and Spear","floor":54.0,"turns":9.0},{"damage":134,"enemies":"The Heart","floor":55,"turns":10}],"seed_played":"-3130582571603856574","potions_obtained":[{"floor":1.0,"key":"Elixir"},{"floor":4.0,"key":"EntropicBrew"},{"floor":7.0,"key":"Swift Potion"},{"floor":11.0,"key":"Adrenaline Potion"},{"floor":13.0,"key":"Explosive Potion"},{"floor":18.0,"key":"Toxic Potion"},{"floor":22.0,"key":"LiquidBronze"},{"floor":22.0,"key":"Adrenaline Potion"},{"floor":24.0,"key":"Energy Potion"},{"floor":25.0,"key":"ElixirPotion"},{"floor":27.0,"key":"ColorlessPotion"},{"floor":28.0,"key":"Energy Potion"},{"floor":29.0,"key":"FearPotion"},{"floor":31.0,"key":"ColorlessPotion"},{"floor":33.0,"key":"Explosive Potion"},{"floor":35.0,"key":"ColorlessPotion"},{"floor":36.0,"key":"PowerPotion"},{"floor":41.0,"key":"Adrenaline Potion"},{"floor":44.0,"key":"BloodPotion"},{"floor":48.0,"key":"PowerPotion"},{"floor":54.0,"key":"DistilledChaos"}],"is_trial":false,"path_per_floor":["M","M","M","M","M","R","E","M","T","$","M","E","M","?","R","B",null,"M","?","M","T","?","R","E","M","T","M","M","M","R","M","R","B",null,"M","M","$","?","$","R","E","R","T","M","?","R","E","M","R","B",null,"R","$","E","B",null],"character_chosen":"IRONCLAD","items_purchased":["Armaments","Magnetism","Singing Bowl","ReplayReversal+1"],"campfire_rested":1,"item_purchase_floors":[10,37,37,53],"current_hp_per_floor":[72,74,72,59,56,56,40,41,41,41,43,42,45,45,45,25,107,83,83,70,70,70,70,60,64,64,68,60,48,48,41,77,50,96,100,104,104,104,104,104,105,105,105,103,110,110,110,118,118,122,122,122,122,116,8],"gold":71,"neow_bonus":"BOSS_RELIC","is_daily":false,"chose_seed":false,"campfire_upgraded":8,"win_rate":0.0,"timestamp":1612160465,"path_taken":["M","M","M","?","?","R","E","M","T","$","M","E","M","?","R","BOSS","M","?","?","?","?","R","E","M","T","?","?","M","R","M","R","BOSS","M","?","$","?","$","R","E","R","T","M","?","R","E","?","R","BOSS","R","$","E","BOSS"],"items_purchased_type":["Card","Card","Relic","Card"],"build_version":"2020-12-22","purchased_purges":1,"victory":true,"max_hp_per_floor":[78,81,84,84,87,87,91,95,95,95,99,103,107,107,107,107,107,107,107,111,111,111,111,111,115,115,119,119,119,119,123,123,127,96,100,104,104,104,104,104,108,108,108,110,110,110,112,118,118,122,122,122,122,122,122],"card_choices":[{"not_picked":["Hemokinesis","Disarm","Sword Boomerang"],"picked":"SKIP","floor":1.0},{"not_picked":["Hemokinesis","Flex"],"picked":"Run Through","floor":2.0},{"not_picked":["Entrench","Rage","ReplayTheSpireMod:Strike From Hell"],"picked":"SKIP","floor":3.0},{"not_picked":["Clothesline","Wild Strike","Clash"],"picked":"SKIP","floor":4.0},{"not_picked":["Shockwave","Cleave"],"picked":"ReplayTheSpireMod:Corrosion Curse","floor":5.0},{"not_picked":["Anger","Eclipse","Power Through"],"picked":"SKIP","floor":7.0},{"not_picked":["Replay:Undeath\u0027s Touch","Heavy Blade"],"picked":"Pommel Strike","floor":8.0},{"not_picked":["Bloodletting","Clothesline","Sword Boomerang"],"picked":"SKIP","floor":11.0},{"not_picked":["Blood for Blood","Feel No Pain"],"picked":"Shockwave","floor":12.0},{"not_picked":["Bloodletting","Ghostly Armor"],"picked":"ReplayTheSpireMod:Muscle Training","floor":13.0},{"not_picked":["Limit Break","Double Tap"],"picked":"Barricade","floor":16.0},{"not_picked":["Shrug It Off","Dark Embrace"],"picked":"ReplayTheSpireMod:Stacked+1","floor":18.0},{"not_picked":["Flex","Sword Boomerang","Warcry"],"picked":"SKIP","floor":20.0},{"not_picked":["Berserk","Shockwave"],"picked":"Spot Weakness","floor":24.0},{"not_picked":["Heavy Blade","Thunderclap","Wild Strike+1"],"picked":"SKIP","floor":25.0},{"not_picked":["Clothesline","Pommel Strike","Thunderclap"],"picked":"SKIP","floor":27.0},{"not_picked":["Blood for Blood","Havoc","Shockwave"],"picked":"SKIP","floor":28.0},{"not_picked":["Wild Strike","Sever Soul"],"picked":"Thunderclap+1","floor":29.0},{"not_picked":["Heavy Blade","Hemokinesis","Twin Strike+1"],"picked":"SKIP","floor":31.0},{"not_picked":["Immolate","Offering"],"picked":"Limit Break","floor":33.0},{"not_picked":["Rampage","ReplayTheSpireMod:Strike From Hell+1"],"picked":"Metallicize","floor":35.0},{"not_picked":["Pommel Strike+1","Flex"],"picked":"Body Slam+1","floor":36.0},{"not_picked":["Run Through+1","Sever Soul"],"picked":"Flame Barrier","floor":41.0},{"not_picked":["Carnage","Searing Blow+1","Body Slam+1"],"picked":"Singing Bowl","floor":44.0},{"not_picked":["Spot Weakness+1","Life Link+1","Flex+1"],"picked":"Singing Bowl","floor":47.0},{"not_picked":["Wild Strike","Warcry","Armaments"],"picked":"Singing Bowl","floor":48.0},{"not_picked":["Fiend Fire","Clothesline"],"picked":"ReplayTheSpireMod:LeadingStrike+1","floor":54.0}],"player_experience":46374,"relics_obtained":[{"floor":7.0,"key":"Blood Vial"},{"floor":12.0,"key":"Ginger"},{"floor":21.0,"key":"White Beast Statue"},{"floor":24.0,"key":"Replay:Baseball"},{"floor":26.0,"key":"Oddly Smooth Stone"},{"floor":41.0,"key":"Simple Rune"},{"floor":43.0,"key":"Replay:Bottled Flurry"},{"floor":47.0,"key":"Regal Pillow"},{"floor":54.0,"key":"Paper Frog"}],"event_choices":[{"damage_healed":0.0,"max_hp_gain":0.0,"max_hp_loss":0.0,"gold_gain":0.0,"event_name":"Match and Keep!","player_choice":"3 cards matched","floor":19.0,"gold_loss":0.0,"damage_taken":0.0,"cards_obtained":["Deep Breath","Impervious","Pommel Strike"]},{"damage_healed":0.0,"max_hp_gain":0.0,"max_hp_loss":0.0,"gold_gain":0.0,"event_name":"Lab","player_choice":"Got Potions","floor":22.0,"gold_loss":0.0,"damage_taken":0.0},{"damage_healed":0.0,"max_hp_gain":0.0,"max_hp_loss":0.0,"gold_gain":0.0,"event_name":"Tomb of Lord Red Mask","player_choice":"Paid","floor":38.0,"gold_loss":73.0,"damage_taken":0.0,"relics_obtained":["Red Mask"]},{"cards_removed":["ReplayTheSpireMod:Muscle Training"],"damage_healed":7.0,"max_hp_gain":0.0,"max_hp_loss":0.0,"gold_gain":0.0,"event_name":"Bonfire Elementals","player_choice":"Offered Uncommon","floor":45.0,"gold_loss":0.0,"damage_taken":0.0}],"is_beta":false,"boss_relics":[{"not_picked":["Replay:Wanted Poster","Electric Blood"],"picked":"energizedSpire:RedRose"},{"not_picked":["energizedSpire:DecayingSkull","Tiny House"],"picked":"Replay:Drink Me"}],"items_purged_floors":[10],"is_endless":false,"potions_floor_spawned":[1,4,7,11,13,18,24,25,27,28,29,31,33,35,36,41,44,47,48,54],"ascension_level":0}}