{"host":"yfkezq0m1a8tfmul","time":1612151050,"event":{"mods":["100% Spire Juice","2.2 Compatiblity","AchievementEnabler","Act Like it!","AlwaysNeverKeys","Arknights","Ascension Reborn","Aspiration","Astrologer","BaseMod","Bestiary","Better Altar","Better Match","Better Note","Better Sensory Stone","Better Skull","Better Third Choice","BetterRewards","Block Reminder","Challenge The Spire","Colored Map","Colored Powertips","Conspire","Curses Come First","DeckTracker","Downfall","Duelist Mod","Elementarium","Energized Spire","Fox Events","Gensokyo","GifTheSpireLib","GungeonMod","Halation","Hallownest","Hermit","HololiveMod","Hubris","Infinite Spire","Jedi Mod","Menagerie","Minty Spire (QoL Compilation)","Pale of the Ancients","Permanent Neow","Random Character Button","Relic Stats","Reliquary","Replay The Spire","Robot Space Explorer","Shade Mod","Shop Mod","Spicy Shops","StSLib","Stuff the Spire","SuperFastMode","The Animator","The Blackbeard","The Blue Laboratory","The Bug Knight","The Construct","The Cursed","The Disciple","The Dragon Tamer","The Exalted","The Forsaken","The Gatherer","The Hierophant","The Jungle","The Marked","The Necromancer","The Poker Player","The Runesmith","The Servant 0.9.4","TheFirefly","Treasure Hunter","UnlockEverythingMod","Wandering Minibosses","Weighted Paths"],"gold_per_floor":[140,35,75,94,104,129,129,149,149,149,181,193,193,220,220,220,220],"floor_reached":16,"language":"ENG","playtime":1400,"items_purged":[],"score":120,"play_id":"a1a9c214-c207-45f6-8e37-16e5c52f2859","local_time":"20210131224410","is_ascension_mode":true,"campfire_choices":[{"data":"theDuelist:DragonMastery","floor":7,"key":"SMITH"},{"data":"theDuelist:EvilMind","floor":10,"key":"SMITH"},{"floor":15,"key":"REST"}],"circlet_count":0,"master_deck":["theDuelist:BabyDragon+1","theDuelist:CastleWalls","theDuelist:CastleWalls","theDuelist:CaveDragon+1","theDuelist:CaveDragon+1","theDuelist:LesserDragon+1","theDuelist:LesserDragon+1","theDuelist:Sparks","theDuelist:Sparks","theDuelist:YamataDragon+1","theDuelist:Mountain","theDuelist:DragonMastery+1","theDuelist:RainbowOverdragon+1","theDuelist:DoomkaiserDragon+1","theDuelist:YamataDragon+1","theDuelist:BarrelDragon+1","theDuelist:EvilMind+1","theDuelist:Vandalgyon+1","theDuelist:DarkHorus+1","theDuelist:LightningDarts"],"relics":["theDuelist:MillenniumPuzzle","theDuelist:CardPoolRelic","theDuelist:CardPoolBasicRelic","theDuelist:BoosterPackPoolRelic","theDuelist:CardPoolAddRelic","theDuelist:CardPoolMinusRelic","theDuelist:CardPoolSaveRelic","theDuelist:CardPoolOptionsRelic","StuffTheSpire:Wildfire","theDuelist:MerchantNecklace","Counterbalance","theDuelist:SummonAnchorRare","halation:EternalFortune"],"acts_visited":["Exordium"],"potions_floor_usage":[],"damage_taken":[{"damage":0,"enemies":"Cultist","floor":1,"turns":3},{"damage":5,"enemies":"Jaw Worm","floor":4,"turns":3},{"damage":6,"enemies":"conspire:RoseBush","floor":5,"turns":4},{"damage":12,"enemies":"HollowMod:MossKnight","floor":6,"turns":4},{"damage":13,"enemies":"3 Louse","floor":8,"turns":4},{"damage":18,"enemies":"Lagavulin","floor":11,"turns":5},{"damage":10,"enemies":"Blue Slaver","floor":12,"turns":3},{"damage":17,"enemies":"3 Sentries","floor":14,"turns":9},{"damage":44,"enemies":"The Guardian","floor":16,"turns":7}],"seed_played":"4354338818164869741","potions_obtained":[{"floor":4,"key":"theDuelist:SealedPackD"},{"floor":5,"key":"blueLaboratory:EnragingPotion"},{"floor":12,"key":"theDuelist:SolderPotionB"}],"is_trial":false,"path_per_floor":["M","$","?","M","M","E","R","M","T","R","E","M","?","E","R","B"],"character_chosen":"THE_DUELIST","items_purchased":["theDuelist:DragonMastery"],"campfire_rested":1,"item_purchase_floors":[2],"current_hp_per_floor":[80,80,80,75,69,57,57,44,44,44,26,16,19,16,41,0,0],"gold":220,"neow_bonus":"","is_daily":false,"chose_seed":false,"campfire_upgraded":2,"win_rate":0.0,"timestamp":1612151050,"path_taken":["M","?","?","?","M","E","R","M","T","R","E","M","?","E","R","BOSS"],"items_purchased_type":["Card"],"build_version":"2020-12-22","purchased_purges":0,"victory":false,"max_hp_per_floor":[80,80,80,80,80,80,80,80,80,80,80,80,83,86,86,86,86],"relic_stats":{"counters":[9,42],"obtain_stats":[{"Counterbalance":9,"StuffTheSpire:Wildfire":3,"DemoMod:GlassGuonStoneRelic":6,"theDuelist:MillenniumPuzzle":0,"theDuelist:CardPoolSaveRelic":0,"theDuelist:BoosterPackPoolRelic":0,"theDuelist:CardPoolMinusRelic":0,"theDuelist:CardPoolBasicRelic":0,"halation:EternalFortune":13,"theDuelist:MerchantNecklace":6,"theDuelist:CardPoolAddRelic":0,"theDuelist:CardPoolOptionsRelic":0,"theDuelist:SummonAnchorRare":11,"theDuelist:CardPoolRelic":0},{"Counterbalance":5,"StuffTheSpire:Wildfire":1,"DemoMod:GlassGuonStoneRelic":4,"theDuelist:MillenniumPuzzle":0,"theDuelist:CardPoolSaveRelic":0,"theDuelist:BoosterPackPoolRelic":0,"theDuelist:CardPoolMinusRelic":0,"theDuelist:CardPoolBasicRelic":0,"halation:EternalFortune":7,"theDuelist:MerchantNecklace":4,"theDuelist:CardPoolAddRelic":0,"theDuelist:CardPoolOptionsRelic":0,"theDuelist:SummonAnchorRare":6,"theDuelist:CardPoolRelic":0},{"Counterbalance":18,"StuffTheSpire:Wildfire":3,"DemoMod:GlassGuonStoneRelic":14,"theDuelist:MillenniumPuzzle":0,"theDuelist:CardPoolSaveRelic":0,"theDuelist:BoosterPackPoolRelic":0,"theDuelist:CardPoolMinusRelic":0,"theDuelist:CardPoolBasicRelic":0,"halation:EternalFortune":26,"theDuelist:MerchantNecklace":14,"theDuelist:CardPoolAddRelic":0,"theDuelist:CardPoolOptionsRelic":0,"theDuelist:SummonAnchorRare":23,"theDuelist:CardPoolRelic":0}]},"card_choices":[{"not_picked":["theDuelist:TyrantWing","theDuelist:GalaxySoldier","theDuelist:DragonMirror"],"picked":"theDuelist:Mountain","floor":1},{"not_picked":["theDuelist:Hinotama","theDuelist:LightningDarts","theDuelist:ForbiddenLance","theDuelist:SmashingGround"],"picked":"theDuelist:RainbowOverdragon","floor":3},{"not_picked":["theDuelist:FiendSkull","theDuelist:ArmedDragon5","theDuelist:SuperancientDinobeast","theDuelist:ExploderDragonwing"],"picked":"theDuelist:DoomkaiserDragon","floor":4},{"not_picked":["theDuelist:MadSwordBeast","theDuelist:CyberDinosaur","theDuelist:BlackPtera","theDuelist:Pyrorex"],"picked":"theDuelist:YamataDragon","floor":5},{"not_picked":["theDuelist:TrihornedDragon","theDuelist:Kabazauls","theDuelist:CyberTwinDragon","theDuelist:BlackBrachios"],"picked":"theDuelist:BarrelDragon","floor":6},{"not_picked":["theDuelist:VeilDarkness","theDuelist:BlackBrutdrago","theDuelist:DarkHorus","theDuelist:DarkDriceratops"],"picked":"theDuelist:EvilMind","floor":6},{"not_picked":["theDuelist:SystemDown","theDuelist:GalaxySoldier","theDuelist:Berserking"],"picked":"theDuelist:Vandalgyon","floor":8},{"not_picked":["theDuelist:TrihornedDragon","theDuelist:BlackVeloci","theDuelist:BlackBrutdrago","theDuelist:VeilDarkness"],"picked":"theDuelist:DarkHorus","floor":9},{"not_picked":["theDuelist:LightningDarts","theDuelist:LabyrinthWall","theDuelist:BattleguardKing","theDuelist:DarkCreator"],"picked":"theDuelist:DianKeto","floor":11},{"not_picked":["theDuelist:TrihornedDragon","theDuelist:Kabazauls","theDuelist:BlackBrachios","theDuelist:CyberTwinDragon","theDuelist:BlackPtera"],"picked":"SKIP","floor":11},{"not_picked":["theDuelist:StampingDestruction","theDuelist:Earthquake","theDuelist:VeilDarkness","theDuelist:SuperStridentBlaze"],"picked":"theDuelist:UltraEvolutionPill","floor":12},{"not_picked":["theDuelist:BattleguardKing","theDuelist:Hinotama","theDuelist:RainbowOverdragon","theDuelist:Raigeki"],"picked":"theDuelist:LightningDarts","floor":14},{"not_picked":["theDuelist:Kabazauls","theDuelist:CyberTwinDragon","theDuelist:BarrelDragon","theDuelist:BlackPtera","theDuelist:BlackBrachios"],"picked":"SKIP","floor":14}],"player_experience":1737,"relics_obtained":[{"floor":3,"key":"StuffTheSpire:Wildfire"},{"floor":6,"key":"theDuelist:MerchantNecklace"},{"floor":9,"key":"Counterbalance"},{"floor":11,"key":"theDuelist:SummonAnchorRare"},{"floor":14,"key":"halation:EternalFortune"}],"event_choices":[],"is_beta":false,"boss_relics":[],"items_purged_floors":[],"is_endless":false,"potions_floor_spawned":[4,5,12],"killed_by":"The Guardian","ascension_level":0}}