{"host":"w2kjv12xyhtt0cv2","time":1612189552,"event":{"mods":["100% Spire Juice","Act Like it!","BaseMod","Colored Map","Friendly Minions","Gensokyo","GifTheSpireLib","Highlight Path","Hubris","Marisa（F雨　魔理沙）","Minty Spire (QoL Compilation)","Prisma Mod","Quick Restart","Reimu（博丽灵梦）","Relic Stats","Reliquary","Replay The Spire","Robot Space Explorer","RumiaBox-露米娅的神秘盒子","Shop Mod","Spicy Shops","StSLib","The Bug Knight","The Cursed","The Dragon Tamer","The Servant 0.9.4","UnlockEverythingMod","Waifu the Spire","[功能]功能增强和修复MOD","【功能Mod】Neow奖励","【遗物卡牌】REMEMod","没有小屋子和绿帽子啦"],"gold_per_floor":[116,116,48,48,48,75,7,38,88,123,273,307,37,72,2,75,75,91,91,91,16,33,76,100,143,143,221,257,306,330,376,376,441,441,465,486,31,0,0,44,79,149,149,207,251,31,96,96,96,112,112,112,337,386,376],"floor_reached":56,"language":"ZHS","playtime":3722,"items_purged":["TheCursedMod:Strike_TheCursed","TheCursedMod:Defend_TheCursed","TheCursedMod:Defend_TheCursed"],"score":2884,"play_id":"68687680-1f2f-40be-9115-28e56f3362c0","local_time":"20210201222552","is_ascension_mode":true,"campfire_choices":[{"data":"TheCursedMod:VoidForm","floor":32.0,"key":"SMITH"},{"floor":49.0,"key":"RECALL"},{"data":"TheCursedMod:CursedRelics","floor":52.0,"key":"SMITH"}],"circlet_count":0,"master_deck":["AscendersBane","TheCursedMod:Strike_TheCursed","TheCursedMod:Defend_TheCursed","TheCursedMod:Defend_TheCursed+1","TheCursedMod:CursedWand","TheCursedMod:CleanUpWorkshop+1","TheCursedMod:Dregs","TheCursedMod:CollectTribute","TheCursedMod:HellfireBreathing","TheCursedMod:NeowsMight","TheCursedMod:HellsGateOpen","Clumsy","hubris:Wrath","TheCursedMod:CursedRelics+1","TheCursedMod:VoidForm+1","CommonCold","Injury","hubris:Despair","TheCursedMod:LuckyCharm","hubris:Greed","Spreading Infection","TheCursedMod:HellfireBreathing","TheCursedMod:StingEye","TheCursedMod:NeowsMight","TheCursedMod:RavingStaff+1","TheCursedMod:HellfireBreathing","TheCursedMod:NeowsMight","hubris:Wrath","Pain","TheCursedMod:Evocation"],"relics":["REME_ComplimentaryCards","Cursed Key","Mango","reliquary:BoilingFlask","SecretRecord","REME_PuzzleBoxRelic","HollowMod:StagPassRelic","ReplayTheSpireMod:CursedCoin","reliquary:IridiumChain","reliquary:WeakTea","hubris:64BitClover","REME_HandOfSuture","Replay:Rubber Ducky","HollowMod:PaleOreRelic","Replay:Ancient Bell","Replay:Bandana","reliquary:PurpleTingedLeaf","hubris:CuriousFeather","hubris:Icosahedron","reliquary:FerryPass","hubris:CrystalStatue","White Beast Statue","reliquary:PorcupineQuills","Replay:Baseball","Pen Nib","Painkiller Herb","ReplayTheSpireMod:Ninjato","reliquary:NewFriend","Red Mask","reliquary:TuningFork","GodSword4","SSSystem","reliquary:PartyBalloon","Gremlin Food","MagicDraw1","hubris:SphereOfDissonance","hubris:NiceRug","War Paint","reliquary:BrokenClock","Lantern","reliquary:TridentHead","Frozen Eye","reliquary:Aerogel","Durian"],"acts_visited":["Gensokyo:Gensokyo","TheCity","TheBeyond","TheEnding"],"potions_floor_usage":[55,55],"damage_taken":[{"damage":0.0,"enemies":"Gensokyo:2_Kodama","floor":1.0,"turns":4.0},{"damage":7.0,"enemies":"Gensokyo:Cirno","floor":6.0,"turns":6.0},{"damage":17.0,"enemies":"Gensokyo:Aya","floor":8.0,"turns":7.0},{"damage":0.0,"enemies":"Gensokyo:Mamizou","floor":10.0,"turns":6.0},{"damage":6.0,"enemies":"Gensokyo:Aya","floor":12.0,"turns":4.0},{"damage":0.0,"enemies":"Gensokyo:Cirno","floor":14.0,"turns":4.0},{"damage":0.0,"enemies":"Gensokyo:Reimu","floor":16.0,"turns":5.0},{"damage":0.0,"enemies":"Shell Parasite","floor":18.0,"turns":3.0},{"damage":0.0,"enemies":"3 Byrds","floor":22.0,"turns":2.0},{"damage":0.0,"enemies":"HollowMod:Nosk","floor":23.0,"turns":4.0},{"damage":15.0,"enemies":"Snake Plant","floor":24.0,"turns":2.0},{"damage":0.0,"enemies":"Gremlin Leader","floor":25.0,"turns":4.0},{"damage":8.0,"enemies":"Slavers","floor":27.0,"turns":3.0},{"damage":0.0,"enemies":"Chosen and Byrds","floor":28.0,"turns":1.0},{"damage":0.0,"enemies":"Book of Stabbing","floor":29.0,"turns":2.0},{"damage":0.0,"enemies":"Cultist and Chosen","floor":30.0,"turns":3.0},{"damage":5.0,"enemies":"Replay:Snechameleon","floor":31.0,"turns":3.0},{"damage":18.0,"enemies":"Pondfish","floor":33.0,"turns":6.0},{"damage":0.0,"enemies":"3 Shapes","floor":35.0,"turns":3.0},{"damage":0.0,"enemies":"3 Darklings","floor":36.0,"turns":2.0},{"damage":0.0,"enemies":"HollowMod:StalkingDevout","floor":40.0,"turns":2.0},{"damage":4.0,"enemies":"4 Shapes","floor":41.0,"turns":2.0},{"damage":0.0,"enemies":"Reptomancer","floor":42.0,"turns":3.0},{"damage":10.0,"enemies":"Nemesis","floor":44.0,"turns":3.0},{"damage":0.0,"enemies":"Maw","floor":45.0,"turns":2.0},{"damage":0.0,"enemies":"HollowMod:StalkingDevout","floor":47.0,"turns":2.0},{"damage":0.0,"enemies":"Time Eater","floor":50.0,"turns":2.0},{"damage":0.0,"enemies":"hubris:Merchant","floor":53.0,"turns":3.0},{"damage":0,"enemies":"Shield and Spear","floor":54,"turns":2},{"damage":6,"enemies":"The Heart","floor":55,"turns":6}],"seed_played":"-6434785721079300933","potions_obtained":[{"floor":8.0,"key":"Block Potion"},{"floor":14.0,"key":"ZuzhouPotion:ReiMu"},{"floor":16.0,"key":"Adrenaline Potion"},{"floor":18.0,"key":"LiquidBronze"},{"floor":24.0,"key":"SteroidPotion"},{"floor":27.0,"key":"PowerPotion"},{"floor":28.0,"key":"Swift Potion"},{"floor":30.0,"key":"Adrenaline Potion"},{"floor":36.0,"key":"SkillPotion"},{"floor":40.0,"key":"Venom Potion"},{"floor":41.0,"key":"Energy Potion"},{"floor":42.0,"key":"Weak Potion"},{"floor":42.0,"key":"Ancient Potion"},{"floor":45.0,"key":"REME_GoldPotion"},{"floor":47.0,"key":"Milkshake"}],"is_trial":false,"path_per_floor":["M","?","$","?","?","E","$","E","T","E","$","E","$","E","R_BF","B",null,"M","?","?","?","M","E","M","E","T","E","M","E","M","E","R","B",null,"?","?","T","?","?","E","?","E","T","E","?","T","E","T","T","B",null,"T","T","E","B",null],"character_chosen":"THE_CURSED","items_purchased":["TheCursedMod:HellsGateOpen","ReplayTheSpireMod:CursedCoin","reliquary:IridiumChain","hubris:64BitClover","REME_HandOfSuture","ReplayTheSpireMod:Ninjato","reliquary:NewFriend","reliquary:PartyBalloon","hubris:SphereOfDissonance"],"campfire_rested":0,"item_purchase_floors":[7,11,11,13,13,37,37,46,53],"current_hp_per_floor":[68,68,68,75,68,61,61,44,44,44,23,17,17,17,17,17,76,86,86,86,86,86,96,81,82,82,76,76,76,76,72,72,55,86,87,87,87,87,87,87,83,84,84,75,76,76,76,76,76,76,91,91,96,101,95],"gold":376,"neow_bonus":"BOSS_RELIC","is_daily":false,"chose_seed":false,"campfire_upgraded":2,"win_rate":0.0,"timestamp":1612189552,"path_taken":["M","?","$","?","?","E","?","E","T","E","?","E","$","E","R_BF","BOSS","M","?","?","?","M","E","M","E","T","E","M","E","M","E","R","BOSS","?","?","T","?","?","E","?","E","T","E","?","T","E","?","T","BOSS","T","T","E","BOSS"],"items_purchased_type":["Card","Relic","Relic","Relic","Relic","Relic","Relic","Relic","Relic"],"build_version":"2020-12-22","purchased_purges":3,"victory":true,"max_hp_per_floor":[75,75,75,82,96,96,96,96,96,96,96,96,96,96,96,96,96,96,96,96,96,96,96,96,96,96,96,96,96,96,96,96,96,96,96,96,96,96,96,96,96,96,96,96,96,96,96,96,96,96,96,96,96,101,101],"relic_stats":{"counters":[30,97],"Pen Nib":[7],"War Paint":["TheCursedMod:Defend_TheCursed","TheCursedMod:CleanUpWorkshop"],"Cursed Key":3,"obtain_stats":[{"Lantern":53,"hubris:CrystalStatue":25,"reliquary:PartyBalloon":46,"reliquary:Aerogel":53,"reliquary:BoilingFlask":6,"SSSystem":44,"Mango":5,"Painkiller Herb":34,"SecretRecord":8,"Cursed Key":0,"HollowMod:StagPassRelic":10,"Replay:Rubber Ducky":14,"reliquary:FerryPass":23,"MagicDraw1":48,"reliquary:TridentHead":53,"Frozen Eye":53,"Replay:Bandana":17,"hubris:Icosahedron":20,"reliquary:NewFriend":37,"hubris:CuriousFeather":17,"Red Mask":38,"HollowMod:PaleOreRelic":15,"Gremlin Food":47,"TheCursedMod:BlackMagic101":0,"ReplayTheSpireMod:Ninjato":37,"ReplayTheSpireMod:CursedCoin":11,"hubris:64BitClover":13,"hubris:SphereOfDissonance":53,"Pen Nib":33,"Replay:Ancient Bell":17,"reliquary:WeakTea":12,"War Paint":53,"reliquary:IridiumChain":11,"White Beast Statue":27,"Replay:Baseball":31,"reliquary:PorcupineQuills":29,"REME_HandOfSuture":13,"reliquary:TuningFork":40,"reliquary:BrokenClock":53,"Durian":54,"REME_PuzzleBoxRelic":9,"GodSword4":42,"reliquary:PurpleTingedLeaf":17,"REME_ComplimentaryCards":0,"hubris:NiceRug":53},{"Lantern":28,"hubris:CrystalStatue":12,"reliquary:PartyBalloon":25,"reliquary:Aerogel":28,"reliquary:BoilingFlask":2,"SSSystem":24,"Mango":1,"Painkiller Herb":18,"SecretRecord":3,"Cursed Key":0,"HollowMod:StagPassRelic":4,"Replay:Rubber Ducky":6,"reliquary:FerryPass":10,"MagicDraw1":26,"reliquary:TridentHead":28,"Frozen Eye":28,"Replay:Bandana":7,"hubris:Icosahedron":8,"reliquary:NewFriend":20,"hubris:CuriousFeather":7,"Red Mask":20,"HollowMod:PaleOreRelic":6,"Gremlin Food":26,"TheCursedMod:BlackMagic101":0,"ReplayTheSpireMod:Ninjato":20,"ReplayTheSpireMod:CursedCoin":4,"hubris:64BitClover":5,"hubris:SphereOfDissonance":27,"Pen Nib":18,"Replay:Ancient Bell":7,"reliquary:WeakTea":5,"War Paint":28,"reliquary:IridiumChain":4,"White Beast Statue":13,"Replay:Baseball":17,"reliquary:PorcupineQuills":15,"REME_HandOfSuture":5,"reliquary:TuningFork":21,"reliquary:BrokenClock":28,"Durian":29,"REME_PuzzleBoxRelic":3,"GodSword4":23,"reliquary:PurpleTingedLeaf":7,"REME_ComplimentaryCards":0,"hubris:NiceRug":28},{"Lantern":90,"hubris:CrystalStatue":49,"reliquary:PartyBalloon":83,"reliquary:Aerogel":90,"reliquary:BoilingFlask":10,"SSSystem":81,"Mango":4,"Painkiller Herb":66,"SecretRecord":16,"Cursed Key":0,"HollowMod:StagPassRelic":22,"Replay:Rubber Ducky":29,"reliquary:FerryPass":43,"MagicDraw1":85,"reliquary:TridentHead":90,"Frozen Eye":90,"Replay:Bandana":34,"hubris:Icosahedron":37,"reliquary:NewFriend":71,"hubris:CuriousFeather":34,"Red Mask":71,"HollowMod:PaleOreRelic":29,"Gremlin Food":85,"TheCursedMod:BlackMagic101":0,"ReplayTheSpireMod:Ninjato":71,"ReplayTheSpireMod:CursedCoin":22,"hubris:64BitClover":25,"hubris:SphereOfDissonance":87,"Pen Nib":66,"Replay:Ancient Bell":34,"reliquary:WeakTea":25,"War Paint":90,"reliquary:IridiumChain":22,"White Beast Statue":52,"Replay:Baseball":61,"reliquary:PorcupineQuills":55,"REME_HandOfSuture":25,"reliquary:TuningFork":73,"reliquary:BrokenClock":90,"Durian":92,"REME_PuzzleBoxRelic":16,"GodSword4":78,"reliquary:PurpleTingedLeaf":34,"REME_ComplimentaryCards":0,"hubris:NiceRug":90}]},"card_choices":[{"not_picked":["TheCursedMod:CursedArmor","TheCursedMod:CircleOfFlame","TheCursedMod:Stigma"],"picked":"SKIP","floor":1.0},{"not_picked":["TheCursedMod:RapidMovement","TheCursedMod:Stigma"],"picked":"TheCursedMod:NeowsMight","floor":6.0},{"not_picked":["TheCursedMod:CursedArmor","TheCursedMod:Obscuration","TheCursedMod:CursedShiv"],"picked":"SKIP","floor":8.0},{"not_picked":["TheCursedMod:RapidMovement","TheCursedMod:Wield","TheCursedMod:Stigma"],"picked":"SKIP","floor":10.0},{"not_picked":["TheCursedMod:BloodBarrier","TheCursedMod:CircleOfFocus"],"picked":"TheCursedMod:CursedRelics","floor":12.0},{"not_picked":["TheCursedMod:ReleasedKnowledge","TheCursedMod:VitalStrike","TheCursedMod:SurpriseAttack"],"picked":"SKIP","floor":14.0},{"not_picked":["TheCursedMod:DarkBarrier","TheCursedMod:DemonSword"],"picked":"TheCursedMod:VoidForm","floor":16.0},{"not_picked":["Voices","Hallucinations"],"picked":"CommonCold","floor":17.0},{"not_picked":["Amnesia","ReplayTheSpireMod:Faulty Equipment"],"picked":"Injury","floor":17.0},{"not_picked":["Regret","Decay"],"picked":"hubris:Despair","floor":17.0},{"not_picked":["TheCursedMod:CursedShiv","TheCursedMod:Stigma","TheCursedMod:Stretching"],"picked":"SKIP","floor":18.0},{"not_picked":["TheCursedMod:DemonicPact","TheCursedMod:SpitefulPray"],"picked":"TheCursedMod:LuckyCharm","floor":22.0},{"not_picked":["TheCursedMod:TacticalStrike","TheCursedMod:SmokeScreen","TheCursedMod:Stretching"],"picked":"SKIP","floor":23.0},{"not_picked":["TheCursedMod:Obscuration","TheCursedMod:BlessingInDisguise","TheCursedMod:Hemoplague"],"picked":"SKIP","floor":24.0},{"not_picked":["TheCursedMod:Mangle","TheCursedMod:SpitefulStrike","TheCursedMod:SmokeScreen"],"picked":"SKIP","floor":25.0},{"not_picked":["TheCursedMod:VitalStrike","TheCursedMod:AbyssShockwave"],"picked":"TheCursedMod:HellfireBreathing","floor":27.0},{"not_picked":["TheCursedMod:SpitefulStrike","TheCursedMod:CircleOfFlame","TheCursedMod:SpreadPlague"],"picked":"SKIP","floor":28.0},{"not_picked":["TheCursedMod:Wield","TheCursedMod:VitalStrike","TheCursedMod:CircleOfCorruption"],"picked":"SKIP","floor":29.0},{"not_picked":["TheCursedMod:Evocation","TheCursedMod:CursedBlade","TheCursedMod:HellsGateOpen+1"],"picked":"SKIP","floor":30.0},{"not_picked":["TheCursedMod:CursedBoomerang","TheCursedMod:ManaBullet"],"picked":"TheCursedMod:StingEye","floor":31.0},{"not_picked":["TheCursedMod:StunningStrike","TheCursedMod:DemonicPact"],"picked":"TheCursedMod:NeowsMight","floor":33.0},{"not_picked":["TheCursedMod:Grudge+1","TheCursedMod:DoubleShield"],"picked":"TheCursedMod:RavingStaff+1","floor":35.0},{"not_picked":["TheCursedMod:BloodBarrier","TheCursedMod:DoubleShield","TheCursedMod:Stretching"],"picked":"SKIP","floor":36.0},{"not_picked":["TheCursedMod:SurpriseAttack+1","TheCursedMod:Wield","TheCursedMod:SmokeScreen"],"picked":"SKIP","floor":40.0},{"not_picked":["TheCursedMod:Hemoplague","TheCursedMod:CircleOfFocus","TheCursedMod:SpreadPlague+1"],"picked":"SKIP","floor":41.0},{"not_picked":["TheCursedMod:CursedMace+1","TheCursedMod:CircleOfAmplification+1"],"picked":"TheCursedMod:HellfireBreathing","floor":42.0},{"not_picked":["TheCursedMod:CursedBoomerang","TheCursedMod:Stigma+1"],"picked":"TheCursedMod:NeowsMight","floor":44.0},{"not_picked":["TheCursedMod:CursedShiv","TheCursedMod:DoubleShield","TheCursedMod:Torture"],"picked":"SKIP","floor":45.0},{"not_picked":["TheCursedMod:CursedArmor+1","TheCursedMod:ParallelWorld","TheCursedMod:TacticalStrike+1"],"picked":"SKIP","floor":47.0},{"not_picked":[],"picked":"TheCursedMod:Evocation","floor":53},{"not_picked":["TheCursedMod:CursedStaff"],"picked":"SKIP","floor":53},{"not_picked":["TheCursedMod:CursedShiv"],"picked":"SKIP","floor":53},{"not_picked":["TheCursedMod:SaltUponWound"],"picked":"SKIP","floor":53},{"not_picked":["TheCursedMod:EmpowerCircles"],"picked":"SKIP","floor":53},{"not_picked":["Survey Options"],"picked":"SKIP","floor":53},{"not_picked":["Magnetism"],"picked":"SKIP","floor":53},{"not_picked":["TheCursedMod:Hemoplague","TheCursedMod:VitalStrike","TheCursedMod:Wield"],"picked":"SKIP","floor":54}],"player_experience":180935,"relics_obtained":[{"floor":6.0,"key":"reliquary:BoilingFlask"},{"floor":8.0,"key":"SecretRecord"},{"floor":9.0,"key":"REME_PuzzleBoxRelic"},{"floor":10.0,"key":"HollowMod:StagPassRelic"},{"floor":12.0,"key":"reliquary:WeakTea"},{"floor":14.0,"key":"Replay:Rubber Ducky"},{"floor":23.0,"key":"reliquary:FerryPass"},{"floor":25.0,"key":"hubris:CrystalStatue"},{"floor":27.0,"key":"White Beast Statue"},{"floor":29.0,"key":"reliquary:PorcupineQuills"},{"floor":31.0,"key":"Replay:Baseball"},{"floor":33.0,"key":"Pen Nib"},{"floor":40.0,"key":"reliquary:TuningFork"},{"floor":42.0,"key":"GodSword4"},{"floor":44.0,"key":"SSSystem"},{"floor":47.0,"key":"Gremlin Food"},{"floor":48.0,"key":"MagicDraw1"},{"floor":53,"key":"War Paint"},{"floor":53,"key":"reliquary:BrokenClock"},{"floor":53,"key":"Lantern"},{"floor":53,"key":"reliquary:TridentHead"},{"floor":53,"key":"Frozen Eye"},{"floor":53,"key":"reliquary:Aerogel"},{"floor":54,"key":"Durian"}],"event_choices":[{"cards_removed":["TheCursedMod:Strike_TheCursed"],"damage_healed":0.0,"max_hp_gain":0.0,"max_hp_loss":0.0,"gold_gain":0.0,"event_name":"Beggar","player_choice":"Gave Gold","floor":21.0,"gold_loss":75.0,"damage_taken":0.0},{"damage_healed":0.0,"max_hp_gain":0.0,"max_hp_loss":0.0,"gold_gain":0.0,"event_name":"Tomb of Lord Red Mask","player_choice":"Paid","floor":38.0,"gold_loss":31.0,"damage_taken":0.0,"relics_obtained":["Red Mask"]},{"cards_removed":["TheCursedMod:Strike_TheCursed"],"damage_healed":0.0,"max_hp_gain":0.0,"max_hp_loss":0.0,"gold_gain":0.0,"event_name":"Falling","player_choice":"Removed Attack","floor":39.0,"gold_loss":0.0,"damage_taken":0.0}],"is_beta":false,"boss_relics":[{"not_picked":["hubris:VirtuousBlindfold","Sozu"],"picked":"Replay:Ancient Bell"},{"not_picked":["reliquary:RosewoodLute","hubris:TenFootPole"],"picked":"Replay:Bandana"},{"not_picked":["hubris:Reverence","Pantograph"],"picked":"reliquary:PurpleTingedLeaf"},{"not_picked":["CaptainsWheel","hubris:MedicalManual"],"picked":"hubris:CuriousFeather"},{"not_picked":["Replay:Bronze Core","reliquary:Craggleroot"],"picked":"Painkiller Herb"}],"items_purged_floors":[3,11,46],"is_endless":false,"potions_floor_spawned":[8,14,16,18,24,27,28,29,30,31,33,35,36,40,41,42,42,44,45,47,53,54,54],"ascension_level":13}}