{"host":"2se5dq1do2gp0x9k","time":1612140405,"event":{"mods":["AchievementEnabler","BaseMod","Block Reminder","Colored Map","Colored Powertips","Minty Spire (QoL Compilation)","Relic Stats","StSLib","SuperFastMode"],"gold_per_floor":[114,125,141,66,84,84,118,118,118,118,118],"floor_reached":10,"language":"ENG","playtime":252,"items_purged":["Strike_G"],"score":136,"play_id":"b8619483-e208-4bc7-aedd-863826346857","local_time":"20210131164645","is_ascension_mode":true,"campfire_choices":[{"data":"Predator","floor":6,"key":"SMITH"},{"data":"Riddle With Holes","floor":8,"key":"SMITH"}],"circlet_count":0,"master_deck":["AscendersBane","Strike_G","Strike_G","Strike_G","Strike_G","Defend_G","Defend_G","Defend_G","Defend_G","Defend_G","Survivor","Neutralize","Prepared","Predator+1","Backstab","Terror","Riddle With Holes+1"],"relics":["Ring of the Snake","NeowsBlessing","Snake Skull"],"acts_visited":["Exordium"],"potions_floor_usage":[7],"damage_taken":[{"damage":0,"enemies":"Small Slimes","floor":1,"turns":1},{"damage":0,"enemies":"Cultist","floor":2,"turns":1},{"damage":0,"enemies":"Jaw Worm","floor":3,"turns":1},{"damage":3,"enemies":"3 Louse","floor":5,"turns":4},{"damage":7,"enemies":"3 Sentries","floor":7,"turns":8},{"damage":76,"enemies":"Gremlin Nob","floor":10,"turns":4}],"seed_played":"-2745452664655136419","potions_obtained":[{"floor":2,"key":"Regen Potion"},{"floor":3,"key":"Energy Potion"}],"is_trial":false,"path_per_floor":["M","M","M","$","M","R","E","R","T","E"],"character_chosen":"THE_SILENT","items_purchased":[],"campfire_rested":0,"item_purchase_floors":[],"current_hp_per_floor":[59,59,59,59,56,56,49,49,49,0,0],"gold":118,"neow_bonus":"THREE_ENEMY_KILL","is_daily":false,"chose_seed":false,"campfire_upgraded":2,"win_rate":0.0,"timestamp":1612140405,"path_taken":["M","M","M","$","M","R","E","R","T","E"],"items_purchased_type":[],"build_version":"2020-12-22","purchased_purges":1,"victory":false,"max_hp_per_floor":[66,66,66,66,66,66,66,66,66,66,66],"relic_stats":{"counters":[6,19],"Snake Skull":[0],"obtain_stats":[{"NeowsBlessing":0,"Snake Skull":7,"Ring of the Snake":0},{"NeowsBlessing":0,"Snake Skull":5,"Ring of the Snake":0},{"NeowsBlessing":0,"Snake Skull":15,"Ring of the Snake":0}],"Ring of the Snake":[12]},"card_choices":[{"not_picked":["Outmaneuver","Expertise"],"picked":"Prepared","floor":1},{"not_picked":["Terror","Caltrops"],"picked":"Predator","floor":2},{"not_picked":["Dodge and Roll","Heel Hook"],"picked":"Backstab","floor":3},{"not_picked":["Leg Sweep","Underhanded Strike"],"picked":"Terror","floor":5},{"not_picked":["Blur","Outmaneuver"],"picked":"Riddle With Holes","floor":7}],"player_experience":4030615,"relics_obtained":[{"floor":7,"key":"Snake Skull"}],"event_choices":[],"is_beta":false,"boss_relics":[],"items_purged_floors":[4],"is_endless":false,"potions_floor_spawned":[2,3,5],"killed_by":"Gremlin Nob","ascension_level":20}}