{"host":"qeogwbudlaqzb6hy","time":1612177079,"event":{"mods":["BaseMod","Downfall","Minty Spire (QoL Compilation)","StSLib"],"gold_per_floor":[99,117,134,153,172,186,186,186,186,213,213,231,231,231,242,242,242,242],"floor_reached":16,"language":"ENG","playtime":2635,"items_purged":[],"score":104,"play_id":"f7741007-bf34-457c-a5fc-903e7ec9cd6f","local_time":"20210201205759","is_ascension_mode":false,"campfire_choices":[{"data":"bronze:Goto","floor":1,"key":"SMITH"},{"data":"bronze:Overload","floor":8,"key":"SMITH"},{"floor":11,"key":"REST"},{"data":"bronze:Verify","floor":13,"key":"SMITH"}],"circlet_count":0,"master_deck":["bronze:Strike","bronze:Strike","bronze:Strike","bronze:Defend","bronze:Defend","bronze:Defend","bronze:Defend","bronze:Replicate+1","bronze:Goto+1","bronze:CutThrough","bronze:Frontload","bronze:ForLoop","bronze:Overload+1","bronze:Overheat","bronze:DigitalCarnage","bronze:Verify+1","bronze:Constructor"],"relics":["bronze:BronzeCore","Ornamental Fan","Pocketwatch"],"acts_visited":["Exordium"],"potions_floor_usage":[16,16],"damage_taken":[{"damage":1,"enemies":"Jaw Worm","floor":2,"turns":4},{"damage":5,"enemies":"Small Slimes","floor":3,"turns":3},{"damage":0,"enemies":"2 Louse","floor":4,"turns":4},{"damage":2,"enemies":"Blue Slaver","floor":5,"turns":4},{"damage":13,"enemies":"Exordium Wildlife","floor":6,"turns":6},{"damage":26,"enemies":"Gremlin Nob","floor":10,"turns":6},{"damage":1,"enemies":"Red Slaver","floor":12,"turns":2},{"damage":9,"enemies":"Blue Slaver","floor":15,"turns":4},{"damage":41,"enemies":"SI_SHIV_ARCHETYPE","floor":16,"turns":10}],"seed_played":"7923929059119248407","potions_obtained":[{"floor":3,"key":"Dexterity Potion"},{"floor":6,"key":"LiquidMemories"},{"floor":12,"key":"PowerPotion"}],"is_trial":false,"path_per_floor":["R","M","M","M","M","M","T","R","?","E","R","M","R","?","M","B"],"character_chosen":"THE_AUTOMATON","items_purchased":[],"campfire_rested":1,"item_purchase_floors":[],"current_hp_per_floor":[70,69,64,64,62,49,49,49,49,23,44,43,43,43,34,0,0,0],"gold":242,"neow_bonus":"UPGRADE_CARD","is_daily":false,"chose_seed":false,"campfire_upgraded":3,"win_rate":0.0,"timestamp":1612177079,"path_taken":["R","M","M","M","M","M","T","R","?","E","R","M","R","?","M","BOSS"],"items_purchased_type":[],"build_version":"2020-12-22","purchased_purges":0,"victory":false,"max_hp_per_floor":[70,70,70,70,70,70,70,70,70,70,70,70,70,70,70,70,70,70],"card_choices":[{"not_picked":["bronze:WildBeam","bronze:Overload"],"picked":"bronze:CutThrough","floor":2},{"not_picked":["bronze:OilSpill","bronze:DelayedGuard"],"picked":"bronze:Frontload","floor":3},{"not_picked":["bronze:WildBeam","bronze:OilSpill"],"picked":"bronze:ForLoop","floor":4},{"not_picked":["bronze:WildBeam","bronze:FineTuning"],"picked":"bronze:Overload","floor":5},{"not_picked":["bronze:DelayedGuard","bronze:Backtrace"],"picked":"bronze:Overheat","floor":6},{"not_picked":["bronze:FineTuning","bronze:CloningBeam"],"picked":"bronze:DigitalCarnage","floor":10},{"not_picked":["bronze:Separator","bronze:BitShift"],"picked":"bronze:Verify","floor":12},{"not_picked":["bronze:Shield","bronze:DelayedGuard"],"picked":"bronze:Constructor","floor":15}],"player_experience":353043,"relics_obtained":[{"floor":7,"key":"Ornamental Fan"},{"floor":10,"key":"Pocketwatch"}],"event_choices":[],"is_beta":false,"boss_relics":[],"items_purged_floors":[],"is_endless":false,"potions_floor_spawned":[3,6,12],"killed_by":"SI_SHIV_ARCHETYPE","ascension_level":0}}