{"host":"xp5rvh2jwe2ejyfm","time":1612192216,"event":{"mods":["Aspiration","BaseMod","BetterRewards","Colored Powertips","Conspire","Downfall","Duelist Mod","GifTheSpireLib","Gremlin Mod","Hermit","Hubris","Minty Spire (QoL Compilation)","Robot Space Explorer","StSLib","The Blackbeard","The Clintock","The Construct","The Cursed","The Disciple","The Forsaken","The Hierophant","The Necromancer","The Runesmith","The Servant 0.9.4"],"gold_per_floor":[111,111,125,142,156,156,11,41,41,41,52,52,69,79,79,184,184,204,219,233,245,20,20,37,1,1,1,1,34,47,67,67,67,67],"floor_reached":33,"language":"ENG","playtime":1587,"items_purged":[],"score":398,"play_id":"9693c144-2652-4141-8f2a-43ee2a6f1be8","local_time":"20210201101016","is_ascension_mode":false,"campfire_choices":[{"floor":6,"key":"REST"},{"floor":10,"key":"RECALL"},{"floor":12,"key":"REST"},{"floor":15,"key":"REST"},{"floor":23,"key":"REST"},{"floor":32,"key":"REST"}],"circlet_count":0,"master_deck":["TheCursedMod:Strike_TheCursed+1","TheCursedMod:Strike_TheCursed","TheCursedMod:Strike_TheCursed","TheCursedMod:Strike_TheCursed","TheCursedMod:Defend_TheCursed","TheCursedMod:Defend_TheCursed","TheCursedMod:Defend_TheCursed","TheCursedMod:Defend_TheCursed","TheCursedMod:CursedWand","TheCursedMod:CleanUpWorkshop","TheCursedMod:Dregs","TheCursedMod:SurpriseAttack","TheCursedMod:SpitefulPlan","TheCursedMod:AbyssShockwave","TheCursedMod:Mangle","TheCursedMod:ManaBullet+1","TheCursedMod:CircleOfFlame","TheCursedMod:ReleasedStrength","TheCursedMod:SpitefulStrike","TheCursedMod:Stigma","TheCursedMod:HellfireBreathing","TheCursedMod:StunningStrike","TheCursedMod:ManaBullet+1","TheCursedMod:Mangle","TheCursedMod:CursedBlade+1","TheCursedMod:CircleOfFlame","TheCursedMod:HellsGateOpen","TheCursedMod:CursedStaff","TheCursedMod:Mangle","TheCursedMod:WearCloak","Madness","TheCursedMod:CursedBoomerang","TheCursedMod:CircleOfFlame","TheCursedMod:CircleOfFlame"],"relics":["TheCursedMod:BlackMagic101","Potion Belt","CaptainsWheel","MealTicket","Whetstone","Bag of Preparation","conspire:SpecialSausage","HandDrill","Runesmith:Nanobots","Lantern"],"acts_visited":["Exordium","TheCity"],"potions_floor_usage":[8,16,16,16,16,16,16,18,21,24,29,30,31],"damage_taken":[{"damage":0,"enemies":"Small Slimes","floor":1,"turns":5},{"damage":1,"enemies":"Cultist","floor":3,"turns":3},{"damage":6,"enemies":"Jaw Worm","floor":4,"turns":2},{"damage":1,"enemies":"Exordium Thugs","floor":5,"turns":4},{"damage":27,"enemies":"Lagavulin","floor":8,"turns":6},{"damage":19,"enemies":"Gremlin Gang","floor":11,"turns":3},{"damage":8,"enemies":"2 Fungi Beasts","floor":13,"turns":4},{"damage":0,"enemies":"Exordium Wildlife","floor":14,"turns":2},{"damage":14,"enemies":"Hexaghost","floor":16,"turns":8},{"damage":21,"enemies":"Shell Parasite","floor":18,"turns":7},{"damage":2,"enemies":"Chosen","floor":19,"turns":4},{"damage":40,"enemies":"Shelled Parasite and Fungi","floor":20,"turns":5},{"damage":0,"enemies":"Sentry and Sphere","floor":21,"turns":4},{"damage":0,"enemies":"Snecko","floor":24,"turns":3},{"damage":37,"enemies":"Book of Stabbing","floor":29,"turns":5},{"damage":26,"enemies":"Centurion and Healer","floor":30,"turns":5},{"damage":0,"enemies":"Sentry and Sphere","floor":31,"turns":3},{"damage":37,"enemies":"Automaton","floor":33,"turns":4}],"seed_played":"7295571909723310454","potions_obtained":[{"floor":1,"key":"hexamod:SoulburnPotion"},{"floor":8,"key":"SpeedPotion"},{"floor":11,"key":"champ:CounterPotion"},{"floor":13,"key":"EntropicBrew"},{"floor":18,"key":"Strength Potion"},{"floor":24,"key":"Energy Potion"},{"floor":29,"key":"LiquidMemories"},{"floor":30,"key":"Explosive Potion"}],"is_trial":false,"path_per_floor":["M","?","M","M","M","R","$","E","T","R","M","R","M","M","R","B",null,"M","M","M","M","$","R","M","$","T","?","$","E","M","M","R","B"],"character_chosen":"THE_CURSED","items_purchased":["Potion Belt","CaptainsWheel","TheCursedMod:SurpriseAttack","TheCursedMod:SpitefulPlan","MealTicket","TheCursedMod:HellsGateOpen","HandDrill","TheCursedMod:Mangle"],"campfire_rested":5,"item_purchase_floors":[0,0,0,0,7,22,22,25],"current_hp_per_floor":[51,51,50,44,43,65,65,38,38,38,19,41,33,33,55,41,75,54,52,12,12,27,49,49,64,64,64,75,38,12,12,34,0,0],"gold":67,"neow_bonus":"","is_daily":false,"chose_seed":false,"campfire_upgraded":0,"win_rate":0.0,"timestamp":1612192216,"path_taken":["M","?","M","?","M","R","$","E","T","R","M","R","M","M","R","BOSS","M","M","M","M","$","R","?","$","T","?","?","E","M","M","R","BOSS"],"items_purchased_type":["Relic","Relic","Card","Card","Relic","Card","Relic","Card"],"build_version":"2020-12-22","purchased_purges":0,"victory":false,"max_hp_per_floor":[75,75,75,75,75,75,75,75,75,75,75,75,75,75,75,75,75,75,75,75,75,75,75,75,75,75,75,75,75,75,75,75,75,75],"card_choices":[{"not_picked":["TheCursedMod:CursedStaff","TheCursedMod:CursedAmulet"],"picked":"TheCursedMod:AbyssShockwave","floor":1},{"not_picked":["TheCursedMod:FleshFromBone","TheCursedMod:BloodBarrier"],"picked":"TheCursedMod:Mangle","floor":3},{"not_picked":["TheCursedMod:PrepareRite","TheCursedMod:DoubleShield"],"picked":"TheCursedMod:ManaBullet","floor":4},{"not_picked":["TheCursedMod:ReleasedStrength","TheCursedMod:CursedSpellbook"],"picked":"TheCursedMod:CircleOfFlame","floor":5},{"not_picked":["TheCursedMod:TacticalStrike","TheCursedMod:Stretching"],"picked":"TheCursedMod:ReleasedStrength","floor":8},{"not_picked":["TheCursedMod:Stigma","TheCursedMod:Obscuration"],"picked":"TheCursedMod:SpitefulStrike","floor":11},{"not_picked":["TheCursedMod:Obscuration","TheCursedMod:CursedStaff"],"picked":"TheCursedMod:Stigma","floor":13},{"not_picked":["TheCursedMod:CircleOfFlame","TheCursedMod:BlessingInDisguise"],"picked":"TheCursedMod:HellfireBreathing","floor":14},{"not_picked":["TheCursedMod:DemonicPact","TheCursedMod:VoidForm"],"picked":"TheCursedMod:StunningStrike","floor":16},{"not_picked":["TheCursedMod:Evocation","TheCursedMod:BlessingInDisguise"],"picked":"TheCursedMod:ManaBullet+1","floor":18},{"not_picked":["TheCursedMod:CircleOfAmplification+1","TheCursedMod:RapidMovement"],"picked":"TheCursedMod:Mangle","floor":19},{"not_picked":["TheCursedMod:RapidMovement","TheCursedMod:SmokeScreen"],"picked":"TheCursedMod:CursedBlade+1","floor":20},{"not_picked":["TheCursedMod:SurpriseAttack","TheCursedMod:SpitefulStrike+1"],"picked":"TheCursedMod:CircleOfFlame","floor":21},{"not_picked":["TheCursedMod:SpitefulPray","TheCursedMod:PrepareRite"],"picked":"TheCursedMod:CursedStaff","floor":24},{"not_picked":["TheCursedMod:TacticalStrike","TheCursedMod:DemonicPact"],"picked":"TheCursedMod:CursedBoomerang","floor":29},{"not_picked":["TheCursedMod:CircleOfCorruption","TheCursedMod:VitalStrike+1"],"picked":"TheCursedMod:CircleOfFlame","floor":30},{"not_picked":["TheCursedMod:CursedAmulet+1","TheCursedMod:Obscuration"],"picked":"TheCursedMod:CircleOfFlame","floor":31}],"player_experience":377510,"relics_obtained":[{"floor":8,"key":"Whetstone"},{"floor":9,"key":"Bag of Preparation"},{"floor":26,"key":"Runesmith:Nanobots"},{"floor":29,"key":"Lantern"}],"event_choices":[{"damage_healed":0,"gold_gain":0,"player_choice":"Ignored","damage_taken":0,"max_hp_gain":0,"max_hp_loss":0,"event_name":"NoteForYourself","floor":2,"gold_loss":0},{"damage_healed":0,"gold_gain":0,"player_choice":"2 cards matched","damage_taken":0,"max_hp_gain":0,"max_hp_loss":0,"event_name":"Match and Keep!","floor":27,"gold_loss":0,"cards_obtained":["TheCursedMod:WearCloak","Madness"]}],"is_beta":false,"boss_relics":[{"not_picked":["Sozu","aspiration:SecretTechniqueScroll"],"picked":"conspire:SpecialSausage"}],"items_purged_floors":[],"is_endless":false,"potions_floor_spawned":[1,8,11,13,18,24,29,30],"killed_by":"Automaton","ascension_level":0}}