{"host":"stku21i8hhz5zha4","time":1612208368,"event":{"mods":["2.2 Compatiblity","AchievementEnabler","Aspiration","BaseMod","Better Altar","Better Match","Better Note","Better Sensory Stone","Better Skull","Better Third Choice","Better Vampires","Colored Map","Colorless Booster Pack","Conspire","Dark Map","Displayed Cursed Tome","Downfall","Energized Spire","Friendly Minions","GifTheSpireLib","Halation","Hubris","Infinite Spire","Jedi Mod","Jorbs\u0027s Wanderer Trilogy","Minty Spire (QoL Compilation)","Permanent Neow","Quick Restart","Rare Cards Sparkle","Reliquary","Replay The Spire","Shop Mod","Spikes Relics","Spire Arcade","StS++","StSLib","Stuff the Spire","The Blue Laboratory","Trackpad","Transform Curses","Uncapped"],"gold_per_floor":[109,122,132,146,146,146,177,177,177,207,207,207,241,254,254,328,328,228,228],"floor_reached":18,"language":"RUS","playtime":730,"items_purged":[],"score":360,"play_id":"64a37c6f-5acd-485d-ab9d-de6a88f985e2","local_time":"20210201223928","is_ascension_mode":true,"campfire_choices":[{"data":"Eclipse","floor":6,"key":"SMITH"},{"floor":8,"key":"REST"},{"floor":15,"key":"REST"}],"circlet_count":0,"master_deck":["AscendersBane","Strike_R","Strike_R","Strike_R","Strike_R","Strike_R","Defend_R","Defend_R","Defend_R","Defend_R","Bash","Regret","Fire Breathing","Eclipse+1","Wild Strike","Whirlwind","Dash+1","Double Tap","Headbutt","StuffTheSpire:CuriosityCurse","Flame Barrier"],"relics":["Burning Blood","Juzu Bracelet","Torii","PreservedInsect","hubris:MedicalManual","jedi:angrymask","Bag of Marbles","Pear","aspiration:PoetsPen"],"acts_visited":["Exordium","TheCity"],"potions_floor_usage":[7,16,16],"damage_taken":[{"damage":17,"enemies":"Jaw Worm","floor":1,"turns":5},{"damage":11,"enemies":"Cultist","floor":2,"turns":4},{"damage":6,"enemies":"2 Louse","floor":3,"turns":3},{"damage":7,"enemies":"2 Fungi Beasts","floor":4,"turns":2},{"damage":34,"enemies":"Gremlin Nob","floor":7,"turns":4},{"damage":7,"enemies":"Replay:BlueRogue","floor":10,"turns":4},{"damage":23,"enemies":"3 Sentries","floor":13,"turns":6},{"damage":14,"enemies":"Exordium Thugs","floor":14,"turns":3},{"damage":49,"enemies":"The Guardian","floor":16,"turns":11},{"damage":73,"enemies":"2 Thieves","floor":18,"turns":3}],"seed_played":"-8632332841262459534","potions_obtained":[{"floor":2,"key":"Adrenaline Potion"},{"floor":7,"key":"sneckomod:MuddlingPotion"},{"floor":14,"key":"jedi:holywater"}],"is_trial":false,"path_per_floor":["M","M","M","M","?","R","E","R","T","E","?","?","E","M","R","B",null,"M"],"character_chosen":"IRONCLAD","items_purchased":[],"campfire_rested":2,"item_purchase_floors":[],"current_hp_per_floor":[57,52,52,51,51,51,23,45,45,44,44,44,37,29,54,11,67,0,0],"gold":228,"neow_bonus":"RANDOM_EVENT","is_daily":false,"chose_seed":false,"campfire_upgraded":1,"win_rate":0.0,"timestamp":1612208368,"path_taken":["M","M","M","M","?","R","E","R","T","E","?","?","E","M","R","BOSS","M"],"items_purchased_type":[],"build_version":"2020-12-22","purchased_purges":0,"victory":false,"max_hp_per_floor":[75,75,75,75,75,75,75,75,75,75,75,75,85,85,85,85,85,85,85],"card_choices":[{"not_picked":["StuffTheSpire:RockThrow","Twin Strike"],"picked":"Fire Breathing","floor":1},{"not_picked":["ReplayTheSpireMod:Strike From Hell","Sword Boomerang"],"picked":"Eclipse","floor":2},{"not_picked":["StuffTheSpire:RockThrow","StSpp:Sprint"],"picked":"Wild Strike","floor":3},{"not_picked":["StSpp:Sprint","StuffTheSpire:Resist"],"picked":"Whirlwind","floor":4},{"not_picked":["Perfected Strike","Twin Strike"],"picked":"Double Tap","floor":7},{"not_picked":["Replay:Undeath\u0027s Touch","Pommel Strike"],"picked":"Headbutt","floor":10},{"not_picked":["Massacre","Run Through"],"picked":"Flame Barrier","floor":13},{"not_picked":["Dropkick","StuffTheSpire:Incineration","hubris:ReadiedAction"],"picked":"SKIP","floor":14}],"player_experience":267171,"relics_obtained":[{"floor":7,"key":"Torii"},{"floor":9,"key":"PreservedInsect"},{"floor":10,"key":"hubris:MedicalManual"},{"floor":11,"key":"jedi:angrymask"},{"floor":13,"key":"Pear"}],"event_choices":[{"damage_healed":0,"gold_gain":0,"player_choice":"Box","damage_taken":0,"relics_obtained":["Juzu Bracelet"],"max_hp_gain":0,"max_hp_loss":0,"event_name":"Big Fish","floor":0,"gold_loss":0,"cards_obtained":["Regret"]},{"cards_removed":["Regret"],"damage_healed":0,"gold_gain":0,"player_choice":"Take \u0026 Give","damage_taken":0,"max_hp_gain":0,"max_hp_loss":0,"event_name":"betterNote:BetterNote","floor":5,"gold_loss":0,"cards_obtained":["Dash"]}],"is_beta":false,"boss_relics":[{"not_picked":["energizedSpire:DecayingSkull","aspiration:SecretTechniqueScroll"],"picked":"aspiration:PoetsPen"}],"items_purged_floors":[],"is_endless":false,"potions_floor_spawned":[2,7,14],"killed_by":"2 Thieves","ascension_level":20}}