{"host":"mq7pyadb5kndcn8l","time":1612161727,"event":{"mods":["AchievementEnabler","Arknights","Aspiration","BaseMod","Better Altar","Better Match","Better Note","Better Sensory Stone","Better Skull","Better Third Choice","BetterRewards","Block Reminder","CCEM2","Challenge The Spire","ChefMod","Colored Map","Colored Powertips","Conspire","Displayed Cursed Tome","Dota2Spire","Energized Spire","GifTheSpireLib","Highlight Path","Hubris","Infinite Spire","Mad Scientist","Marked Mod","Mimic Mod","Minty Spire (QoL Compilation)","Permanent Neow","QueenMod","Quick Restart","Random Character Button","Rare Cards Sparkle","Relic Filter","Relic Sorter","Reliquary","Replay The Spire","Reworked Bosses","Shade Mod","Shop Mod","Spicy Shops","Spikes Relics","Spire Arcade","StSLib","Stuff the Spire","SuperFastMode","The Blue Laboratory","Thieving Mod","Trackpad","Transform Curses","Wandering Minibosses"],"gold_per_floor":[117,117,6,37,50,50,61,87,87,120,45,55,79,96,96,171,171,187,207,234,234,434,434,445,464,490,490,510,536,583,598,598,673,673,689,689,699,699,921,921,952,952,952,967,1007,354,366,381,381,381,381,381,1,36,36],"floor_reached":56,"language":"ENG","playtime":2871,"items_purged":["Shade:CarefulCut","Shade:Strike_Shade","Shade:Strike_Shade","Shade:Strike_Shade"],"score":3043,"play_id":"643f3924-ab56-43bb-8980-150aaf0058c5","local_time":"20210201014207","is_ascension_mode":true,"campfire_choices":[{"data":"Shade:AnimateDead","floor":6,"key":"SMITH"},{"data":"Shade:OpenGraves","floor":15,"key":"SMITH"},{"data":"Shade:OpenGraves","floor":23,"key":"SMITH"},{"data":"Shade:Brains","floor":27,"key":"SMITH"},{"data":"Shade:Brains","floor":32,"key":"SMITH"},{"data":"Shade:Coordination","floor":40,"key":"SMITH"},{"floor":42,"key":"RECALL"},{"data":"Shade:FreshBones","floor":49,"key":"SMITH"},{"data":"Shade:OpenGraves","floor":52,"key":"SMITH"}],"circlet_count":0,"master_deck":["AscendersBane","Shade:Defend_Shade","Shade:Defend_Shade","Shade:Defend_Shade","Shade:Defend_Shade","Shade:AnimateDead+1","Shade:GraveStillness","Shade:OpenGraves+1","Shade:OpenGraves+1","Shade:AblativeArmor","Shade:Coordination+1","Shade:OpenGraves+1","StuffTheSpire:Vigor","Shade:Brains+1","Shade:Brains","Shade:Brains+1","Shade:Brains","Shade:FuneraryJewels","Shade:FreshBones+1","Shade:CommandSoldier+1","Master of Strategy"],"relics":["Shade:YorickSkull","Dota2Spire:DrumOfEndurance","GremlinMask","Dota2Spire:Dagon","Tiny Chest","reliquary:BrokenClock","MerchantsRug","hubris:TenFootPole","CCEMRelics:DissonantTune","CCEMRelics:EnergeticInfuser","Meat on the Bone","trackpad:BottledShadow","The Courier","conspire:RunicOctahedron","Red Mask","reliquary:Boomerang","Du-Vu Doll","reliquary:ExpiredCoupon","conspire:SpecialSausage","Shuriken","reliquary:Bookmark","Dota2Spire:AghanimScepter","ReplayFunnel","Dota2Spire:AssaultCuirass","CCEMRelics:JestersCrown","CCEMRelics:LagavulinClaw","CCEMRelics:PocketTank","ReplayTheSpireMod:ShopPack","hubris:SlimyHat"],"acts_visited":["Exordium","TheCity","TheBeyond","TheEnding"],"potions_floor_usage":[],"damage_taken":[{"damage":0,"enemies":"2 Louse","floor":1,"turns":3},{"damage":0,"enemies":"Cultist","floor":4,"turns":5},{"damage":0,"enemies":"Cultist","floor":5,"turns":2},{"damage":0,"enemies":"conspire:RoseBush","floor":7,"turns":1},{"damage":0,"enemies":"Replay:BlueRogue","floor":8,"turns":3},{"damage":0,"enemies":"Lagavulin","floor":10,"turns":6},{"damage":0,"enemies":"Looter","floor":12,"turns":1},{"damage":0,"enemies":"3 Louse","floor":14,"turns":3},{"damage":0,"enemies":"Fading Forest","floor":16,"turns":11},{"damage":0,"enemies":"Spheric Guardian","floor":18,"turns":2},{"damage":0,"enemies":"conspire:FuzzyDice","floor":19,"turns":4},{"damage":0,"enemies":"Masked Bandits","floor":20,"turns":3},{"damage":0,"enemies":"Cultist and Chosen","floor":24,"turns":4},{"damage":0,"enemies":"Snake Plant","floor":25,"turns":3},{"damage":0,"enemies":"Centurion and Healer","floor":28,"turns":4},{"damage":0,"enemies":"conspire:SneckoGhost","floor":29,"turns":6},{"damage":0,"enemies":"3 Cultists","floor":31,"turns":4},{"damage":0,"enemies":"conspire:MysteriousRune","floor":33,"turns":4},{"damage":0,"enemies":"Orb Walker","floor":35,"turns":2},{"damage":0,"enemies":"3 Darklings","floor":37,"turns":2},{"damage":0,"enemies":"Reptomancer","floor":41,"turns":3},{"damage":0,"enemies":"Jaw Worm Horde","floor":44,"turns":1},{"damage":0,"enemies":"Sphere and 2 Shapes","floor":45,"turns":3},{"damage":0,"enemies":"Sphere and 2 Shapes","floor":47,"turns":1},{"damage":0,"enemies":"4 Shapes","floor":48,"turns":2},{"damage":0,"enemies":"infinitespire:MassOfShapes","floor":50,"turns":2},{"damage":0,"enemies":"Shield and Spear","floor":54,"turns":1},{"damage":0,"enemies":"The Heart","floor":55,"turns":4}],"seed_played":"8959048772150697449","potions_obtained":[{"floor":1,"key":"blueLaboratory:NullPotion"},{"floor":10,"key":"blueLaboratory:BottledHope"}],"is_trial":false,"path_per_floor":["M","?","$","MIM","M","R","M","E","T","E","?","M","T","M","R","B",null,"M","M","?","?","?","R","M","M","T","R","M","E","T","M","R","B",null,"M","?","M","T","?","R","E","R","T","M","MIM","$","M","M","R","B",null,"R","$","E","B",null],"character_chosen":"SHADE","items_purchased":["Tiny Chest","reliquary:BrokenClock","MerchantsRug","Shade:GraveStillness","hubris:TenFootPole","CCEMRelics:DissonantTune","Shade:OpenGraves","Dota2Spire:DrumOfEndurance","Dota2Spire:Dagon","reliquary:HotPoker","CCEMRelics:EnergeticInfuser","Shade:OpenGraves","reliquary:Bookmark","CCEMRelics:WrappedPresent","Dota2Spire:AghanimScepter","Shade:FreshBones","CCEMRelics:JestersCrown","CCEMRelics:LagavulinClaw","CCEMRelics:PocketTank","ReplayTheSpireMod:ShopPack"],"campfire_rested":0,"item_purchase_floors":[0,0,0,0,0,0,0,0,0,0,3,3,46,46,46,46,53,53,53,53],"current_hp_per_floor":[14,14,14,14,26,26,38,38,38,38,38,38,38,38,38,38,51,51,51,51,44,44,44,44,44,44,44,44,44,44,44,44,44,52,52,52,52,52,52,52,52,52,52,52,52,52,52,54,54,54,55,55,55,55,55],"gold":36,"neow_bonus":"","is_daily":false,"chose_seed":false,"campfire_upgraded":8,"win_rate":0.0,"timestamp":1612161727,"path_taken":["M","?","$","?","M","R","M","E","T","E","?","M","?","M","R","BOSS","M","M","?","?","?","R","M","M","T","R","M","E","?","M","R","BOSS","M","?","M","?","?","R","E","R","T","M","?","$","M","M","R","BOSS","R","$","E","BOSS"],"items_purchased_type":["Relic","Relic","Relic","Card","Relic","Relic","Card","Relic","Relic","Relic","Relic","Card","Relic","Relic","Relic","Card","Relic","Relic","Relic","Relic"],"build_version":"2020-12-22","purchased_purges":4,"victory":true,"max_hp_per_floor":[55,55,55,55,55,55,55,55,55,55,55,55,55,55,55,55,55,55,55,55,55,55,55,55,55,55,55,55,55,55,55,55,55,55,55,55,55,55,55,55,55,55,55,55,55,55,55,55,55,55,55,55,55,55,55],"card_choices":[{"not_picked":["Shade:Frenzy","Shade:ClawBack","Shade:PressTheAttack"],"picked":"SKIP","floor":1},{"not_picked":["Shade:Bonestorm","Shade:CoffinDance"],"picked":"Shade:AblativeArmor","floor":5},{"not_picked":["Shade:ClawBack","Shade:AncientSpear","Shade:GoDigging"],"picked":"SKIP","floor":7},{"not_picked":["Shade:FreshBones","Shade:AncientSpear"],"picked":"Shade:Coordination","floor":8},{"not_picked":["Shade:OminousRitual","Shade:CommandSoldier","Shade:CallWraith"],"picked":"SKIP","floor":10},{"not_picked":["Shade:DangerousRitual","Shade:Bite_Shade","Shade:FingerOfDeath"],"picked":"SKIP","floor":12},{"not_picked":["Shade:AncientSpear","Shade:Bite_Shade"],"picked":"Shade:OpenGraves","floor":14},{"not_picked":["Shade:SkeletonArmy","Shade:Frenzy","Shade:Doomsay"],"picked":"SKIP","floor":18},{"not_picked":["Shade:CloudOfShrapnel","Shade:SkeletonArmy","Shade:SkeletonHug"],"picked":"SKIP","floor":19},{"not_picked":["Shade:DarkOfNight","Shade:FleshToFlesh","Shade:BoneShards"],"picked":"SKIP","floor":24},{"not_picked":["Shade:SkeletonArmy","Shade:FeralStrike"],"picked":"Shade:Brains","floor":25},{"not_picked":["Shade:Bonestorm","Shade:FingerOfDeath"],"picked":"Shade:Brains","floor":28},{"not_picked":["Shade:ScuttlingHand+1","Shade:CoffinDance","Shade:SkeletonHug"],"picked":"SKIP","floor":29},{"not_picked":["Shade:Haruspicy","Shade:GoDigging"],"picked":"Shade:Brains","floor":31},{"not_picked":["Shade:Frenzy+1","Shade:ClawBack","Shade:WallOfFlesh+1"],"picked":"SKIP","floor":35},{"not_picked":["Shade:WallOfFlesh","Shade:CoffinDance"],"picked":"Shade:Brains","floor":37},{"not_picked":["Shade:DarkOfNight","Shade:Doomsay","Shade:Bonestorm+1"],"picked":"SKIP","floor":41},{"not_picked":["Shade:BoneShards","Shade:SkeletonArmy","Shade:Carnophage"],"picked":"SKIP","floor":44},{"not_picked":["Shade:PressTheAttack","Shade:SkeletonHug"],"picked":"Shade:FuneraryJewels","floor":45},{"not_picked":["Shade:ExtraLimbs","Shade:FingerOfDeath"],"picked":"Shade:CommandSoldier+1","floor":47},{"not_picked":["Shade:SkeletonHug","Shade:StitchTogether","Shade:Haruspicy"],"picked":"SKIP","floor":48},{"not_picked":["Finesse","Purity"],"picked":"Master of Strategy","floor":53},{"not_picked":["Shade:Brains","Shade:FreshBones","Shade:LoseControl"],"picked":"SKIP","floor":54}],"player_experience":674722,"relics_obtained":[{"floor":4,"key":"Meat on the Bone"},{"floor":8,"key":"trackpad:BottledShadow"},{"floor":10,"key":"The Courier"},{"floor":13,"key":"Regal Pillow"},{"floor":20,"key":"Red Mask"},{"floor":26,"key":"reliquary:Boomerang"},{"floor":29,"key":"Du-Vu Doll"},{"floor":30,"key":"reliquary:ExpiredCoupon"},{"floor":38,"key":"reliquary:JackalopeAntler"},{"floor":41,"key":"hubris:FunFungus"},{"floor":43,"key":"Shuriken"},{"floor":45,"key":"reliquary:SculptingSteel"},{"floor":46,"key":"ReplayFunnel"},{"floor":46,"key":"Dota2Spire:AssaultCuirass"},{"floor":54,"key":"hubris:SlimyHat"}],"event_choices":[{"damage_healed":0,"gold_gain":0,"player_choice":"Trade","damage_taken":0,"relics_obtained":["GremlinMask"],"max_hp_gain":0,"max_hp_loss":0,"event_name":"FaceTrader","floor":2,"gold_loss":0},{"cards_removed":["Shade:Strike_Shade"],"damage_healed":0,"gold_gain":0,"player_choice":"Card Removal","damage_taken":0,"max_hp_gain":0,"max_hp_loss":0,"event_name":"The Cleric","floor":11,"gold_loss":75},{"damage_healed":0,"gold_gain":0,"player_choice":"Fought Bandits","damage_taken":0,"max_hp_gain":0,"max_hp_loss":0,"event_name":"Masked Bandits","floor":20,"gold_loss":0},{"damage_healed":0,"gold_gain":250,"player_choice":"Bet on Owner","damage_taken":0,"max_hp_gain":0,"max_hp_loss":0,"event_name":"The Joust","floor":22,"gold_loss":50},{"damage_healed":0,"gold_gain":222,"player_choice":"Wore Mask","damage_taken":0,"max_hp_gain":0,"max_hp_loss":0,"event_name":"Tomb of Lord Red Mask","floor":39,"gold_loss":0}],"is_beta":false,"boss_relics":[{"not_picked":["StuffTheSpire:RunicConfusion","Replay:Drink Me"],"picked":"conspire:RunicOctahedron"},{"not_picked":["aspiration:FutureDiary","SacredBark"],"picked":"conspire:SpecialSausage"}],"items_purged_floors":[0,0,46,53],"is_endless":false,"potions_floor_spawned":[1,5,10,12,16,18,20,28,31,33,44,47,48,54],"ascension_level":16}}