{"host":"4cz9gr89nglr7k8k","time":1612219852,"event":{"mods":["BaseMod","Minty Spire (QoL Compilation)","Relic Stats","Slay-I"],"gold_per_floor":[118,118,193,193,193,221,221,250,301,301,329,329,12,12,12,87,87,101,101,101,0,0,0,26,26,26,42,42,42,57,70,70,146,146,156,156,167,92,108,108,124,141,141,41,59,3,3,0,0,0,0,0],"floor_reached":51,"language":"DEU","playtime":1324,"items_purged":["Writhe","Pain"],"score":1329,"play_id":"453ffd93-81e6-4c21-888c-bef99cfe07d7","local_time":"20210201235052","is_ascension_mode":true,"campfire_choices":[{"floor":7,"key":"REST"},{"floor":10,"key":"REST"},{"floor":12,"key":"REST"},{"data":"Inflame","floor":15,"key":"SMITH"},{"floor":23,"key":"REST"},{"floor":25,"key":"REST"},{"data":"Reaper","floor":28,"key":"SMITH"},{"floor":32,"key":"REST"},{"floor":40,"key":"REST"},{"floor":47,"key":"REST"},{"floor":49,"key":"REST"}],"circlet_count":0,"master_deck":["AscendersBane","Strike_R+1","Strike_R+1","Strike_R+1","Strike_R+1","Strike_R+1","Defend_R+1","Defend_R+1","Defend_R+1","Bash","Anger+1","Sword Boomerang","Flex","Cleave","Shrug It Off","Clothesline","Reaper+1","Wild Strike","Inflame+1","Flex","Sword Boomerang","Offering","Twin Strike+1","Iron Wave+1","Ghostly Armor","Carnage","Perfected Strike","Pummel","Cleave","Clothesline+1","Thunderclap","Infernal Blade","Heavy Blade","Thunderclap","Feel No Pain","Flame Barrier","Heavy Blade","Heavy Blade","Heavy Blade+1"],"relics":["Burning Blood","Dream Catcher","Mercury Hourglass","Red Skull","Oddly Smooth Stone","Lantern","Brimstone","Cursed Key","Ancient Tea Set","InkBottle","Fusion Hammer","Happy Flower","Red Mask"],"acts_visited":["Exordium","TheCity","TheBeyond"],"potions_floor_usage":[6,16,33,33,50],"damage_taken":[{"damage":9,"enemies":"Small Slimes","floor":1,"turns":4},{"damage":6,"enemies":"Gremlin Nob","floor":6,"turns":3},{"damage":30,"enemies":"3 Sentries","floor":8,"turns":5},{"damage":15,"enemies":"Lagavulin","floor":11,"turns":5},{"damage":53,"enemies":"The Guardian","floor":16,"turns":7},{"damage":27,"enemies":"3 Byrds","floor":18,"turns":3},{"damage":31,"enemies":"Slavers","floor":24,"turns":3},{"damage":6,"enemies":"Chosen","floor":27,"turns":3},{"damage":22,"enemies":"Centurion and Healer","floor":30,"turns":3},{"damage":26,"enemies":"Snecko","floor":31,"turns":3},{"damage":38,"enemies":"Automaton","floor":33,"turns":6},{"damage":12,"enemies":"Orb Walker","floor":35,"turns":2},{"damage":46,"enemies":"3 Shapes","floor":37,"turns":6},{"damage":5,"enemies":"Maw","floor":39,"turns":4},{"damage":6,"enemies":"Transient","floor":41,"turns":6},{"damage":27,"enemies":"4 Shapes","floor":42,"turns":3},{"damage":14,"enemies":"3 Darklings","floor":45,"turns":3},{"damage":98,"enemies":"Awakened One","floor":50,"turns":6},{"damage":25,"enemies":"Donu and Deca","floor":51,"turns":2}],"seed_played":"8819503401108297730","potions_obtained":[{"floor":1,"key":"ColorlessPotion"},{"floor":8,"key":"Block Potion"},{"floor":24,"key":"Explosive Potion"},{"floor":30,"key":"Dexterity Potion"},{"floor":37,"key":"AttackPotion"},{"floor":42,"key":"Energy Potion"}],"is_trial":false,"path_per_floor":["M","?","?","?","?","E","R","E","T","R","E","R","$","$","R","B",null,"M","?","?","?","$","R","E","R","T","M","R","$","M","M","R","B",null,"M","?","M","$","M","R","M","M","T","$","M","$","R","?","R","B","B"],"character_chosen":"IRONCLAD","items_purchased":["Inflame","Brimstone","Flex","Sword Boomerang","Heavy Blade"],"campfire_rested":9,"item_purchase_floors":[13,13,13,13,46],"current_hp_per_floor":[65,65,54,31,36,36,60,36,36,60,51,75,75,75,75,28,67,54,54,54,54,54,78,53,77,77,77,77,77,61,50,74,42,71,74,90,50,50,51,78,78,57,57,57,49,49,76,76,90,25,0,0],"gold":0,"neow_bonus":"RANDOM_COMMON_RELIC","is_daily":false,"chose_seed":false,"campfire_upgraded":2,"win_rate":0.0,"timestamp":1612219852,"path_taken":["M","?","?","?","?","E","R","E","T","R","E","R","?","$","R","BOSS","M","?","?","?","?","R","E","R","T","M","R","?","M","?","R","BOSS","M","?","?","$","M","R","M","?","T","$","M","?","R","?","R","BOSS","BOSS"],"items_purchased_type":["Card","Relic","Card","Card","Card"],"build_version":"2020-12-22","purchased_purges":2,"victory":false,"max_hp_per_floor":[75,75,75,75,80,80,80,80,80,80,80,80,80,80,80,80,80,80,80,80,80,80,80,80,80,80,80,80,80,80,80,80,80,80,80,90,90,90,90,90,90,90,90,90,90,90,90,90,90,90,90,90],"relic_stats":{"Dream Catcher":9,"Happy Flower":[3],"counters":[19,73],"Cursed Key":2,"obtain_stats":[{"Lantern":11,"Happy Flower":43,"Oddly Smooth Stone":9,"Cursed Key":17,"Ancient Tea Set":24,"Burning Blood":0,"Mercury Hourglass":6,"Dream Catcher":0,"Brimstone":13,"Fusion Hammer":34,"Red Mask":48,"Red Skull":8,"InkBottle":26},{"Lantern":4,"Happy Flower":16,"Oddly Smooth Stone":3,"Cursed Key":5,"Ancient Tea Set":7,"Burning Blood":0,"Mercury Hourglass":2,"Dream Catcher":0,"Brimstone":4,"Fusion Hammer":11,"Red Mask":17,"Red Skull":3,"InkBottle":7},{"Lantern":16,"Happy Flower":62,"Oddly Smooth Stone":11,"Cursed Key":22,"Ancient Tea Set":28,"Burning Blood":0,"Mercury Hourglass":7,"Dream Catcher":0,"Brimstone":16,"Fusion Hammer":43,"Red Mask":65,"Red Skull":11,"InkBottle":28}],"Burning Blood":108,"InkBottle":[15],"Mercury Hourglass":[294]},"card_choices":[{"not_picked":["Blood for Blood","Hemokinesis"],"picked":"Anger","floor":1},{"not_picked":["Rupture","Blood for Blood"],"picked":"Flex","floor":6},{"not_picked":["True Grit","Flex"],"picked":"Cleave","floor":7},{"not_picked":["Dropkick","Body Slam"],"picked":"Shrug It Off","floor":8},{"not_picked":["Armaments","Havoc"],"picked":"Clothesline","floor":10},{"not_picked":["Cleave","Twin Strike"],"picked":"Reaper","floor":11},{"not_picked":["Flex","Bloodletting"],"picked":"Wild Strike","floor":12},{"not_picked":["Barricade","Double Tap"],"picked":"Offering","floor":16},{"not_picked":["Clothesline","Blood for Blood"],"picked":"Twin Strike+1","floor":18},{"not_picked":["Sword Boomerang","Havoc"],"picked":"Iron Wave+1","floor":23},{"not_picked":["Berserk","Havoc"],"picked":"Ghostly Armor","floor":24},{"not_picked":["Battle Trance","Wild Strike"],"picked":"Carnage","floor":25},{"not_picked":["Rage","True Grit"],"picked":"Perfected Strike","floor":27},{"not_picked":["Sword Boomerang","Burning Pact"],"picked":"Pummel","floor":30},{"not_picked":["Clothesline","Iron Wave"],"picked":"Cleave","floor":31},{"not_picked":["Pommel Strike","True Grit"],"picked":"Clothesline+1","floor":32},{"not_picked":["Feed","Offering"],"picked":"Demon Form","floor":33},{"not_picked":["Iron Wave","Second Wind"],"picked":"Thunderclap","floor":35},{"not_picked":["Iron Wave","Thunderclap"],"picked":"Infernal Blade","floor":37},{"not_picked":["Clothesline","Body Slam+1"],"picked":"Heavy Blade","floor":39},{"not_picked":["Anger","Wild Strike"],"picked":"Thunderclap","floor":40},{"not_picked":["Blood for Blood","Entrench","Pommel Strike"],"picked":"SKIP","floor":41},{"not_picked":["Barricade","Evolve"],"picked":"Feel No Pain","floor":42},{"not_picked":["Intimidate","Ghostly Armor"],"picked":"Flame Barrier","floor":45},{"not_picked":["Entrench","Second Wind"],"picked":"Heavy Blade","floor":47},{"not_picked":["Wild Strike","Rupture"],"picked":"Heavy Blade+1","floor":49}],"player_experience":1535739,"relics_obtained":[{"floor":6,"key":"Mercury Hourglass"},{"floor":8,"key":"Red Skull"},{"floor":9,"key":"Oddly Smooth Stone"},{"floor":11,"key":"Lantern"},{"floor":24,"key":"Ancient Tea Set"},{"floor":26,"key":"InkBottle"},{"floor":43,"key":"Happy Flower"}],"event_choices":[{"damage_healed":0,"gold_gain":0,"cards_transformed":["Defend_R"],"player_choice":"Change","damage_taken":0,"max_hp_gain":0,"max_hp_loss":0,"event_name":"Living Wall","floor":2,"gold_loss":0,"cards_obtained":["Sword Boomerang"]},{"damage_healed":0,"gold_gain":75,"player_choice":"Gather Gold","damage_taken":11,"max_hp_gain":0,"max_hp_loss":0,"event_name":"World of Goop","floor":3,"gold_loss":0},{"damage_healed":0,"gold_gain":0,"player_choice":"Entered Light","damage_taken":23,"max_hp_gain":0,"max_hp_loss":0,"event_name":"Shining Light","floor":4,"gold_loss":0,"cards_upgraded":["Anger","Strike_R"]},{"damage_healed":0,"gold_gain":0,"player_choice":"Donut","damage_taken":0,"max_hp_gain":5,"max_hp_loss":0,"event_name":"Big Fish","floor":5,"gold_loss":0},{"damage_healed":0,"gold_gain":0,"player_choice":"Ignored","damage_taken":0,"max_hp_gain":0,"max_hp_loss":0,"event_name":"Cursed Tome","floor":19,"gold_loss":0},{"damage_healed":0,"gold_gain":0,"player_choice":"Simplicity","damage_taken":0,"max_hp_gain":0,"max_hp_loss":0,"event_name":"Back to Basics","floor":20,"gold_loss":0,"cards_upgraded":["Strike_R","Strike_R","Strike_R","Strike_R","Defend_R","Defend_R","Defend_R"]},{"damage_healed":0,"gold_gain":0,"player_choice":"Paid Fearfully","damage_taken":0,"max_hp_gain":0,"max_hp_loss":0,"event_name":"Masked Bandits","floor":21,"gold_loss":101},{"cards_removed":["Demon Form"],"damage_healed":6,"gold_gain":0,"player_choice":"Offered Rare","damage_taken":0,"max_hp_gain":10,"max_hp_loss":0,"event_name":"Bonfire Elementals","floor":36,"gold_loss":0},{"damage_healed":0,"gold_gain":0,"player_choice":"Paid","damage_taken":0,"relics_obtained":["Red Mask"],"max_hp_gain":0,"max_hp_loss":0,"event_name":"Tomb of Lord Red Mask","floor":48,"gold_loss":3}],"is_beta":false,"boss_relics":[{"not_picked":["Empty Cage","Snecko Eye"],"picked":"Cursed Key"},{"not_picked":["Sozu","SacredBark"],"picked":"Fusion Hammer"}],"items_purged_floors":[38,44],"is_endless":false,"potions_floor_spawned":[1,8,24,30,31,37,42],"killed_by":"Donu and Deca","ascension_level":20}}