{"host":"qy1e0kd24tpj3i2m","time":1612215716,"event":{"mods":["Act Like it!","Alarm Clock","BaseMod","Better Skull","Better Vampires","Colored Map","Colored Powertips","Custom Start","Faster Ascension Climbing","Friendly Minions","GifTheSpireLib","Gremlin Skip","Highlight Path","Minty Spire (QoL Compilation)","Permanent Neow","Poor People Problems","Quick Restart","Red Circlet Mod","Relic Filter Mod","Relic Sorter","Reorder Act Four","SacredBarkPlus","Shop Mod","StSLib","SuperFastMode","Transform Curses","没有小屋子和绿帽子啦"],"gold_per_floor":[10,10,28,28,49,49,84,107,187,205,230,230,230],"floor_reached":12,"language":"ZHS","playtime":320,"items_purged":[],"score":164,"play_id":"25544147-3181-4d7a-a1a7-739e1b3a6c8e","local_time":"20210202064156","is_ascension_mode":true,"campfire_choices":[{"data":"Dark Embrace","floor":6.0,"key":"SMITH"}],"circlet_count":0,"master_deck":["AscendersBane","Strike_R","Strike_R","Strike_R","Strike_R","Strike_R","Defend_R","Defend_R","Defend_R","Defend_R","Bash","Burning Pact","Injury","Reckless Charge","Dark Embrace+1","Metallicize","True Grit"],"relics":["Burning Blood","Du-Vu Doll","Golden Idol","CaptainsWheel"],"acts_visited":["Exordium"],"potions_floor_usage":[11,11,12],"damage_taken":[{"damage":7.0,"enemies":"Jaw Worm","floor":1.0,"turns":3.0},{"damage":1.0,"enemies":"Cultist","floor":3.0,"turns":3.0},{"damage":4.0,"enemies":"2 Louse","floor":5.0,"turns":4.0},{"damage":35.0,"enemies":"Lagavulin","floor":7.0,"turns":6.0},{"damage":22.0,"enemies":"Large Slime","floor":8.0,"turns":6.0},{"damage":15.0,"enemies":"3 Louse","floor":10.0,"turns":4.0},{"damage":0,"enemies":"Looter","floor":11,"turns":1},{"damage":28,"enemies":"3 Sentries","floor":12,"turns":8}],"seed_played":"-1504979083554529443","potions_obtained":[{"floor":1.0,"key":"Regen Potion"},{"floor":4.0,"key":"CultistPotion"},{"floor":8.0,"key":"Energy Potion"},{"floor":10.0,"key":"LiquidMemories"},{"floor":11,"key":"EssenceOfSteel"}],"is_trial":false,"path_per_floor":["M","?","M","?","M","R","E","M","T","M","M","E"],"character_chosen":"IRONCLAD","items_purchased":[],"campfire_rested":0,"item_purchase_floors":[],"current_hp_per_floor":[67,67,72,72,74,74,50,34,34,25,31,3,3],"gold":230,"neow_bonus":"ONE_RARE_RELIC","is_daily":false,"chose_seed":false,"campfire_upgraded":1,"win_rate":0.0,"timestamp":1612215716,"path_taken":["M","?","M","?","M","R","E","M","T","?","M","E"],"items_purchased_type":[],"build_version":"2020-12-22","purchased_purges":0,"victory":false,"max_hp_per_floor":[75,75,75,75,75,75,75,75,75,75,75,75,75],"card_choices":[{"not_picked":["Battle Trance","Anger"],"picked":"Burning Pact","floor":1.0},{"not_picked":["Hemokinesis","Pommel Strike"],"picked":"Reckless Charge","floor":3.0},{"not_picked":["Entrench","Havoc"],"picked":"Dark Embrace","floor":5.0},{"not_picked":["Blood for Blood","Flex","Cleave"],"picked":"SKIP","floor":7.0},{"not_picked":["Combust","Second Wind"],"picked":"Metallicize","floor":8.0},{"not_picked":["Headbutt","Wild Strike","Inflame"],"picked":"SKIP","floor":10.0},{"not_picked":["Battle Trance","Inflame"],"picked":"True Grit","floor":11}],"player_experience":976062,"relics_obtained":[{"floor":7.0,"key":"CaptainsWheel"}],"event_choices":[{"damage_healed":0.0,"max_hp_gain":0.0,"max_hp_loss":0.0,"gold_gain":0.0,"event_name":"Golden Idol","player_choice":"Take Wound","floor":2.0,"gold_loss":0.0,"damage_taken":0.0,"relics_obtained":["Golden Idol"],"cards_obtained":["Injury"]},{"damage_healed":0.0,"max_hp_gain":0.0,"max_hp_loss":0.0,"gold_gain":0.0,"event_name":"Lab","player_choice":"Got Potions","floor":4.0,"gold_loss":0.0,"damage_taken":0.0}],"is_beta":false,"boss_relics":[],"items_purged_floors":[],"is_endless":false,"potions_floor_spawned":[1,8,10,11],"killed_by":"3 Sentries","ascension_level":20}}