{"host":"szp1d6dso4pv7ddl","time":1612142531,"event":{"mods":["AchievementEnabler","Alarm Clock","BaseMod","Bestiary","Block Reminder","Colored Map","Colored Powertips","Curses Come First","Dark Map","Displayed Cursed Tome","Highlight Path","Minty Spire (QoL Compilation)","Permanent Neow","Quick Restart","Relic Sorter","Relic Stats","StSLib","Synergy Search"],"gold_per_floor":[118,118,129,129,141,141,72,72,72,98,114,125,125,125,125,202,202,222,222,222,137,156,183,183,183],"floor_reached":24,"language":"ENG","playtime":1108,"items_purged":[],"score":375,"play_id":"b3743b04-4f91-4033-a3ba-b81f0fc042a4","local_time":"20210131172211","is_ascension_mode":true,"campfire_choices":[{"data":"Zap","floor":6,"key":"SMITH"},{"data":"Chaos","floor":8,"key":"SMITH"},{"data":"Streamline","floor":15,"key":"SMITH"}],"circlet_count":0,"master_deck":["AscendersBane","Strike_B","Strike_B","Strike_B","Strike_B","Defend_B","Defend_B","Defend_B","Defend_B","Zap+1","Dualcast","Buffer+1","Streamline+1","Melter","Core Surge","Chaos+1","Core Surge","Chaos+1","BootSequence+1","Beam Cell"],"relics":["Cracked Core","Art of War","PreservedInsect","Unceasing Top","Black Star","White Beast Statue","StrikeDummy","Dream Catcher"],"acts_visited":["Exordium","TheCity"],"potions_floor_usage":[16,23],"damage_taken":[{"damage":9,"enemies":"2 Louse","floor":1,"turns":4},{"damage":0,"enemies":"Cultist","floor":3,"turns":4},{"damage":0,"enemies":"Small Slimes","floor":5,"turns":3},{"damage":16,"enemies":"Gremlin Nob","floor":10,"turns":4},{"damage":4,"enemies":"Red Slaver","floor":11,"turns":4},{"damage":0,"enemies":"Large Slime","floor":12,"turns":4},{"damage":33,"enemies":"Hexaghost","floor":16,"turns":9},{"damage":34,"enemies":"3 Byrds","floor":18,"turns":6},{"damage":0,"enemies":"Shell Parasite","floor":22,"turns":5},{"damage":39,"enemies":"Book of Stabbing","floor":23,"turns":7},{"damage":6,"enemies":"3 Cultists","floor":24,"turns":2}],"seed_played":"6069959075866646960","potions_obtained":[{"floor":3,"key":"Ancient Potion"},{"floor":10,"key":"BlessingOfTheForge"},{"floor":12,"key":"DistilledChaos"},{"floor":22,"key":"Block Potion"},{"floor":23,"key":"SkillPotion"}],"is_trial":false,"path_per_floor":["M","?","M","?","M","R","$","R","T","E","M","M","?","?","R","B",null,"M","?","?","?","M","E","M"],"character_chosen":"DEFECT","items_purchased":["Chaos"],"campfire_rested":0,"item_purchase_floors":[7],"current_hp_per_floor":[55,55,55,55,55,55,55,55,55,39,35,35,35,58,58,25,60,26,26,40,40,40,1,0,0],"gold":183,"neow_bonus":"ONE_RANDOM_RARE_CARD","is_daily":false,"chose_seed":false,"campfire_upgraded":3,"win_rate":0.0,"timestamp":1612142531,"path_taken":["M","?","?","?","M","R","$","R","T","E","M","?","?","?","R","BOSS","M","?","?","?","M","E","M"],"items_purchased_type":["Card"],"build_version":"2020-12-22","purchased_purges":0,"victory":false,"max_hp_per_floor":[71,71,71,71,71,71,71,71,71,71,71,71,71,71,71,71,71,71,71,71,71,71,71,71,71],"relic_stats":{"Dream Catcher":0,"counters":[11,52],"PreservedInsect":64,"Art of War":[8],"Black Star":1,"obtain_stats":[{"Dream Catcher":23,"PreservedInsect":9,"Art of War":4,"Black Star":17,"Cracked Core":0,"StrikeDummy":23,"Unceasing Top":10,"White Beast Statue":21},{"Dream Catcher":10,"PreservedInsect":3,"Art of War":2,"Black Star":7,"Cracked Core":0,"StrikeDummy":10,"Unceasing Top":4,"White Beast Statue":8},{"Dream Catcher":50,"PreservedInsect":11,"Art of War":8,"Black Star":32,"Cracked Core":0,"StrikeDummy":50,"Unceasing Top":15,"White Beast Statue":38}],"Unceasing Top":[6]},"card_choices":[{"not_picked":["Stack","Beam Cell"],"picked":"Streamline","floor":1},{"not_picked":["Scrape","Lockon"],"picked":"Melter","floor":3},{"not_picked":["Streamline","Undo"],"picked":"Core Surge","floor":5},{"not_picked":["Redo","Blizzard","Skim"],"picked":"SKIP","floor":10},{"not_picked":["Sweeping Beam","Turbo","Conserve Battery"],"picked":"SKIP","floor":11},{"not_picked":["Stack","Turbo","Heatsinks"],"picked":"SKIP","floor":12},{"not_picked":["Thunder Strike","Reboot"],"picked":"Core Surge","floor":16},{"not_picked":["Hologram+1","Stack"],"picked":"Chaos+1","floor":18},{"not_picked":["Barrage","Sunder"],"picked":"BootSequence+1","floor":22},{"not_picked":["Blizzard","Stack+1"],"picked":"Beam Cell","floor":23}],"player_experience":1331387,"relics_obtained":[{"floor":9,"key":"PreservedInsect"},{"floor":10,"key":"Unceasing Top"},{"floor":23,"key":"StrikeDummy"},{"floor":23,"key":"Dream Catcher"}],"event_choices":[{"damage_healed":0,"gold_gain":0,"player_choice":"Forge","damage_taken":0,"max_hp_gain":0,"max_hp_loss":0,"event_name":"Accursed Blacksmith","floor":2,"gold_loss":0,"cards_upgraded":["Buffer"]},{"damage_healed":0,"gold_gain":0,"player_choice":"Gave Potion","damage_taken":0,"relics_obtained":["Art of War"],"max_hp_gain":0,"max_hp_loss":0,"event_name":"WeMeetAgain","floor":4,"gold_loss":0},{"damage_healed":0,"gold_gain":0,"player_choice":"Ignored","damage_taken":0,"max_hp_gain":0,"max_hp_loss":0,"event_name":"Liars Game","floor":13,"gold_loss":0},{"damage_healed":23,"gold_gain":0,"player_choice":"Banana","damage_taken":0,"max_hp_gain":0,"max_hp_loss":0,"event_name":"Big Fish","floor":14,"gold_loss":0},{"damage_healed":0,"gold_gain":0,"player_choice":"Ignored","damage_taken":0,"max_hp_gain":0,"max_hp_loss":0,"event_name":"The Mausoleum","floor":19,"gold_loss":0},{"damage_healed":14,"gold_gain":0,"player_choice":"Heal","damage_taken":0,"max_hp_gain":0,"max_hp_loss":0,"event_name":"The Library","floor":20,"gold_loss":0},{"damage_healed":0,"gold_gain":0,"player_choice":"Obtained Relic","damage_taken":0,"relics_obtained":["White Beast Statue"],"max_hp_gain":0,"max_hp_loss":0,"event_name":"Addict","floor":21,"gold_loss":85}],"is_beta":false,"boss_relics":[{"not_picked":["Fusion Hammer","FrozenCore"],"picked":"Black Star"}],"items_purged_floors":[],"is_endless":false,"potions_floor_spawned":[3,10,12,22,23],"killed_by":"3 Cultists","ascension_level":15}}