{"host":"btk6hapgokl8j5e3","time":1612190342,"event":{"mods":["BaseMod","BetterRewards","Dota2Spire","Friendly Minions","GifTheSpireLib","Minty Spire (QoL Compilation)","StSLib","The Animator","The Jungle"],"gold_per_floor":[17,92,111,129,129,154,154,184,184,184,198,123,123,23,23,121,121,139,54,54,54,54,54,80,80,105,117,147,147,172,188,188,284,284,302,302,302,320,46,74,85,85,85,85,112,127,127,127,127],"floor_reached":48,"language":"ENG","playtime":3128,"items_purged":["Defend_P","Defend_P","Strike_P"],"score":689,"play_id":"1df050a2-eed2-43a8-be47-f776f3cf06f5","local_time":"20210201153902","is_ascension_mode":true,"campfire_choices":[{"data":"Eruption","floor":7,"key":"SMITH"},{"data":"Vengeance","floor":10,"key":"SMITH"},{"data":"Vigilance","floor":13,"key":"SMITH"},{"floor":15,"key":"REST"},{"floor":23,"key":"RECALL"},{"data":"Judgement","floor":25,"key":"SMITH"},{"floor":32,"key":"REST"},{"data":"ForeignInfluence","floor":42,"key":"SMITH"},{"data":"DeusExMachina","floor":47,"key":"SMITH"}],"circlet_count":0,"master_deck":["Strike_P+1","Strike_P","Eruption+1","Vigilance+1","Swivel","FollowUp+1","Vengeance+1","CutThroughFate+1","Judgement+1","ClearTheMind+1","Wallop+1","CrushJoints+1","DeusExMachina+1","Evaluate+1","Panache+1","FlurryOfBlows+1","ForeignInfluence+1","Pray+1","Adaptation+1"],"relics":["PureWater","Du-Vu Doll","Molten Egg 2","Pear","VioletLotus","Dota2Spire:BlackKingBar","MutagenicStrength","Question Card","Singing Bowl","Dota2Spire:MaskOfMadness","Matryoshka","Frozen Egg 2","Empty Cage","Bronze Scales","Dota2Spire:MagicBottle","MealTicket","Damaru","Dota2Spire:ArcaneBoots"],"acts_visited":["Exordium","TheCity","TheBeyond"],"potions_floor_usage":[8,8,24,33,40,41],"damage_taken":[{"damage":2,"enemies":"Jaw Worm","floor":1,"turns":3},{"damage":4,"enemies":"Cultist","floor":3,"turns":3},{"damage":4,"enemies":"Small Slimes","floor":4,"turns":3},{"damage":24,"enemies":"Lagavulin","floor":6,"turns":4},{"damage":2,"enemies":"3 Sentries","floor":8,"turns":3},{"damage":0,"enemies":"Looter","floor":11,"turns":4},{"damage":40,"enemies":"The Guardian","floor":16,"turns":8},{"damage":17,"enemies":"Shell Parasite","floor":18,"turns":4},{"damage":33,"enemies":"Book of Stabbing","floor":24,"turns":5},{"damage":0,"enemies":"Spheric Guardian","floor":27,"turns":2},{"damage":21,"enemies":"Slavers","floor":28,"turns":5},{"damage":3,"enemies":"Gremlin Leader","floor":30,"turns":4},{"damage":1,"enemies":"3 Cultists","floor":31,"turns":3},{"damage":34,"enemies":"Collector","floor":33,"turns":5},{"damage":11,"enemies":"Orb Walker","floor":35,"turns":3},{"damage":7,"enemies":"3 Shapes","floor":38,"turns":3},{"damage":0,"enemies":"Reptomancer","floor":40,"turns":3},{"damage":16,"enemies":"Transient","floor":41,"turns":5},{"damage":68,"enemies":"Giant Head","floor":45,"turns":7},{"damage":0,"enemies":"Sphere and 2 Shapes","floor":46,"turns":3},{"damage":54,"enemies":"Writhing Mass","floor":48,"turns":1}],"seed_played":"4002754510951707723","potions_obtained":[{"floor":1,"key":"SteroidPotion"},{"floor":4,"key":"PowerPotion"},{"floor":11,"key":"LiquidMemories"},{"floor":30,"key":"Energy Potion"},{"floor":33,"key":"Block Potion"},{"floor":35,"key":"ColorlessPotion"},{"floor":46,"key":"Ancient Potion"}],"is_trial":false,"path_per_floor":["M","?","M","M","?","E","R","E","T","R","M","$","R","$","R","B",null,"M","?","?","?","T","R","E","R","T","M","E","?","E","M","R","B",null,"M","?","?","M","$","E","M","R","T","?","E","M","R","M"],"character_chosen":"WATCHER","items_purchased":["Bronze Scales"],"campfire_rested":2,"item_purchase_floors":[39],"current_hp_per_floor":[70,63,59,55,41,17,17,25,25,25,25,25,25,25,49,9,82,65,65,65,49,49,49,16,16,16,19,8,8,16,28,55,42,93,93,93,93,88,88,95,95,95,95,90,35,35,35,0,0],"gold":127,"neow_bonus":"ONE_RARE_RELIC","is_daily":false,"chose_seed":false,"campfire_upgraded":6,"win_rate":0.0,"timestamp":1612190342,"path_taken":["M","?","?","M","?","E","R","E","T","R","M","$","R","$","R","BOSS","M","?","?","?","?","R","E","R","T","M","E","?","E","M","R","BOSS","M","?","?","M","$","E","M","R","T","?","E","M","R","M"],"items_purchased_type":["Relic"],"build_version":"2020-12-22","purchased_purges":3,"victory":false,"max_hp_per_floor":[72,72,72,72,72,72,72,82,82,82,82,82,82,82,82,82,82,82,82,82,87,87,87,87,87,87,87,89,89,91,93,93,93,93,93,93,93,95,95,95,95,95,95,90,90,90,90,90,90],"card_choices":[{"not_picked":["CrushJoints","Halt"],"picked":"Swivel","floor":1},{"not_picked":["Sanctity","BowlingBash"],"picked":"FollowUp","floor":3},{"not_picked":["BowlingBash","Evaluate","ReachHeaven"],"picked":"SKIP","floor":4},{"not_picked":["Collect","WreathOfFlame"],"picked":"Vengeance","floor":6},{"not_picked":["Crescendo","LikeWater","MentalFortress"],"picked":"SKIP","floor":8},{"not_picked":["Conclude+1","ThirdEye"],"picked":"CutThroughFate+1","floor":11},{"not_picked":["ConjureBlade","DevaForm"],"picked":"Judgement","floor":16},{"not_picked":["PathToVictory","WreathOfFlame"],"picked":"ClearTheMind+1","floor":18},{"not_picked":["BowlingBash+1","ClearTheMind","BattleHymn+1"],"picked":"Wallop+1","floor":24},{"not_picked":["Consecrate+1","Tantrum+1","Halt"],"picked":"CrushJoints+1","floor":27},{"not_picked":["Halt","Prostrate","CrushJoints+1","CutThroughFate+1"],"picked":"Singing Bowl","floor":28},{"not_picked":["Halt","Collect","Crescendo","CarveReality+1"],"picked":"Singing Bowl","floor":30},{"not_picked":["EmptyFist+1","Weave+1","Crescendo+1","LikeWater+1"],"picked":"Singing Bowl","floor":31},{"not_picked":["ConjureBlade","Wish","Omniscience"],"picked":"DeusExMachina","floor":33},{"not_picked":["LikeWater+1","JustLucky+1","WaveOfTheHand"],"picked":"Evaluate+1","floor":35},{"not_picked":["The Bomb","Sadistic Nature+1","Forethought"],"picked":"Panache+1","floor":37},{"not_picked":["CutThroughFate+1","BattleHymn+1","Prostrate","Consecrate+1"],"picked":"Singing Bowl","floor":38},{"not_picked":["EmptyBody+1","CarveReality+1","Worship+1"],"picked":"FlurryOfBlows+1","floor":40},{"not_picked":["Weave+1","SandsOfTime+1","LikeWater+1"],"picked":"ForeignInfluence","floor":41},{"not_picked":["PathToVictory","Meditate+1","WheelKick+1"],"picked":"Pray+1","floor":45},{"not_picked":["Wireheading+1","TalkToTheHand+1","Meditate+1"],"picked":"Adaptation+1","floor":46}],"player_experience":388075,"relics_obtained":[{"floor":6,"key":"Molten Egg 2"},{"floor":8,"key":"Pear"},{"floor":22,"key":"Question Card"},{"floor":24,"key":"Singing Bowl"},{"floor":26,"key":"Dota2Spire:MaskOfMadness"},{"floor":28,"key":"Matryoshka"},{"floor":30,"key":"Frozen Egg 2"},{"floor":40,"key":"Dota2Spire:MagicBottle"},{"floor":43,"key":"MealTicket"},{"floor":43,"key":"Damaru"},{"floor":45,"key":"Dota2Spire:ArcaneBoots"}],"event_choices":[{"damage_healed":0,"gold_gain":75,"player_choice":"Touch","damage_taken":7,"max_hp_gain":0,"max_hp_loss":0,"event_name":"FaceTrader","floor":2,"gold_loss":0},{"damage_healed":0,"gold_gain":0,"player_choice":"Entered Light","damage_taken":14,"max_hp_gain":0,"max_hp_loss":0,"event_name":"Shining Light","floor":5,"gold_loss":0,"cards_upgraded":["Strike_P","FollowUp"]},{"damage_healed":0,"gold_gain":0,"player_choice":"Obtained Relic","damage_taken":0,"relics_obtained":["Dota2Spire:BlackKingBar"],"max_hp_gain":0,"max_hp_loss":0,"event_name":"Addict","floor":19,"gold_loss":85},{"damage_healed":0,"gold_gain":0,"player_choice":"Inject Mutagens","damage_taken":0,"relics_obtained":["MutagenicStrength"],"max_hp_gain":0,"max_hp_loss":0,"event_name":"Drug Dealer","floor":20,"gold_loss":0},{"damage_healed":0,"gold_gain":0,"player_choice":"Shed Blood","damage_taken":21,"max_hp_gain":5,"max_hp_loss":0,"event_name":"Forgotten Altar","floor":21,"gold_loss":0},{"damage_healed":0,"gold_gain":0,"player_choice":"Ignored","damage_taken":0,"max_hp_gain":0,"max_hp_loss":0,"event_name":"Cursed Tome","floor":29,"gold_loss":0},{"cards_removed":["Defend_P"],"damage_healed":0,"gold_gain":0,"player_choice":"Removed Skill","damage_taken":0,"max_hp_gain":0,"max_hp_loss":0,"event_name":"Falling","floor":36,"gold_loss":0},{"damage_healed":0,"gold_gain":0,"player_choice":"Memory 1","damage_taken":0,"max_hp_gain":0,"max_hp_loss":0,"event_name":"SensoryStone","floor":37,"gold_loss":0},{"damage_healed":0,"gold_gain":0,"player_choice":"Max HP","damage_taken":0,"max_hp_gain":0,"max_hp_loss":5,"event_name":"Winding Halls","floor":44,"gold_loss":0}],"is_beta":false,"boss_relics":[{"not_picked":["Velvet Choker","SacredBark"],"picked":"VioletLotus"},{"not_picked":["HolyWater","Coffee Dripper"],"picked":"Empty Cage"}],"items_purged_floors":[12,14,39],"is_endless":false,"potions_floor_spawned":[1,4,11,30,33,35,46],"killed_by":"Writhing Mass","ascension_level":3}}