{"host":"kig4ty9d1aubg29s","time":1612181804,"event":{"mods":["BaseMod","Minty Spire (QoL Compilation)","READ ME - Guardian Mod","READ ME - Snecko Mod","StSLib","The Cursed","The Gatherer","The Hierophant","The Runesmith"],"gold_per_floor":[116,116,127,143,161,190,190,190,190,190,190,190,221,244,244,333,333,357,378,378,428,428,428],"floor_reached":22,"language":"KOR","playtime":549,"items_purged":[],"score":388,"play_id":"dc967f1a-964a-4404-ae3f-29951cab3b0d","local_time":"20210201211644","is_ascension_mode":true,"campfire_choices":[{"floor":8,"key":"REST"},{"floor":15,"key":"REST"}],"circlet_count":0,"master_deck":["AscendersBane","Strike_B","Strike_B","Strike_B","Strike_B","Defend_B","Defend_B","Defend_B","Defend_B","Zap","Dualcast","Darkness","Aggregate","White Noise","Darkness","Self Repair","Regret","Injury","Storm","Chaos","Buffer","Aggregate+1","Storm","Writhe"],"relics":["Cracked Core","NeowsBlessing","StoneCalendar","White Beast Statue","Sundial","Symbiotic Virus","Golden Idol","Potion Belt","SacredBark","Du-Vu Doll"],"acts_visited":["Exordium","TheCity"],"potions_floor_usage":[6,13,16,18,19,19],"damage_taken":[{"damage":0,"enemies":"2 Louse","floor":1,"turns":1},{"damage":0,"enemies":"Cultist","floor":3,"turns":1},{"damage":0,"enemies":"Small Slimes","floor":4,"turns":1},{"damage":17,"enemies":"Blue Slaver","floor":5,"turns":5},{"damage":32,"enemies":"Gremlin Nob","floor":6,"turns":4},{"damage":24,"enemies":"Lagavulin","floor":13,"turns":6},{"damage":14,"enemies":"Looter","floor":14,"turns":3},{"damage":50,"enemies":"The Guardian","floor":16,"turns":9},{"damage":26,"enemies":"Chosen","floor":18,"turns":5},{"damage":27,"enemies":"Shell Parasite","floor":19,"turns":3},{"damage":73,"enemies":"Snecko","floor":22,"turns":5}],"seed_played":"-3599445618000639039","potions_obtained":[{"floor":1,"key":"Explosive Potion"},{"floor":2,"key":"Regen Potion"},{"floor":6,"key":"BlessingOfTheForge"},{"floor":13,"key":"FairyPotion"},{"floor":14,"key":"BlessingOfTheForge"},{"floor":16,"key":"Weak Potion"},{"floor":18,"key":"Fire Potion"},{"floor":19,"key":"SteroidPotion"}],"is_trial":false,"path_per_floor":["M","?","M","M","M","E","?","R","T","T","?","?","E","M","R","B",null,"M","M","?","?","M"],"character_chosen":"DEFECT","items_purchased":[],"campfire_rested":2,"item_purchase_floors":[],"current_hp_per_floor":[64,64,64,64,47,27,27,48,48,48,48,48,38,31,52,9,56,37,17,17,17,0,0],"gold":428,"neow_bonus":"THREE_ENEMY_KILL","is_daily":false,"chose_seed":false,"campfire_upgraded":0,"win_rate":0.0,"timestamp":1612181804,"path_taken":["M","?","?","M","M","E","?","R","T","?","?","?","E","?","R","BOSS","M","M","?","?","M"],"items_purchased_type":[],"build_version":"2020-12-22","purchased_purges":0,"victory":false,"max_hp_per_floor":[71,71,71,71,71,71,71,71,71,71,71,71,71,71,71,71,71,71,71,71,71,71,71],"card_choices":[{"not_picked":["Steam Power","Recycle"],"picked":"Darkness","floor":1},{"not_picked":["Steam Power","Hello World"],"picked":"Aggregate","floor":3},{"not_picked":["Auto Shields","Chaos"],"picked":"White Noise","floor":4},{"not_picked":["Tempest","Steam"],"picked":"Darkness","floor":5},{"not_picked":["Gash","Sweeping Beam"],"picked":"Self Repair","floor":6},{"not_picked":["Undo","Streamline"],"picked":"Storm","floor":13},{"not_picked":["Hologram","Stack"],"picked":"Chaos","floor":14},{"not_picked":["Seek","Meteor Strike"],"picked":"Buffer","floor":16},{"not_picked":["Reprogram","Leap"],"picked":"Aggregate+1","floor":18},{"not_picked":["Stack","Steam+1"],"picked":"Storm","floor":19}],"player_experience":1961266,"relics_obtained":[{"floor":6,"key":"StoneCalendar"},{"floor":9,"key":"White Beast Statue"},{"floor":10,"key":"Sundial"},{"floor":13,"key":"Potion Belt"}],"event_choices":[{"damage_healed":0,"gold_gain":0,"player_choice":"Got Potions","damage_taken":0,"max_hp_gain":0,"max_hp_loss":0,"event_name":"Lab","floor":2,"gold_loss":0},{"damage_healed":0,"gold_gain":0,"player_choice":"Ignored","damage_taken":0,"max_hp_gain":0,"max_hp_loss":0,"event_name":"Golden Wing","floor":7,"gold_loss":0},{"damage_healed":0,"gold_gain":0,"player_choice":"Box","damage_taken":0,"relics_obtained":["Symbiotic Virus"],"max_hp_gain":0,"max_hp_loss":0,"event_name":"Big Fish","floor":11,"gold_loss":0,"cards_obtained":["Regret"]},{"damage_healed":0,"gold_gain":0,"player_choice":"Take Wound","damage_taken":0,"relics_obtained":["Golden Idol"],"max_hp_gain":0,"max_hp_loss":0,"event_name":"Golden Idol","floor":12,"gold_loss":0,"cards_obtained":["Injury"]},{"damage_healed":0,"gold_gain":0,"player_choice":"Opened","damage_taken":0,"relics_obtained":["Du-Vu Doll"],"max_hp_gain":0,"max_hp_loss":0,"event_name":"The Mausoleum","floor":20,"gold_loss":0,"cards_obtained":["Writhe"]},{"damage_healed":0,"gold_gain":50,"player_choice":"Stole From Cult","damage_taken":0,"max_hp_gain":0,"max_hp_loss":0,"event_name":"Nest","floor":21,"gold_loss":0}],"is_beta":false,"boss_relics":[{"not_picked":["Fusion Hammer","Nuclear Battery"],"picked":"SacredBark"}],"items_purged_floors":[],"is_endless":false,"potions_floor_spawned":[1,5,6,13,14,16,18,19],"killed_by":"Snecko","ascension_level":20}}