{"host":"rlwsj8oje50c4na7","time":1612207594,"event":{"mods":["2.2 Compatiblity","Act Like it!","Arknights","Aspiration","BaseMod","Beaked The Cultist","Bestiary","Better Altar","Better Skull","Better Third Choice","Better Vampires","BetterRewards","Colored Map","Colored Powertips","Conspire","Defuse TimeMaze Blight","Energized Spire","Friendly Minions","Gensokyo","GifTheSpireLib","GungeonMod","Halation","Hallownest","Hermit","Highlight Path","Hubris","Infinite Spire","Ironclad Rager","Jedi Mod","JesterMod","Jorbs\u0027s Wanderer Trilogy","Mad Scientist","Minty Spire (QoL Compilation)","Pale of the Ancients","Quick Restart","Random Character Button","Relic Filter","Relic Stats","Reliquary","Reorder Act Four","Replay The Spire","Retaliation","Shade Mod","Shop Mod","Spicy Shops","StSLib","Stuff the Spire","The Administrix","The Blackbeard","The Bladedancer","The Blue Laboratory","The Bug Knight","The Clintock","The Construct","The Cursed","The Disciple","The Exalted","The Forsaken","The Hierophant","The IronCluck","The Judge","The Kombatant","The Marked","The Mystic","The Necromancer","The Runesmith","The Servant 0.9.4","TheSwordswoman","Waifu the Spire","everything is the same but u backflip on backflip","slay the spire mod where everything is the same but ironclad has a cowboy hat"],"gold_per_floor":[118,31,41,61,271,299,312,312,312,345,345,345,345,365,365,463,463,479,493,505,140,140,175,175,207,207,207,217,217,217,217,228,228,228,329,329,348,348,348,15,15,50,61,61,88,98,111,111,111,126,126,126,126,2,2,36,36,36],"floor_reached":57,"language":"ENG","playtime":10299,"items_purged":["Pride","Pride"],"score":832,"play_id":"34ef34d1-41af-4221-bfec-16dfc63607d6","local_time":"20210201212634","is_ascension_mode":false,"campfire_choices":[{"data":"jesterMod:Tinker","floor":8.0,"key":"SMITH"},{"floor":13.0,"key":"REST"},{"floor":15.0,"key":"RECALL"},{"floor":24.0,"key":"REST"},{"floor":31.0,"key":"REST"},{"data":"jesterMod:Defend","floor":48.0,"key":"SMITH"},{"data":"jesterMod:Prankster","floor":51.0,"key":"SMITH"},{"data":"infinitespire:NeuralNetwork","floor":55.0,"key":"SMITH"}],"circlet_count":0,"master_deck":["jesterMod:Strike","jesterMod:Strike+1","jesterMod:Strike+1","jesterMod:Strike","jesterMod:Sickle","jesterMod:Defend","jesterMod:Defend","jesterMod:Defend+1","jesterMod:Defend","jesterMod:Dodge","jesterMod:Momentum+1","jesterMod:Tinker+1","jesterMod:JackInTheBox","jesterMod:Inspiration","jesterMod:Prankster+1","jesterMod:Disposophobia","jesterMod:SelfMockery","jesterMod:Overthink+1","jesterMod:BouncingKnife","jesterMod:ButterKnife+1","jesterMod:JackInTheBox","jesterMod:Precipitation+1","jesterMod:Tinker","jesterMod:OblivionStrike+1","jesterMod:Placebo","jesterMod:SelfMockery+1","jesterMod:Contradiction+1","jesterMod:Haste+1","jesterMod:Disposophobia+1","infinitespire:NeuralNetwork+1","infinitespire:Starlight","jesterMod:Swiftness","jesterMod:DancingMad"],"relics":["jesterMod:JesterCap","Mercury Hourglass","Gensokyo:Companionship","DemoMod:Antibody","halation:PinkSoulGem","hubris:VirtuousBlindfold","Guide Book","hubris:Icosahedron","Mercury Hourglass","Pear","jedi:purplefairy","Gensokyo:ChorusOfJoy","conspire:SlowCooker","PreservedInsect","halation:Komachan","aspiration:Nostalgia","Vampire_Amulet","reliquary:WeakTea","Nunchaku","jesterMod:PhilosopherAmphora","reliquary:SilkGlove","Whetstone"],"acts_visited":["Gensokyo:Gensokyo","Gensokyo:Gensokyoer","Gensokyo:Gensokyoest","TheEnding"],"potions_floor_usage":[57,57],"damage_taken":[{"damage":1.0,"enemies":"Gensokyo:Python","floor":1.0,"turns":4.0},{"damage":3.0,"enemies":"Gensokyo:3_Fairies","floor":3.0,"turns":6.0},{"damage":0.0,"enemies":"Gensokyo:Gryphon","floor":4.0,"turns":6.0},{"damage":10.0,"enemies":"Gensokyo:CorruptedTreant","floor":5.0,"turns":5.0},{"damage":14.0,"enemies":"Gensokyo:Cirno","floor":6.0,"turns":7.0},{"damage":0.0,"enemies":"Gensokyo:3_Kodama","floor":7.0,"turns":3.0},{"damage":0.0,"enemies":"Gensokyo:Aya","floor":10.0,"turns":4.0},{"damage":0.0,"enemies":"Gensokyo:VengefulSpirit","floor":14.0,"turns":4.0},{"damage":0.0,"enemies":"Gensokyo:Reimu","floor":16.0,"turns":8.0},{"damage":2.0,"enemies":"Gensokyo:2_Gloops","floor":18.0,"turns":4.0},{"damage":1.0,"enemies":"Gensokyo:CosmicMonolith","floor":19.0,"turns":4.0},{"damage":5.0,"enemies":"Gensokyo:3_Gloops","floor":20.0,"turns":5.0},{"damage":30.0,"enemies":"Nightmare","floor":23.0,"turns":8.0},{"damage":8.0,"enemies":"Gensokyo:Tenshi","floor":25.0,"turns":5.0},{"damage":33.0,"enemies":"Gensokyo:Swordslinger","floor":28.0,"turns":4.0},{"damage":13.0,"enemies":"Gensokyo:Wraith","floor":32.0,"turns":4.0},{"damage":31.0,"enemies":"Gensokyo:Eternal_Rivals","floor":35.0,"turns":8.0},{"damage":5.0,"enemies":"Gensokyo:3_Boulders","floor":37.0,"turns":4.0},{"damage":25.0,"enemies":"Gensokyo:Kasen","floor":42.0,"turns":5.0},{"damage":6.0,"enemies":"Gensokyo:3_Bats","floor":43.0,"turns":5.0},{"damage":11.0,"enemies":"Gensokyo:Rafflesia","floor":46.0,"turns":7.0},{"damage":48.0,"enemies":"Gensokyo:Sharpion","floor":47.0,"turns":5.0},{"damage":43.0,"enemies":"Gensokyo:4_Bats","floor":50.0,"turns":4.0},{"damage":31.0,"enemies":"Gensokyo:Yuyuko","floor":52.0,"turns":7.0},{"damage":0.0,"enemies":"Shield and Spear","floor":56.0,"turns":1.0},{"damage":119,"enemies":"The Heart","floor":57,"turns":5}],"seed_played":"6281530918062795254","potions_obtained":[{"floor":1.0,"key":"blueLaboratory:NullPotion"},{"floor":6.0,"key":"blueLaboratory:BottleOfRum"},{"floor":10.0,"key":"blueLaboratory:PyrophylliteBrew"},{"floor":16.0,"key":"blueLaboratory:Moonshine"},{"floor":23.0,"key":"blueLaboratory:StoneskinPotion"},{"floor":32.0,"key":"blueLaboratory:ExaltedPotion"},{"floor":35.0,"key":"blueLaboratory:LouseDecoction"},{"floor":43.0,"key":"Adrenaline Potion"},{"floor":46.0,"key":"blueLaboratory:PolymorphPotion"},{"floor":47.0,"key":"blueLaboratory:NullPotion"},{"floor":50.0,"key":"blueLaboratory:BottleOfRum"}],"is_trial":false,"path_per_floor":["M","COS","M","M","M","E","M","R","T","E","?","?","R","M","R_BF","B",null,"M","M","M","COS","?","NM","R","E","T","?","M","PTL","PTL","R","M","?","R_BF","B",null,"M","?","?","COS","?","E","M","$","T","M","M","R","AVR","M","R","B",null,"$","R","E","B"],"character_chosen":"THE_JESTER","items_purchased":["Block Potion"],"campfire_rested":3,"item_purchase_floors":[54],"current_hp_per_floor":[62,62,59,59,49,35,35,35,35,35,35,35,53,53,53,53,63,61,60,55,55,55,25,43,45,45,45,12,12,12,54,41,48,73,42,73,68,68,68,68,73,56,60,60,60,63,19,73,73,58,68,68,73,73,73,73,0,0],"gold":36,"neow_bonus":"THREE_RARE_CARDS","is_daily":false,"chose_seed":false,"campfire_upgraded":4,"win_rate":0.0,"timestamp":1612207594,"path_taken":["M","COS","M","M","M","E","M","R","T","E","?","?","R","M","R_BF","BOSS","M","M","M","COS","?","NM","R","E","T","?","M","PTL","PTL","R","M","?","R_BF","BOSS","M","?","?","COS","?","E","M","$","T","?","M","R","AVR","M","R","BOSS","$","R","E","BOSS"],"items_purchased_type":["Potion"],"build_version":"2020-12-22","purchased_purges":2,"victory":false,"max_hp_per_floor":[63,63,63,63,63,63,63,63,63,63,63,63,63,63,63,63,63,63,63,63,63,63,63,63,73,73,73,73,73,73,73,73,73,73,73,73,73,73,73,73,73,73,73,73,73,73,73,73,73,73,73,73,73,73,73,73,73,73],"relic_stats":{"Nunchaku":[5],"counters":[26,132],"PreservedInsect":174,"Whetstone":["jesterMod:Strike","jesterMod:Strike"],"obtain_stats":[{"Gensokyo:ChorusOfJoy":27,"Pear":25,"reliquary:SilkGlove":49,"jesterMod:PhilosopherAmphora":46,"aspiration:Nostalgia":40,"DemoMod:Antibody":10,"Guide Book":21,"hubris:VirtuousBlindfold":17,"jedi:purplefairy":26,"jesterMod:JesterCap":0,"DemoMod:GlassGuonStoneRelic":1,"conspire:SlowCooker":36,"PreservedInsect":39,"halation:Komachan":40,"reliquary:WeakTea":42,"Whetstone":56,"Mercury Hourglass":6,"Nunchaku":45,"hubris:Icosahedron":22,"Gensokyo:Companionship":7,"reliquary:SculptingSteel":23,"Vampire_Amulet":40,"halation:PinkSoulGem":12},{"Gensokyo:ChorusOfJoy":14,"Pear":14,"reliquary:SilkGlove":22,"jesterMod:PhilosopherAmphora":21,"aspiration:Nostalgia":18,"DemoMod:Antibody":7,"Guide Book":12,"hubris:VirtuousBlindfold":9,"jedi:purplefairy":14,"jesterMod:JesterCap":0,"DemoMod:GlassGuonStoneRelic":1,"conspire:SlowCooker":17,"PreservedInsect":18,"halation:Komachan":18,"reliquary:WeakTea":19,"Whetstone":25,"Mercury Hourglass":5,"Nunchaku":20,"hubris:Icosahedron":12,"Gensokyo:Companionship":6,"reliquary:SculptingSteel":13,"Vampire_Amulet":18,"halation:PinkSoulGem":7},{"Gensokyo:ChorusOfJoy":73,"Pear":73,"reliquary:SilkGlove":115,"jesterMod:PhilosopherAmphora":108,"aspiration:Nostalgia":93,"DemoMod:Antibody":35,"Guide Book":60,"hubris:VirtuousBlindfold":47,"jedi:purplefairy":73,"jesterMod:JesterCap":0,"DemoMod:GlassGuonStoneRelic":4,"conspire:SlowCooker":89,"PreservedInsect":93,"halation:Komachan":93,"reliquary:WeakTea":98,"Whetstone":127,"Mercury Hourglass":28,"Nunchaku":103,"hubris:Icosahedron":60,"Gensokyo:Companionship":29,"reliquary:SculptingSteel":68,"Vampire_Amulet":93,"halation:PinkSoulGem":35}],"Mercury Hourglass":[830]},"card_choices":[{"not_picked":["jesterMod:Placebo","jesterMod:Squander"],"picked":"jesterMod:Momentum","floor":0.0},{"not_picked":["jesterMod:Illness","jesterMod:PerfectDodge"],"picked":"jesterMod:Tinker","floor":1.0},{"not_picked":["jesterMod:Tinker","jesterMod:Flee"],"picked":"jesterMod:JackInTheBox","floor":3.0},{"not_picked":["jesterMod:DancingMad","jesterMod:Dilapidation"],"picked":"jesterMod:Inspiration","floor":4.0},{"not_picked":["jesterMod:DanceOfChaos","jesterMod:Unleash","jesterMod:Feint"],"picked":"SKIP","floor":5.0},{"not_picked":["jesterMod:Discretion","jesterMod:Taunt"],"picked":"jesterMod:Prankster","floor":6.0},{"not_picked":["jesterMod:SmokeScreen","jesterMod:LaughingGas","jesterMod:Tinker"],"picked":"SKIP","floor":7.0},{"not_picked":["jesterMod:JackInTheBox","jesterMod:ExperimentalTreatment"],"picked":"jesterMod:Disposophobia","floor":10.0},{"not_picked":["jesterMod:TrickyDodge","jesterMod:Illness"],"picked":"jesterMod:SelfMockery","floor":14.0},{"not_picked":["jesterMod:Drunkenness","jesterMod:ExperimentalTreatment"],"picked":"jesterMod:Overthink","floor":16.0},{"not_picked":["jesterMod:Inspiration","jesterMod:Twirl"],"picked":"jesterMod:BouncingKnife","floor":18.0},{"not_picked":["jesterMod:Talion","jesterMod:Taunt"],"picked":"jesterMod:ButterKnife","floor":19.0},{"not_picked":["jesterMod:RecklessStrike","jesterMod:Loot+1"],"picked":"jesterMod:JackInTheBox","floor":20.0},{"not_picked":["jesterMod:Talion","jesterMod:DancingMad"],"picked":"jesterMod:Precipitation+1","floor":23.0},{"not_picked":["jesterMod:Disposophobia","jesterMod:HitAndRun"],"picked":"jesterMod:Tinker","floor":25.0},{"not_picked":["jesterMod:Swiftness","jesterMod:DesperateStrike"],"picked":"jesterMod:OblivionStrike+1","floor":28.0},{"not_picked":["jesterMod:Taunt+1","jesterMod:LightTheWick+1","jesterMod:MudBall+1"],"picked":"SKIP","floor":32.0},{"not_picked":["jesterMod:Encore","jesterMod:Finale"],"picked":"jesterMod:Placebo","floor":35.0},{"not_picked":["jesterMod:Procrastination","jesterMod:SwiftDodge","jesterMod:LightTheWick"],"picked":"SKIP","floor":37.0},{"not_picked":["jesterMod:SwiftDodge","jesterMod:DancingMad+1"],"picked":"jesterMod:SelfMockery+1","floor":42.0},{"not_picked":["jesterMod:DancingMad+1","jesterMod:RecklessStrike+1"],"picked":"jesterMod:Contradiction+1","floor":43.0},{"not_picked":["jesterMod:BouncingKnife+1","jesterMod:DanceOfChaos"],"picked":"jesterMod:Haste+1","floor":46.0},{"not_picked":["jesterMod:Prankster","jesterMod:Tinker+1"],"picked":"jesterMod:Disposophobia+1","floor":47.0},{"not_picked":["jesterMod:Tinker+1","jesterMod:TrickyDodge+1"],"picked":"jesterMod:Swiftness","floor":50.0},{"not_picked":["jesterMod:Pillage","jesterMod:SmokeScreen+1"],"picked":"jesterMod:DancingMad","floor":56.0}],"player_experience":920964,"relics_obtained":[{"floor":6.0,"key":"Mercury Hourglass"},{"floor":10.0,"key":"DemoMod:Antibody"},{"floor":23.0,"key":"reliquary:SculptingSteel"},{"floor":25.0,"key":"Pear"},{"floor":26.0,"key":"jedi:purplefairy"},{"floor":42.0,"key":"reliquary:WeakTea"},{"floor":45.0,"key":"Nunchaku"},{"floor":56.0,"key":"Whetstone"}],"event_choices":[],"is_beta":false,"boss_relics":[{"not_picked":["aspiration:BeakedSkillbook","halation:Yufonium"],"picked":"hubris:VirtuousBlindfold"},{"not_picked":["reliquary:Craggleroot","halation:Prosthetics"],"picked":"conspire:SlowCooker"}],"items_purged_floors":[49,54],"is_endless":false,"potions_floor_spawned":[1,6,10,16,23,32,35,43,46,47,50],"killed_by":"The Heart","ascension_level":0}}