{"host":"jlk2k69f9c6o7b3e","time":1612168500,"event":{"mods":["AchievementEnabler","BaseMod","Minty Spire (QoL Compilation)","StSLib"],"gold_per_floor":[110,123,298,309,159,188,188,219,219,237,237,237,237],"floor_reached":12,"language":"ZHS","playtime":605,"items_purged":["Doubt"],"score":119,"play_id":"8e3472c7-cfdf-4372-9a52-b13a5d7b4b52","local_time":"20210201163500","is_ascension_mode":true,"campfire_choices":[{"data":"Mayhem","floor":7,"key":"SMITH"},{"data":"Dash","floor":11,"key":"SMITH"}],"circlet_count":0,"master_deck":["Strike_G","Strike_G","Strike_G","Strike_G","Strike_G+1","Defend_G","Defend_G","Defend_G","Defend_G","Defend_G","Survivor","Neutralize+1","Injury","Mayhem+1","Dash+1","Leg Sweep","Backflip","Corpse Explosion","Deadly Poison","Blur","Tools of the Trade"],"relics":["Ring of the Snake","Whetstone","Tough Bandages","Toxic Egg 2"],"acts_visited":["Exordium"],"potions_floor_usage":[8,8,12,12],"damage_taken":[{"damage":4,"enemies":"2 Louse","floor":1,"turns":4},{"damage":0,"enemies":"Jaw Worm","floor":2,"turns":4},{"damage":10,"enemies":"Small Slimes","floor":4,"turns":4},{"damage":28,"enemies":"Gremlin Nob","floor":6,"turns":6},{"damage":7,"enemies":"Lagavulin","floor":8,"turns":8},{"damage":9,"enemies":"Looter","floor":10,"turns":4},{"damage":10,"enemies":"Gremlin Nob","floor":12,"turns":3}],"seed_played":"-3610641165515918612","potions_obtained":[{"floor":4,"key":"SpeedPotion"},{"floor":6,"key":"Poison Potion"},{"floor":8,"key":"CunningPotion"},{"floor":10,"key":"LiquidBronze"}],"is_trial":false,"path_per_floor":["M","M","?","M","$","E","R","E","T","M","R","E"],"character_chosen":"THE_SILENT","items_purchased":["Corpse Explosion"],"campfire_rested":0,"item_purchase_floors":[5],"current_hp_per_floor":[59,59,59,49,49,21,21,14,14,5,5,0,0],"gold":237,"neow_bonus":"RANDOM_COLORLESS_2","is_daily":false,"chose_seed":false,"campfire_upgraded":2,"win_rate":0.0,"timestamp":1612168500,"path_taken":["M","M","?","M","$","E","R","E","T","M","R","E"],"items_purchased_type":["Card"],"build_version":"2020-12-22","purchased_purges":1,"victory":false,"max_hp_per_floor":[70,70,70,70,70,70,70,70,70,70,70,70,70],"card_choices":[{"not_picked":["The Bomb","Thinking Ahead"],"picked":"Mayhem","floor":0},{"not_picked":["Reflex","Sucker Punch"],"picked":"Dash","floor":1},{"not_picked":["PiercingWail","Reflex"],"picked":"Leg Sweep","floor":2},{"not_picked":["Poisoned Stab","Expertise"],"picked":"Backflip","floor":4},{"not_picked":["Underhanded Strike","Infinite Blades"],"picked":"Deadly Poison","floor":6},{"not_picked":["Accuracy","Deadly Poison"],"picked":"Blur","floor":8},{"not_picked":["Dagger Spray","Slice"],"picked":"Tools of the Trade","floor":10}],"player_experience":309749,"relics_obtained":[{"floor":6,"key":"Whetstone"},{"floor":8,"key":"Tough Bandages"},{"floor":9,"key":"Toxic Egg 2"}],"event_choices":[{"damage_healed":0,"gold_gain":175,"player_choice":"AGREE","damage_taken":0,"max_hp_gain":0,"max_hp_loss":0,"event_name":"Liars Game","floor":3,"gold_loss":0,"cards_obtained":["Doubt"]}],"is_beta":false,"boss_relics":[],"items_purged_floors":[5],"is_endless":false,"potions_floor_spawned":[4,6,8,10],"killed_by":"Gremlin Nob","ascension_level":7}}