{"host":"jczpfntkj7lke2b5","time":1612174250,"event":{"mods":["BaseMod","Minty Spire (QoL Compilation)","StSLib"],"gold_per_floor":[111,111,122,136,47,47,74,74,143,143,174,174,186,197,197,293,343,355,375,375,385,402,429,429,429,429,443,443,463,496,508,508,609,609,622,24,24,44,54,104,122,135,135,163,163,163,163],"floor_reached":46,"language":"ENG","playtime":4281,"items_purged":[],"score":579,"play_id":"7921a4f9-4336-46d0-988f-7d391fa1db81","local_time":"20210201111050","is_ascension_mode":false,"campfire_choices":[{"data":"Rebound","floor":6.0,"key":"SMITH"},{"floor":8.0,"key":"REST"},{"data":"Ball Lightning","floor":10.0,"key":"SMITH"},{"floor":15.0,"key":"REST"},{"floor":24.0,"key":"REST"},{"data":"Doom and Gloom","floor":32.0,"key":"SMITH"},{"floor":45.0,"key":"REST"}],"circlet_count":0,"master_deck":["Strike_B","Strike_B","Strike_B","Strike_B","Defend_B","Defend_B+1","Defend_B+1","Defend_B","Zap","Dualcast+1","Ball Lightning+1","Capacitor","Steam","Darkness","Rebound+1","Steam","Sweeping Beam","Barrage","Beam Cell","Glacier","Buffer","Chaos","Melter","Undo","Ball Lightning","Ball Lightning+1","Cold Snap","Compile Driver","Go for the Eyes","Chaos+1","Capacitor","Coolheaded","Tempest","Doom and Gloom+1","Biased Cognition","Sweeping Beam+1","Leap+1","Barrage+1","Go for the Eyes+1","Auto Shields+1","Cold Snap+1","Barrage+1","Echo Form","Streamline+1"],"relics":["Cracked Core","MealTicket","Omamori","Meat on the Bone","Mango","Dream Catcher","Tiny House","Oddly Smooth Stone","Bottled Lightning","War Paint","Nuclear Battery","PreservedInsect","HandDrill","Toxic Egg 2","CaptainsWheel","StoneCalendar","Whetstone"],"acts_visited":[],"potions_floor_usage":[],"damage_taken":[{"damage":0.0,"enemies":"2 Louse","floor":1.0,"turns":4.0},{"damage":0.0,"enemies":"Cultist","floor":3.0,"turns":5.0},{"damage":6.0,"enemies":"Jaw Worm","floor":4.0,"turns":4.0},{"damage":21.0,"enemies":"Lagavulin","floor":7.0,"turns":7.0},{"damage":6.0,"enemies":"Gremlin Nob","floor":11.0,"turns":5.0},{"damage":7.0,"enemies":"Blue Slaver","floor":13.0,"turns":5.0},{"damage":0.0,"enemies":"Looter","floor":14.0,"turns":5.0},{"damage":14.0,"enemies":"The Guardian","floor":16.0,"turns":9.0},{"damage":15.0,"enemies":"2 Thieves","floor":18.0,"turns":6.0},{"damage":0.0,"enemies":"Chosen","floor":19.0,"turns":6.0},{"damage":25.0,"enemies":"Shelled Parasite and Fungi","floor":21.0,"turns":6.0},{"damage":0.0,"enemies":"Snecko","floor":22.0,"turns":6.0},{"damage":0.0,"enemies":"Gremlin Leader","floor":23.0,"turns":10.0},{"damage":0.0,"enemies":"3 Cultists","floor":27.0,"turns":6.0},{"damage":53.0,"enemies":"Shelled Parasite and Fungi","floor":29.0,"turns":9.0},{"damage":8.0,"enemies":"Book of Stabbing","floor":30.0,"turns":7.0},{"damage":0.0,"enemies":"Centurion and Healer","floor":31.0,"turns":5.0},{"damage":59.0,"enemies":"Collector","floor":33.0,"turns":11.0},{"damage":0.0,"enemies":"3 Darklings","floor":35.0,"turns":6.0},{"damage":0.0,"enemies":"Orb Walker","floor":38.0,"turns":5.0},{"damage":39.0,"enemies":"4 Shapes","floor":39.0,"turns":6.0},{"damage":0.0,"enemies":"Mind Bloom Boss Battle","floor":40.0,"turns":5.0},{"damage":0.0,"enemies":"3 Darklings","floor":41.0,"turns":6.0},{"damage":0.0,"enemies":"Maw","floor":42.0,"turns":8.0},{"damage":44.0,"enemies":"Nemesis","floor":44.0,"turns":9.0},{"damage":0,"enemies":"Jaw Worm Horde","floor":46,"turns":1}],"seed_played":"-8463394843191898044","potions_obtained":[{"floor":3.0,"key":"Swift Potion"},{"floor":4.0,"key":"DuplicationPotion"},{"floor":13.0,"key":"Strength Potion"},{"floor":14.0,"key":"SteroidPotion"},{"floor":17.0,"key":"SpeedPotion"},{"floor":18.0,"key":"Swift Potion"},{"floor":29.0,"key":"Block Potion"},{"floor":30.0,"key":"Strength Potion"},{"floor":31.0,"key":"Weak Potion"},{"floor":33.0,"key":"SkillPotion"},{"floor":40.0,"key":"Swift Potion"},{"floor":41.0,"key":"SteroidPotion"},{"floor":42.0,"key":"Energy Potion"}],"is_trial":false,"path_per_floor":["M","?","M","M","$","R","E","R","T","R","E","?","M","M","R","B",null,"M","M","?","M","M","E","R","?","T","M","?","M","E","M","R","B",null,"M","$","?","M","M","?","M","M","T","E","R","M"],"character_chosen":"DEFECT","items_purchased":["Darkness","Rebound","PreservedInsect","HandDrill","Toxic Egg 2","Leap+1"],"campfire_rested":4,"item_purchase_floors":[5,5,36,36,36,36],"current_hp_per_floor":[75,75,75,69,75,75,54,75,75,75,83,80,73,73,89,75,94,79,79,79,54,54,54,82,82,82,82,82,94,86,86,86,39,94,94,94,94,94,55,55,55,55,55,23,51,51,51],"gold":163,"neow_bonus":"RANDOM_COMMON_RELIC","is_daily":false,"chose_seed":false,"campfire_upgraded":3,"win_rate":0.0,"timestamp":1612174250,"path_taken":["M","?","M","?","$","R","E","R","T","R","E","?","M","M","R","BOSS","M","M","?","M","M","E","R","?","T","M","?","M","E","M","R","BOSS","M","?","?","M","M","?","M","M","T","E","R","M"],"items_purchased_type":["Card","Card","Relic","Relic","Relic","Card"],"build_version":"2020-12-13","purchased_purges":0,"victory":false,"max_hp_per_floor":[75,75,75,75,75,75,75,75,75,75,89,89,89,89,89,89,94,94,94,94,94,94,94,94,94,94,94,94,94,94,94,94,94,94,94,94,94,94,94,94,94,94,94,94,94,94,94],"card_choices":[{"not_picked":["White Noise","Gash"],"picked":"Ball Lightning","floor":1.0},{"not_picked":["Conserve Battery","Go for the Eyes"],"picked":"Capacitor","floor":3.0},{"not_picked":["Go for the Eyes","Consume"],"picked":"Steam","floor":4.0},{"not_picked":["Stack","Fusion"],"picked":"Steam","floor":7.0},{"not_picked":["Biased Cognition","Consume"],"picked":"Sweeping Beam","floor":11.0},{"not_picked":["Defragment","Rebound"],"picked":"Barrage","floor":13.0},{"not_picked":["Hello World","Lockon"],"picked":"Beam Cell","floor":14.0},{"not_picked":["Hologram","Cold Snap"],"picked":"Glacier","floor":15.0},{"not_picked":["Echo Form","Fission"],"picked":"Buffer","floor":16.0},{"not_picked":["Steam","Lockon"],"picked":"Chaos","floor":17.0},{"not_picked":["Steam+1","Go for the Eyes"],"picked":"Melter","floor":18.0},{"not_picked":["Go for the Eyes","Sweeping Beam+1"],"picked":"Undo","floor":19.0},{"not_picked":["Leap","Barrage"],"picked":"Ball Lightning","floor":21.0},{"not_picked":["Ball Lightning","Sweeping Beam"],"picked":"Cold Snap","floor":22.0},{"not_picked":["Lockon","Reboot"],"picked":"Compile Driver","floor":23.0},{"not_picked":["Reprogram","Compile Driver"],"picked":"Go for the Eyes","floor":24.0},{"not_picked":["Go for the Eyes","Hologram"],"picked":"Chaos+1","floor":27.0},{"not_picked":["Fusion+1","Stack"],"picked":"Coolheaded","floor":29.0},{"not_picked":["Stack","Capacitor"],"picked":"Tempest","floor":30.0},{"not_picked":["Machine Learning","Storm"],"picked":"Doom and Gloom","floor":31.0},{"not_picked":["Seek","Multi-Cast"],"picked":"Biased Cognition","floor":33.0},{"not_picked":["Ball Lightning+1","Rebound"],"picked":"Sweeping Beam+1","floor":35.0},{"not_picked":["Redo+1","Coolheaded+1"],"picked":"Barrage+1","floor":38.0},{"not_picked":["Rip and Tear","Defragment"],"picked":"Go for the Eyes+1","floor":39.0},{"not_picked":["Darkness+1","Streamline"],"picked":"Auto Shields+1","floor":40.0},{"not_picked":["Defragment","Static Discharge"],"picked":"Cold Snap","floor":41.0},{"not_picked":["Coolheaded+1","Beam Cell"],"picked":"Barrage+1","floor":42.0},{"not_picked":["Fusion+1","Compile Driver"],"picked":"Echo Form","floor":44.0},{"not_picked":["Gash","Steam+1"],"picked":"Streamline+1","floor":45.0}],"player_experience":49797,"relics_obtained":[{"floor":7.0,"key":"Omamori"},{"floor":9.0,"key":"Meat on the Bone"},{"floor":11.0,"key":"Mango"},{"floor":23.0,"key":"Oddly Smooth Stone"},{"floor":26.0,"key":"Bottled Lightning"},{"floor":30.0,"key":"War Paint"},{"floor":40.0,"key":"CaptainsWheel"},{"floor":43.0,"key":"StoneCalendar"},{"floor":44.0,"key":"Whetstone"}],"event_choices":[{"damage_healed":0.0,"max_hp_gain":0.0,"max_hp_loss":0.0,"gold_gain":0.0,"event_name":"Purifier","player_choice":"Ignored","floor":2.0,"gold_loss":0.0,"damage_taken":0.0},{"damage_healed":0.0,"max_hp_gain":0.0,"max_hp_loss":0.0,"gold_gain":0.0,"event_name":"Scrap Ooze","player_choice":"Success","floor":12.0,"gold_loss":0.0,"damage_taken":3.0,"relics_obtained":["Dream Catcher"]},{"damage_healed":0.0,"max_hp_gain":0.0,"max_hp_loss":0.0,"gold_gain":0.0,"event_name":"The Library","player_choice":"Read","floor":20.0,"gold_loss":0.0,"damage_taken":0.0,"cards_obtained":["Ball Lightning"]},{"damage_healed":0.0,"max_hp_gain":0.0,"max_hp_loss":0.0,"gold_gain":0.0,"event_name":"Beggar","player_choice":"Ignored","floor":25.0,"gold_loss":0.0,"damage_taken":0.0},{"damage_healed":0.0,"max_hp_gain":0.0,"max_hp_loss":0.0,"gold_gain":0.0,"event_name":"Duplicator","player_choice":"Copied","floor":28.0,"gold_loss":0.0,"damage_taken":0.0,"cards_obtained":["Capacitor"]},{"damage_healed":24.0,"max_hp_gain":0.0,"max_hp_loss":0.0,"gold_gain":0.0,"event_name":"Winding Halls","player_choice":"Writhe","floor":37.0,"gold_loss":0.0,"damage_taken":0.0,"cards_obtained":["Writhe"]},{"damage_healed":0.0,"max_hp_gain":0.0,"max_hp_loss":0.0,"gold_gain":0.0,"event_name":"MindBloom","player_choice":"Fight","floor":40.0,"gold_loss":0.0,"damage_taken":0.0}],"is_beta":false,"boss_relics":[{"not_picked":["Astrolabe","Coffee Dripper"],"picked":"Tiny House"},{"not_picked":["Runic Dome","Runic Pyramid"],"picked":"Nuclear Battery"}],"items_purged_floors":[],"is_endless":false,"potions_floor_spawned":[3,4,13,14,18,29,30,31,33,40,41,42],"killed_by":"Jaw Worm Horde","ascension_level":0}}