{"host":"q4it2kuxo1wuupt6","time":1612159978,"event":{"mods":["Act Like it!","BaseMod","Dota2Spire","Friendly Minions","GifTheSpireLib","Minty Spire (QoL Compilation)","StSLib","The Alterego","yUi"],"gold_per_floor":[110,128,203,203,213,213,213],"floor_reached":6,"language":"ZHS","playtime":816,"items_purged":[],"score":36,"play_id":"b3ff576e-e05b-4c06-ac2f-bd224bee953b","local_time":"20210201141258","is_ascension_mode":false,"campfire_choices":[],"circlet_count":0,"master_deck":["alterego_mod:Strike","alterego_mod:Strike","alterego_mod:Strike","alterego_mod:Strike","alterego_mod:Defend","alterego_mod:Defend","alterego_mod:Defend","alterego_mod:Impale","alterego_mod:BigMeatyClaws","alterego_mod:BrynhildrsRune","alterego_mod:Table","alterego_mod:Bunnysuit"],"relics":["alterego_mod:MasochisticConstitution","MealTicket"],"acts_visited":["Exordium"],"potions_floor_usage":[],"damage_taken":[{"damage":3.0,"enemies":"Small Slimes","floor":1.0,"turns":4.0},{"damage":2.0,"enemies":"2 Louse","floor":2.0,"turns":2.0},{"damage":18.0,"enemies":"Cultist","floor":5.0,"turns":5.0},{"damage":42,"enemies":"3 Sentries","floor":6,"turns":7}],"seed_played":"6300619308469557530","potions_obtained":[],"is_trial":false,"path_per_floor":["M","M","?","?","M","E"],"character_chosen":"The_Alterego","items_purchased":[],"campfire_rested":0,"item_purchase_floors":[],"current_hp_per_floor":[71,70,59,52,42,0,0],"gold":213,"neow_bonus":"RANDOM_COMMON_RELIC","is_daily":false,"chose_seed":false,"campfire_upgraded":0,"win_rate":0.0,"timestamp":1612159978,"path_taken":["M","M","?","?","M","E"],"items_purchased_type":[],"build_version":"2020-12-22","purchased_purges":0,"victory":false,"max_hp_per_floor":[71,72,72,72,73,73,73],"card_choices":[{"not_picked":["alterego_mod:Rip","alterego_mod:Birthday"],"picked":"alterego_mod:Table","floor":1.0},{"not_picked":["alterego_mod:1TonWallop","alterego_mod:Smother"],"picked":"alterego_mod:Bunnysuit","floor":2.0},{"not_picked":["alterego_mod:Complex","alterego_mod:Skirt","alterego_mod:Schoolgirl"],"picked":"SKIP","floor":5.0}],"player_experience":570614,"relics_obtained":[],"event_choices":[{"damage_healed":0.0,"max_hp_gain":0.0,"max_hp_loss":0.0,"gold_gain":75.0,"event_name":"World of Goop","player_choice":"Gather Gold","floor":3.0,"gold_loss":0.0,"damage_taken":11.0},{"cards_removed":["alterego_mod:Defend"],"damage_healed":0.0,"max_hp_gain":0.0,"max_hp_loss":0.0,"gold_gain":0.0,"event_name":"Golden Wing","player_choice":"Card Removal","floor":4.0,"gold_loss":0.0,"damage_taken":7.0}],"is_beta":false,"boss_relics":[],"items_purged_floors":[],"is_endless":false,"potions_floor_spawned":[],"killed_by":"3 Sentries","ascension_level":0}}