{"host":"6drv1qzpbnls60z2","time":1612192590,"event":{"mods":["ATMod(°¢èªMod)","Act Like it!","Arknights","BaseMod","Hallownest","Minty Spire (QoL Compilation)","Reimu£¨²©ÀöÁéÃÎ£©","Replay The Spire","Shop Mod","Spicy Shops","StSLib","The Dragon Tamer","Uncapped","¡¾ÒÅÎï¿¨ÅÆ¡¿REMEMod","²ÐÁôÖ®Îï","óô»ðÖ¸ÄÏ"],"gold_per_floor":[117,132,147,147,60,93,93,125,175,38,38,38,54,82,82,155,155,173,173,17,37,37,37,37,37,37],"floor_reached":24,"language":"ZHS","playtime":1863,"items_purged":[],"score":674,"play_id":"5fef06ae-f800-4c8f-9ff0-22905860b29d","local_time":"20210201231630","daily_mods":["Flight"],"is_ascension_mode":true,"metric_token":1047,"campfire_choices":[{"data":"AT_FamilyPortrait","floor":7,"key":"SMITH"},{"data":"DTMod:SwitchingTactic","floor":11,"key":"SMITH"},{"data":"DTMod:GhostSkin","floor":15,"key":"SMITH"},{"data":"DTMod:Training","floor":23,"key":"SMITH"}],"dtmod_dragon_data":[0,46,1,-1,12,0],"circlet_count":0,"master_deck":["AscendersBane","DTMod:Strike","DTMod:Strike","DTMod:Strike","DTMod:Strike","DTMod:DoubleHit","DTMod:TargetDefense","DTMod:TargetDefense","DTMod:TargetDefense","DTMod:TargetDefense","DTMod:SwitchingTactic+1","AT_FamilyPortrait+1","PlaceholderMod:DiffusionChemical","DTMod:Cover","DTMod:QuickFly","DTMod:ShieldDrain","DTMod:InvisibleFlame+1","DTMod:ComboAttack","DTMod:ShadowImage","DTMod:Hide","DTMod:GhostSkin+1","DTMod:StarRain","DTMod:TriAttack","DTMod:MasterPlan","DTMod:Training+1","DTMod:TagTeam","DTMod:BuildUp","DTMod:Punisher+1"],"relics":["DTMod:PactStone","AT_ATBox","REME_ComplimentaryCards","Ring of Fury","Ring of Hypnosis","Eternal Feather","Strawberry","AT_ChloranthyRing","Replay:Wax Seal","Ginger","CaptainsWheel","REME_ChargedStone"],"acts_visited":["Exordium","TheCity"],"potions_floor_usage":[8,8,8,8,24],"damage_taken":[{"damage":0,"enemies":"Jaw Worm","floor":1,"turns":3},{"damage":0,"enemies":"Cultist","floor":2,"turns":3},{"damage":0,"enemies":"Small Slimes","floor":3,"turns":3},{"damage":16,"enemies":"Replay:BlueRogue","floor":6,"turns":5},{"damage":0,"enemies":"Lagavulin","floor":8,"turns":4},{"damage":0,"enemies":"Looter","floor":13,"turns":4},{"damage":8,"enemies":"Gremlin Nob","floor":14,"turns":5},{"damage":41,"enemies":"Fading Forest","floor":16,"turns":13},{"damage":0,"enemies":"Chosen","floor":18,"turns":5},{"damage":8,"enemies":"2 Thieves","floor":21,"turns":3},{"damage":27,"enemies":"Slavers","floor":24,"turns":5}],"seed_played":"-8111157466715652824","potions_obtained":[{"floor":2,"key":"Block Potion"},{"floor":6,"key":"EntropicBrew"},{"floor":14,"key":"ZuzhouPotion:ReiMu"},{"floor":16,"key":"FearPotion"}],"is_trial":true,"path_per_floor":["M","M","M","?","$","E","R","E","T","R","R","T","M","E","R","B",null,"M","?","$","M","?","R","E"],"character_chosen":"THE_DT","items_purchased":["DTMod:InvisibleFlame+1","Replay:Wax Seal","DTMod:Hide","DTMod:Training","DTMod:TagTeam","DTMod:BuildUp"],"campfire_rested":0,"item_purchase_floors":[5,10,10,20,20,20],"current_hp_per_floor":[37,37,37,37,37,21,30,37,37,46,48,48,48,40,48,25,42,42,42,42,34,34,48,21,21,21],"gold":37,"neow_bonus":"","is_daily":false,"chose_seed":false,"campfire_upgraded":4,"win_rate":0.0,"timestamp":1612192590,"path_taken":["M","M","M","?","$","E","R","E","T","R","R","?","?","E","R","BOSS","M","?","$","M","?","R","E"],"items_purchased_type":["Card","Relic","Card","Card","Card","Card"],"build_version":"2020-12-22","purchased_purges":0,"victory":false,"max_hp_per_floor":[41,41,41,41,41,41,41,48,48,48,48,48,48,48,48,48,48,48,48,48,48,48,48,48,48,48],"card_choices":[{"not_picked":["DTMod:ForkedFire","DTMod:QuickFly"],"picked":"DTMod:Cover","floor":1},{"not_picked":["DTMod:RecklessFlurry","DTMod:MagicField"],"picked":"DTMod:QuickFly","floor":2},{"not_picked":["DTMod:DeepFocus","DTMod:FlameSlash"],"picked":"DTMod:ShieldDrain","floor":3},{"not_picked":["DTMod:QuickFly","DTMod:Dissolve"],"picked":"DTMod:ComboAttack","floor":6},{"not_picked":["DTMod:QuickFly","DTMod:HeatWave"],"picked":"DTMod:ShadowImage","floor":8},{"not_picked":["DTMod:ForkedFire","DTMod:BalancedStrike"],"picked":"DTMod:GhostSkin","floor":13},{"not_picked":["DTMod:HeatWave","DTMod:Threaten"],"picked":"DTMod:StarRain","floor":14},{"not_picked":["DTMod:StunTrap","DTMod:EchoTactic"],"picked":"DTMod:TriAttack","floor":16},{"not_picked":["DTMod:StarRain+1","DTMod:FlameSlash"],"picked":"DTMod:MasterPlan","floor":18},{"not_picked":["DTMod:ForkedFire","DTMod:Feint"],"picked":"DTMod:Punisher+1","floor":21}],"player_experience":160952,"relics_obtained":[{"floor":4,"key":"Ring of Fury"},{"floor":4,"key":"Ring of Hypnosis"},{"floor":6,"key":"Eternal Feather"},{"floor":8,"key":"Strawberry"},{"floor":9,"key":"AT_ChloranthyRing"},{"floor":12,"key":"Ginger"},{"floor":14,"key":"CaptainsWheel"}],"event_choices":[{"damage_healed":0,"gold_gain":0,"player_choice":"0 cards matched","damage_taken":0,"max_hp_gain":0,"max_hp_loss":0,"event_name":"Match and Keep!","floor":22,"gold_loss":0,"cards_obtained":[]}],"is_beta":false,"boss_relics":[{"not_picked":["Replay:Bronze Core","Kintsugi"],"picked":"REME_ChargedStone"}],"items_purged_floors":[],"is_endless":true,"potions_floor_spawned":[2,6,14,16],"killed_by":"Slavers","ascension_level":20}}