{"host":"nwd160me4iqdtr8u","time":1612177929,"event":{"mods":["AchievementEnabler","Act Like it!","BaseMod","Colored Map","DeckTracker","Keyboard Shortcuts","Minty Spire (QoL Compilation)","Quick Restart","Rare Cards Sparkle","StSLib","SuperFastMode","everything is the same but u backflip on backflip"],"gold_per_floor":[110,125,125,82,157,157,187,198,198,228,228,21,121,132,132,203,203,216,71,85,97,12,12,23,23,92,102,102,102,102,119,119,196,196,196,496,509,521,534,549,549,566,566,566,566,566,566,110,110,110],"floor_reached":51,"language":"KOR","playtime":1792,"items_purged":[],"score":1381,"play_id":"fe71d86d-bdaa-40a9-af43-be633fbc3569","local_time":"20210201201209","is_ascension_mode":true,"campfire_choices":[{"data":"Crippling Poison","floor":6.0,"key":"SMITH"},{"data":"Noxious Fumes","floor":15.0,"key":"SMITH"},{"data":"Catalyst","floor":23.0,"key":"SMITH"},{"data":"Footwork","floor":25.0,"key":"SMITH"},{"data":"Venomology","floor":28.0,"key":"SMITH"},{"data":"Footwork","floor":30.0,"key":"SMITH"},{"floor":32.0,"key":"REST"},{"data":"Adrenaline","floor":41.0,"key":"SMITH"},{"data":"Burst","floor":46.0,"key":"SMITH"},{"data":"A Thousand Cuts","floor":49.0,"key":"SMITH"}],"circlet_count":0,"master_deck":["AscendersBane","Strike_G","Strike_G","Strike_G","Strike_G","Defend_G","Defend_G","Defend_G","Defend_G","Defend_G","Survivor","Neutralize","Crippling Poison+1","PiercingWail","Escape Plan","Infinite Blades","Deadly Poison","Calculated Gamble","Noxious Fumes+1","Backflip","Venomology+1","CurseOfTheBell","Catalyst+1","Acrobatics","Footwork+1","PiercingWail","Footwork+1","Bane+1","Reflex","Burst+1","Acrobatics","Adrenaline+1","Bouncing Flask","Concentrate","A Thousand Cuts+1"],"relics":["Ring of the Snake","NeowsBlessing","HornCleat","Nunchaku","MealTicket","Snake Skull","Calling Bell","Bronze Scales","Pantograph","Mango","StrikeDummy","Coffee Dripper","Ornamental Fan","Shuriken"],"acts_visited":["Exordium","TheCity","TheBeyond"],"potions_floor_usage":[50,50],"damage_taken":[{"damage":0.0,"enemies":"Small Slimes","floor":1.0,"turns":1.0},{"damage":0.0,"enemies":"2 Louse","floor":2.0,"turns":1.0},{"damage":0.0,"enemies":"3 Sentries","floor":7.0,"turns":1.0},{"damage":0.0,"enemies":"Jaw Worm","floor":8.0,"turns":6.0},{"damage":8.0,"enemies":"Lagavulin","floor":10.0,"turns":6.0},{"damage":4.0,"enemies":"Large Slime","floor":14.0,"turns":6.0},{"damage":2.0,"enemies":"Hexaghost","floor":16.0,"turns":8.0},{"damage":7.0,"enemies":"Spheric Guardian","floor":18.0,"turns":4.0},{"damage":12.0,"enemies":"2 Thieves","floor":20.0,"turns":5.0},{"damage":14.0,"enemies":"Snecko","floor":21.0,"turns":6.0},{"damage":1.0,"enemies":"Snake Plant","floor":24.0,"turns":5.0},{"damage":25.0,"enemies":"Centurion and Healer","floor":27.0,"turns":6.0},{"damage":30.0,"enemies":"3 Cultists","floor":31.0,"turns":5.0},{"damage":30.0,"enemies":"Automaton","floor":33.0,"turns":9.0},{"damage":0.0,"enemies":"Orb Walker","floor":35.0,"turns":2.0},{"damage":11.0,"enemies":"3 Darklings","floor":37.0,"turns":4.0},{"damage":6.0,"enemies":"Writhing Mass","floor":38.0,"turns":5.0},{"damage":23.0,"enemies":"Maw","floor":39.0,"turns":5.0},{"damage":24.0,"enemies":"Spire Growth","floor":40.0,"turns":6.0},{"damage":0.0,"enemies":"4 Shapes","floor":42.0,"turns":4.0},{"damage":62,"enemies":"Donu and Deca","floor":50,"turns":12}],"seed_played":"-1920865242696687773","potions_obtained":[{"floor":10.0,"key":"FearPotion"},{"floor":14.0,"key":"FearPotion"},{"floor":16.0,"key":"PowerPotion"},{"floor":18.0,"key":"FairyPotion"},{"floor":31.0,"key":"DuplicationPotion"},{"floor":37.0,"key":"Weak Potion"},{"floor":40.0,"key":"Fire Potion"}],"is_trial":false,"path_per_floor":["M","M","?","$","?","R","E","M","T","E","?","$","?","M","R","B",null,"M","$","M","M","$","R","M","R","T","M","R","?","R","M","R","B",null,"M","?","M","M","M","M","R","M","T","?","?","R","?","$","R","B",null],"character_chosen":"THE_SILENT","items_purchased":["Escape Plan","Snake Skull","Noxious Fumes","Catalyst","Acrobatics","Footwork","Shuriken","A Thousand Cuts"],"campfire_rested":1,"item_purchase_floors":[4,12,12,19,19,22,48,48],"current_hp_per_floor":[59,59,52,52,41,41,41,41,41,33,33,48,48,44,44,42,74,67,80,68,54,69,69,68,68,68,43,43,43,43,13,37,32,68,68,68,57,51,28,4,4,4,4,66,66,66,66,66,66,4],"gold":110,"neow_bonus":"THREE_ENEMY_KILL","is_daily":false,"chose_seed":false,"campfire_upgraded":9,"win_rate":0.0,"timestamp":1612177929,"path_taken":["M","M","?","$","?","R","E","M","T","E","?","?","?","M","R","BOSS","M","$","?","M","?","R","M","R","T","M","R","?","R","M","R","BOSS","M","?","M","M","M","M","R","?","T","?","?","R","?","$","R","BOSS"],"items_purchased_type":["Card","Relic","Card","Card","Card","Card","Relic","Card"],"build_version":"2020-12-22","purchased_purges":0,"victory":true,"max_hp_per_floor":[66,66,66,66,66,66,66,66,66,66,66,66,66,66,66,66,80,80,80,80,80,80,80,80,80,80,80,80,80,80,80,80,80,80,80,80,80,80,80,80,80,80,80,66,66,66,66,66,66,66],"card_choices":[{"not_picked":["Dagger Throw","Deadly Poison"],"picked":"Crippling Poison","floor":1.0},{"not_picked":["Dodge and Roll","Concentrate"],"picked":"PiercingWail","floor":2.0},{"not_picked":["Deflect","Dodge and Roll"],"picked":"Infinite Blades","floor":7.0},{"not_picked":["Dagger Spray","Eviscerate"],"picked":"Deadly Poison","floor":8.0},{"not_picked":["Heel Hook","Riddle With Holes"],"picked":"Calculated Gamble","floor":10.0},{"not_picked":["Deadly Poison","Dagger Throw"],"picked":"Backflip","floor":14.0},{"not_picked":["Bullet Time","Tools of the Trade"],"picked":"Venomology","floor":16.0},{"not_picked":["Dodge and Roll","Backflip"],"picked":"Dagger Spray","floor":18.0},{"not_picked":["Accuracy","Finisher+1"],"picked":"Footwork","floor":20.0},{"not_picked":["Skewer","Noxious Fumes"],"picked":"PiercingWail","floor":21.0},{"not_picked":["Deadly Poison+1","PiercingWail"],"picked":"Bane+1","floor":24.0},{"not_picked":["Sucker Punch","Poisoned Stab","Grand Finale"],"picked":"SKIP","floor":27.0},{"not_picked":["Prepared","Flying Knee","Dagger Spray"],"picked":"SKIP","floor":31.0},{"not_picked":["Grand Finale","Envenom"],"picked":"Burst","floor":33.0},{"not_picked":["Bane","Underhanded Strike"],"picked":"Acrobatics","floor":37.0},{"not_picked":["Quick Slash","Dagger Throw","All Out Attack"],"picked":"SKIP","floor":38.0},{"not_picked":["Slice","Flying Knee"],"picked":"Adrenaline","floor":39.0},{"not_picked":["Dagger Spray","Blade Dance"],"picked":"Bouncing Flask","floor":40.0},{"not_picked":["Deflect","Poisoned Stab+1"],"picked":"Concentrate","floor":42.0}],"player_experience":362876,"relics_obtained":[{"floor":7.0,"key":"HornCleat"},{"floor":9.0,"key":"Nunchaku"},{"floor":10.0,"key":"MealTicket"},{"floor":17.0,"key":"Bronze Scales"},{"floor":17.0,"key":"Pantograph"},{"floor":17.0,"key":"Mango"},{"floor":26.0,"key":"StrikeDummy"},{"floor":43.0,"key":"Ornamental Fan"}],"event_choices":[{"cards_removed":["Strike_G"],"damage_healed":0.0,"max_hp_gain":0.0,"max_hp_loss":0.0,"gold_gain":0.0,"event_name":"Golden Wing","player_choice":"Card Removal","floor":3.0,"gold_loss":0.0,"damage_taken":7.0},{"damage_healed":0.0,"max_hp_gain":0.0,"max_hp_loss":0.0,"gold_gain":75.0,"event_name":"World of Goop","player_choice":"Gather Gold","floor":5.0,"gold_loss":0.0,"damage_taken":11.0},{"damage_healed":0.0,"max_hp_gain":0.0,"max_hp_loss":0.0,"gold_gain":0.0,"event_name":"Shining Light","player_choice":"Ignored","floor":11.0,"gold_loss":0.0,"damage_taken":0.0},{"damage_healed":0.0,"max_hp_gain":0.0,"max_hp_loss":0.0,"gold_gain":100.0,"event_name":"Wheel of Change","player_choice":"Gold","floor":13.0,"gold_loss":0.0,"damage_taken":0.0},{"damage_healed":0.0,"max_hp_gain":0.0,"max_hp_loss":0.0,"gold_gain":0.0,"event_name":"The Library","player_choice":"Read","floor":29.0,"gold_loss":0.0,"damage_taken":0.0,"cards_obtained":["Reflex"]},{"damage_healed":0.0,"max_hp_gain":0.0,"max_hp_loss":0.0,"gold_gain":300.0,"event_name":"Wheel of Change","player_choice":"Gold","floor":36.0,"gold_loss":0.0,"damage_taken":0.0},{"damage_healed":66.0,"max_hp_gain":0.0,"max_hp_loss":14.0,"gold_gain":0.0,"event_name":"The Moai Head","player_choice":"Heal","floor":44.0,"gold_loss":0.0,"damage_taken":0.0},{"cards_removed":["Dagger Spray"],"damage_healed":0.0,"max_hp_gain":0.0,"max_hp_loss":0.0,"gold_gain":0.0,"event_name":"Falling","player_choice":"Removed Attack","floor":45.0,"gold_loss":0.0,"damage_taken":0.0},{"damage_healed":0.0,"max_hp_gain":0.0,"max_hp_loss":0.0,"gold_gain":0.0,"event_name":"Mysterious Sphere","player_choice":"Ignored","floor":47.0,"gold_loss":0.0,"damage_taken":0.0}],"is_beta":false,"boss_relics":[{"not_picked":["Snecko Eye","Philosopher\u0027s Stone"],"picked":"Calling Bell"},{"not_picked":["Ring of the Serpent","Runic Pyramid"],"picked":"Coffee Dripper"}],"items_purged_floors":[],"is_endless":false,"potions_floor_spawned":[10,14,16,18,31,37,40,42],"ascension_level":19}}