{"host":"rjfefv2ruvigm2gb","time":1612202000,"event":{"mods":["AlwaysNeverKeys","BaseMod","Better Third Choice","BetterRewards","Block Reminder","CCEM2","Colored Map","Colored Powertips","Conspire","Curses Come First","Displayed Cursed Tome","Downfall","Fox Events","Friendly Minions","Gold Saver","Googly Eyes","HexUI Lib","Highlight Path","Hubris","Minty Spire (QoL Compilation)","Monster B Gone","Permanent Neow","Poor People Problems","Quick Restart","Relic Stats","Reliquary","Replay The Spire","Shop Mod","Small Relic Pack","StS++","StSLib","SuperFastMode","The Disciple","The Gatherer","Transform Curses","Uncapped","Virulent Crown","Yohane!"],"gold_per_floor":[1357,1357,1193,1211,1223,1256,1267,1294,1347,1360,1360,983,983,993,993,1095,1095,1106,1106,1106,1133,1146,1173,1173,1173,1173,1186,1186,1204,1204,628,628,628,628,628],"floor_reached":33,"language":"ENG","playtime":2468,"items_purged":[],"score":277,"play_id":"ad25089f-65c1-47ef-8b4c-1e4dcc438790","local_time":"20210201115320","is_ascension_mode":false,"metric_token":2449,"campfire_choices":[{"floor":11,"key":"REST"},{"floor":13,"key":"REST"},{"floor":15,"key":"REST"},{"floor":25,"key":"REST"},{"floor":28,"key":"REST"},{"floor":30,"key":"REST"},{"data":"Gatherer:Duplicator","floor":32,"key":"SMITH"},{"data":"Gatherer:Duplicator","floor":32,"key":"SMITH"}],"circlet_count":0,"master_deck":["Gatherer:Strike_Gatherer","Gatherer:Strike_Gatherer+1","Gatherer:Strike_Gatherer","Gatherer:Strike_Gatherer","Gatherer:Strike_Gatherer","Gatherer:Defend_Gatherer","Gatherer:Defend_Gatherer","Gatherer:Defend_Gatherer","Gatherer:Defend_Gatherer","Gatherer:Defend_Gatherer","Gatherer:Centralize","Gatherer:FlowerWhip+1","Gatherer:Uplift","Gatherer:Duplicator+1","Gatherer:FlowerShield","Gatherer:Snatch","Gatherer:FlowerFalling","Gatherer:EnergyBasket","Gatherer:Snatch","Gatherer:UpgradeBag","Gatherer:PotentialSlash","Gatherer:FlamingBottle","Gatherer:SealedBomb","Gatherer:BambuSword","Gatherer:Duplicator+1","Gatherer:AlchemyTrial+1","Gatherer:MiningStrike","Gatherer:BalancedGrowth+1"],"relics":["Gatherer:AlchemyBag","Potion Belt","Replay:Arrowhead","bronze:BronzeIdol","Whetstone","Guardian:BottledAnomaly","Toy Ornithopter","conspire:RoyalGoblet","relicPack:AllForOne","PreservedInsect","CCEMRelics:SoftDrink","CCEMRelics:Apple","Regal Pillow","ReplayTheSpireMod:Shallot"],"acts_visited":["Exordium","TheCity"],"potions_floor_usage":[4,6,16,24,33,33],"damage_taken":[{"damage":0,"enemies":"2 Louse","floor":1,"turns":3},{"damage":0,"enemies":"Jaw Worm","floor":4,"turns":3},{"damage":9,"enemies":"Cultist","floor":5,"turns":5},{"damage":12,"enemies":"Lagavulin","floor":6,"turns":8},{"damage":14,"enemies":"Lots of Slimes","floor":7,"turns":5},{"damage":10,"enemies":"Replay:BlueRogue","floor":8,"turns":5},{"damage":9,"enemies":"2 Fungi Beasts","floor":10,"turns":3},{"damage":4,"enemies":"Blue Slaver","floor":14,"turns":3},{"damage":70,"enemies":"Hexaghost","floor":16,"turns":10},{"damage":27,"enemies":"conspire:FuzzyDice","floor":18,"turns":7},{"damage":13,"enemies":"Shell Parasite","floor":22,"turns":6},{"damage":34,"enemies":"Slavers","floor":23,"turns":4},{"damage":4,"enemies":"Shelled Parasite and Fungi","floor":24,"turns":2},{"damage":10,"enemies":"Snecko","floor":27,"turns":3},{"damage":21,"enemies":"Centurion and Healer","floor":29,"turns":6},{"damage":79,"enemies":"Collector","floor":33,"turns":8}],"seed_played":"-3176471550632891066","potions_obtained":[{"floor":0,"key":"FairyPotion"},{"floor":0,"key":"bronze:BurnAndBuffPotion"},{"floor":0,"key":"SmokeBomb"},{"floor":1,"key":"SteroidPotion"},{"floor":4,"key":"Swift Potion"}],"is_trial":false,"path_per_floor":["M","?","$","M","M","E","M","E","T","M","R","$","R","M","R","B",null,"M","?","?","T","M","E","M","R","T","M","R","M","R","$","R","B"],"character_chosen":"THE_GATHERER","items_purchased":["Gatherer:Uplift","CultistPotion","Guardian:BottledAnomaly","Toy Ornithopter","Gatherer:UpgradeBag","Regal Pillow","ReplayTheSpireMod:Shallot","Gatherer:BalancedGrowth+1","Death Potion","Poison Potion"],"campfire_rested":6,"item_purchase_floors":[3,3,12,12,12,31,31,31,31,31],"current_hp_per_floor":[72,72,72,72,63,51,37,27,27,18,39,39,60,56,72,7,72,45,45,45,45,32,21,22,43,43,36,58,40,63,63,63,0,0,0],"gold":628,"neow_bonus":"THREE_SMALL_POTIONS","is_daily":false,"chose_seed":false,"campfire_upgraded":2,"win_rate":0.0,"timestamp":1612202000,"path_taken":["M","?","?","M","?","E","?","E","T","M","R","$","R","M","R","BOSS","M","?","?","?","M","E","M","R","T","M","R","M","R","$","R","BOSS"],"items_purchased_type":["Card","Potion","Relic","Relic","Card","Relic","Relic","Card","Potion","Potion"],"build_version":"2020-12-22","purchased_purges":0,"victory":false,"max_hp_per_floor":[72,72,72,72,72,72,72,72,72,72,72,72,72,72,72,72,72,72,72,72,72,72,72,72,72,72,75,75,78,78,78,78,78,78,78],"relic_stats":{"Regal Pillow":0,"counters":[16,81],"PreservedInsect":41,"Whetstone":["Gatherer:FlowerWhip","Gatherer:Strike_Gatherer"],"obtain_stats":[{"Potion Belt":2,"Regal Pillow":31,"conspire:RoyalGoblet":17,"CCEMRelics:SoftDrink":23,"PreservedInsect":21,"Whetstone":9,"Replay:Arrowhead":6,"bronze:BronzeIdol":8,"CCEMRelics:Apple":26,"ReplayTheSpireMod:Shallot":31,"relicPack:AllForOne":20,"Guardian:BottledAnomaly":12,"Gatherer:AlchemyBag":0,"Toy Ornithopter":12},{"Potion Belt":1,"Regal Pillow":15,"conspire:RoyalGoblet":9,"CCEMRelics:SoftDrink":12,"PreservedInsect":10,"Whetstone":6,"Replay:Arrowhead":4,"bronze:BronzeIdol":6,"CCEMRelics:Apple":13,"ReplayTheSpireMod:Shallot":15,"relicPack:AllForOne":10,"Guardian:BottledAnomaly":7,"Gatherer:AlchemyBag":0,"Toy Ornithopter":7},{"Potion Belt":3,"Regal Pillow":73,"conspire:RoyalGoblet":45,"CCEMRelics:SoftDrink":62,"PreservedInsect":52,"Whetstone":29,"Replay:Arrowhead":19,"bronze:BronzeIdol":29,"CCEMRelics:Apple":64,"ReplayTheSpireMod:Shallot":73,"relicPack:AllForOne":52,"Guardian:BottledAnomaly":32,"Gatherer:AlchemyBag":0,"Toy Ornithopter":32}],"Toy Ornithopter":20},"card_choices":[{"not_picked":["Gatherer:CollectorsShot","Gatherer:FlowerFalling","Gatherer:Herbalism"],"picked":"SKIP","floor":1},{"not_picked":["Gatherer:DrugPower","Gatherer:Solidify"],"picked":"Gatherer:Duplicator","floor":4},{"not_picked":["Gatherer:WoolGloves","Gatherer:AcidicSpray"],"picked":"Gatherer:FlowerShield","floor":5},{"not_picked":["Gatherer:GatherMaterial","Gatherer:PotentialSlash"],"picked":"Gatherer:Snatch","floor":6},{"not_picked":["Gatherer:EchoOfNature","Gatherer:Nutrients"],"picked":"Gatherer:FlowerFalling","floor":7},{"not_picked":["Gatherer:TreeGrowth","Gatherer:BlackTea"],"picked":"Gatherer:EnergyBasket","floor":8},{"not_picked":["Gatherer:TreeGrowth","Gatherer:WitheringStrike"],"picked":"Gatherer:Snatch","floor":10},{"not_picked":["Gatherer:Nutrients","Gatherer:GatherMaterial"],"picked":"Gatherer:PotentialSlash","floor":14},{"not_picked":["Gatherer:StoneFence","Gatherer:LuckyClover"],"picked":"Gatherer:FlamingBottle","floor":16},{"not_picked":["Gatherer:BigPouch","Gatherer:AromaProtection"],"picked":"Gatherer:SealedBomb","floor":18},{"not_picked":["Gatherer:EchoOfNature","Gatherer:FlowerPower"],"picked":"Gatherer:BambuSword","floor":22},{"not_picked":["Gatherer:Transmute","Gatherer:AcidicSpray"],"picked":"Gatherer:Duplicator","floor":23},{"not_picked":["Gatherer:WoolGloves","Gatherer:SealedBomb"],"picked":"Gatherer:AlchemyTrial+1","floor":27},{"not_picked":["Gatherer:TreeGrowth","Gatherer:CarefulStrike"],"picked":"Gatherer:MiningStrike","floor":29}],"player_experience":1094582,"relics_obtained":[{"floor":2,"key":"Potion Belt"},{"floor":6,"key":"Replay:Arrowhead"},{"floor":8,"key":"bronze:BronzeIdol"},{"floor":9,"key":"Whetstone"},{"floor":21,"key":"PreservedInsect"},{"floor":23,"key":"CCEMRelics:SoftDrink"},{"floor":26,"key":"CCEMRelics:Apple"}],"event_choices":[{"damage_healed":0,"gold_gain":0,"player_choice":"Relic","damage_taken":0,"max_hp_gain":0,"max_hp_loss":0,"event_name":"Wheel of Change","floor":2,"gold_loss":0},{"damage_healed":0,"gold_gain":0,"player_choice":"Ignored","damage_taken":0,"max_hp_gain":0,"max_hp_loss":0,"event_name":"Cursed Tome","floor":19,"gold_loss":0}],"is_beta":false,"boss_relics":[{"not_picked":["Pandora\u0027s Box","Gatherer:ExplorersPath"],"picked":"conspire:RoyalGoblet"}],"items_purged_floors":[],"is_endless":false,"potions_floor_spawned":[1,4,24],"killed_by":"Collector","ascension_level":0}}