{"host":"yiuxawbvzhpm7ctb","time":1612152950,"event":{"mods":["AchievementEnabler","Act Like it!","Aspiration","BaseMod","Better Altar","Better Match","Better Note","Better Sensory Stone","Better Skull","Better Third Choice","Better Vampires","Colored Map","Conspire","Downfall","Emptier Cage","Halation","Hubris","Infinite Spire","Jedi Mod","Marisa????????","Minty Spire (QoL Compilation)","Pale of the Ancients","Reliquary","Replay The Spire","StSLib","The Jungle","Wandering Minibosses"],"gold_per_floor":[113,38,50,50,244,574,593,593,646,658,658,687,707,727,727,727,727],"floor_reached":16,"language":"ENG","playtime":692,"items_purged":["downfall:Icky"],"score":185,"play_id":"32c7058d-63c7-4562-b098-7830101926ad","local_time":"20210131231550","is_ascension_mode":true,"campfire_choices":[{"floor":8,"key":"REST"},{"data":"Armaments","floor":15,"key":"SMITH"}],"circlet_count":0,"master_deck":["AscendersBane","Strike_R","Strike_R","Strike_R","Strike_R","Strike_R","Defend_R","Defend_R","Defend_R","Defend_R","Bash","Magnetism","Shockwave","Warcry","ReplayTheSpireMod:Splinters","Cleave","Eclipse","Dark Embrace","Wild Strike","Warcry","Armaments+1"],"relics":["Burning Blood","hubris:Towel","Old Coin","Bronze Scales","halation:EternalFortune","Durian"],"acts_visited":["Exordium"],"potions_floor_usage":[6,16],"damage_taken":[{"damage":11,"enemies":"Cultist","floor":1,"turns":4},{"damage":2,"enemies":"2 Louse","floor":3,"turns":3},{"damage":40,"enemies":"Lagavulin","floor":6,"turns":9},{"damage":6,"enemies":"conspire:RoseBush","floor":7,"turns":4},{"damage":17,"enemies":"Exordium Wildlife","floor":10,"turns":5},{"damage":36,"enemies":"Gremlin Nob","floor":12,"turns":4},{"damage":6,"enemies":"Looter","floor":13,"turns":4},{"damage":0,"enemies":"Large Slime","floor":14,"turns":5},{"damage":35,"enemies":"Hexaghost","floor":16,"turns":9}],"seed_played":"-6365933586148157745","potions_obtained":[{"floor":3,"key":"Weak Potion"},{"floor":10,"key":"ElixirPotion"},{"floor":14,"key":"Explosive Potion"}],"is_trial":false,"path_per_floor":["M","$","M","?","?","E","M","R","T","M","?","E","M","M","R","B"],"character_chosen":"IRONCLAD","items_purchased":[],"campfire_rested":1,"item_purchase_floors":[],"current_hp_per_floor":[67,67,71,71,71,37,37,61,61,50,53,28,28,34,34,0,0],"gold":727,"neow_bonus":"RANDOM_COLORLESS_2","is_daily":false,"chose_seed":false,"campfire_upgraded":1,"win_rate":0.0,"timestamp":1612152950,"path_taken":["M","$","M","?","?","E","?","R","T","M","?","E","M","?","R","BOSS"],"items_purchased_type":[],"build_version":"2020-12-22","purchased_purges":1,"victory":false,"max_hp_per_floor":[80,80,80,80,80,80,80,80,80,80,83,88,88,88,88,88,88],"card_choices":[{"not_picked":["Secret Weapon","ReplayTheSpireMod:Brewmster"],"picked":"Magnetism","floor":0},{"not_picked":["Flex","Wild Strike"],"picked":"Shockwave","floor":1},{"not_picked":["Feel No Pain","Flex"],"picked":"Warcry","floor":3},{"not_picked":["ReplayTheSpireMod:Strike From Hell","hubris:StunningStrike"],"picked":"Cleave","floor":5},{"not_picked":["ReplayTheSpireMod:LeadingStrike","Burning Pact"],"picked":"Eclipse","floor":6},{"not_picked":["Perfected Strike","Cleave"],"picked":"Dark Embrace","floor":7},{"not_picked":["Twin Strike","Hemokinesis"],"picked":"Wild Strike","floor":10},{"not_picked":["Brutality","Run Through"],"picked":"Warcry","floor":12},{"not_picked":["Body Slam","True Grit","Pommel Strike"],"picked":"SKIP","floor":13},{"not_picked":["Headbutt","Replay:Undeath\u0027s Touch"],"picked":"Armaments","floor":14}],"player_experience":608363,"relics_obtained":[{"floor":6,"key":"Old Coin"},{"floor":9,"key":"Bronze Scales"},{"floor":12,"key":"Durian"}],"event_choices":[],"is_beta":false,"boss_relics":[],"items_purged_floors":[2],"is_endless":false,"potions_floor_spawned":[3,10,14],"killed_by":"Hexaghost","ascension_level":13}}