{"host":"u5p72gjg7qm9i6r4","time":1612138287,"event":{"mods":["AchievementEnabler","BaseMod","Curses Come First","Highlight Path","Minty Spire (QoL Compilation)","Rare Cards Sparkle","StSLib"],"gold_per_floor":[118,138,153,170,190,219,231,231,231,306,329,374,391,409,409,510,510,530,455,471,471,471,471],"floor_reached":22,"language":"ENG","playtime":888,"items_purged":[],"score":282,"play_id":"d0d99e2d-0d1d-42d2-abd0-f5d40411c7d2","local_time":"20210131181127","is_ascension_mode":true,"campfire_choices":[{"floor":8.0,"key":"REST"},{"floor":15.0,"key":"RECALL"}],"circlet_count":0,"master_deck":["Bash","Impervious","Shrug It Off","Cleave","Feed","Shrug It Off","Cleave","Cleave","Spot Weakness","Berserk","Seeing Red","Exhume","Juggernaut","Exhume","Heavy Blade","Ghostly Armor","Sword Boomerang","Rupture","Rupture","Shrug It Off"],"relics":["Burning Blood","Toy Ornithopter","Odd Mushroom","Juzu Bracelet","Pandora\u0027s Box","Enchiridion"],"acts_visited":["Exordium","TheCity"],"potions_floor_usage":[16,16,18],"damage_taken":[{"damage":4.0,"enemies":"Jaw Worm","floor":1.0,"turns":5.0},{"damage":2.0,"enemies":"2 Louse","floor":2.0,"turns":4.0},{"damage":7.0,"enemies":"Small Slimes","floor":3.0,"turns":3.0},{"damage":12.0,"enemies":"3 Louse","floor":4.0,"turns":4.0},{"damage":26.0,"enemies":"Gremlin Gang","floor":5.0,"turns":6.0},{"damage":52.0,"enemies":"Lagavulin","floor":6.0,"turns":9.0},{"damage":3.0,"enemies":"Looter","floor":7.0,"turns":4.0},{"damage":11.0,"enemies":"The Mushroom Lair","floor":11.0,"turns":4.0},{"damage":0.0,"enemies":"Large Slime","floor":13.0,"turns":5.0},{"damage":0.0,"enemies":"2 Fungi Beasts","floor":14.0,"turns":2.0},{"damage":51,"enemies":"Hexaghost","floor":16,"turns":13},{"damage":36,"enemies":"2 Thieves","floor":18,"turns":4},{"damage":48,"enemies":"Chosen","floor":20,"turns":7},{"damage":2,"enemies":"Shelled Parasite and Fungi","floor":22,"turns":1}],"seed_played":"-3443759658410867597","potions_obtained":[{"floor":4.0,"key":"LiquidMemories"},{"floor":6.0,"key":"DistilledChaos"},{"floor":7.0,"key":"Dexterity Potion"},{"floor":11.0,"key":"LiquidBronze"},{"floor":16,"key":"SteroidPotion"},{"floor":20,"key":"HeartOfIron"}],"is_trial":false,"path_per_floor":["M","M","M","M","M","E","M","R","T","?","?","T","M","M","R","B",null,"M","?","M","?","M"],"character_chosen":"IRONCLAD","items_purchased":[],"campfire_rested":1,"item_purchase_floors":[],"current_hp_per_floor":[74,78,77,74,57,14,25,52,52,41,39,39,48,57,57,22,81,59,59,17,1,0,0],"gold":471,"neow_bonus":"ONE_RANDOM_RARE_CARD","is_daily":false,"chose_seed":false,"campfire_upgraded":0,"win_rate":0.0,"timestamp":1612138287,"path_taken":["M","M","M","M","M","E","M","R","T","?","?","?","M","M","R","BOSS","M","?","M","?","M"],"items_purchased_type":[],"build_version":"2020-12-22","purchased_purges":0,"victory":false,"max_hp_per_floor":[80,80,80,83,86,89,92,92,92,92,95,95,98,101,101,101,101,104,104,104,104,104,104],"card_choices":[{"not_picked":["Perfected Strike","Warcry"],"picked":"Shrug It Off","floor":1.0},{"not_picked":["Pommel Strike","Warcry"],"picked":"Cleave","floor":2.0},{"not_picked":["Body Slam","Heavy Blade"],"picked":"Feed","floor":3.0},{"not_picked":["Flex","Warcry"],"picked":"Shrug It Off","floor":4.0},{"not_picked":["Anger","Sentinel"],"picked":"Cleave","floor":5.0},{"not_picked":["Dropkick","Clothesline"],"picked":"Cleave","floor":6.0},{"not_picked":["Flex","Warcry","Havoc"],"picked":"SKIP","floor":7.0},{"not_picked":["Second Wind","True Grit"],"picked":"Spot Weakness","floor":11.0},{"not_picked":["Perfected Strike","Hemokinesis","Thunderclap"],"picked":"SKIP","floor":13.0},{"not_picked":["Second Wind","Cleave","Burning Pact"],"picked":"SKIP","floor":14.0},{"not_picked":["Double Tap","Impervious"],"picked":"Berserk","floor":16},{"not_picked":["Feel No Pain","Burning Pact+1"],"picked":"Rupture","floor":18},{"not_picked":["Entrench","Dropkick"],"picked":"Shrug It Off","floor":20}],"player_experience":143073,"relics_obtained":[{"floor":6.0,"key":"Toy Ornithopter"},{"floor":11.0,"key":"Odd Mushroom"},{"floor":12.0,"key":"Juzu Bracelet"},{"floor":21,"key":"Enchiridion"}],"event_choices":[{"damage_healed":0.0,"max_hp_gain":0.0,"max_hp_loss":0.0,"gold_gain":75.0,"event_name":"World of Goop","player_choice":"Gather Gold","floor":10.0,"gold_loss":0.0,"damage_taken":11.0},{"damage_healed":0.0,"max_hp_gain":0.0,"max_hp_loss":0.0,"gold_gain":0.0,"event_name":"Mushrooms","player_choice":"Fought Mushrooms","floor":11.0,"gold_loss":0.0,"damage_taken":0.0},{"cards_removed":["Second Wind"],"damage_healed":0,"gold_gain":0,"player_choice":"Gave Gold","damage_taken":0,"max_hp_gain":0,"max_hp_loss":0,"event_name":"Beggar","floor":19,"gold_loss":75},{"damage_healed":0,"gold_gain":0,"player_choice":"Obtained Book","damage_taken":16,"max_hp_gain":0,"max_hp_loss":0,"event_name":"Cursed Tome","floor":21,"gold_loss":0}],"is_beta":false,"boss_relics":[{"not_picked":["Velvet Choker","Philosopher\u0027s Stone"],"picked":"Pandora\u0027s Box"}],"items_purged_floors":[],"is_endless":false,"potions_floor_spawned":[4,6,7,11,16,20],"killed_by":"Shelled Parasite and Fungi","ascension_level":7}}