{"host":"f76wcztdlwlduum6","time":1612142425,"event":{"mods":["AchievementEnabler","BaseMod","BetterRewards","Colored Powertips","Downfall","Minty Spire (QoL Compilation)","Quick Restart","Rare Cards Sparkle","Relic Stats","StSLib","SuperFastMode","everything is the same but u backflip on backflip"],"gold_per_floor":[99,117,127,142,154,188,241,252,702,14,14,639,649,77,88,190,190,90,105,80,96,196,196,221,235,235,235,268,282,314,326,356,465,477,489,501,513,543,571,599,660,691,42,56,56,72,98,98,113,113],"floor_reached":51,"language":"ENG","playtime":2729,"items_purged":["downfall:Icky","Guardian:Gem_White","Guardian:EvasiveProtocol"],"score":1208,"play_id":"78fd785c-08dc-4162-b63d-d45e62749fb8","local_time":"20210131192025","is_ascension_mode":true,"campfire_choices":[{"data":"Guardian:PrismaticBeam","floor":1.0,"key":"SMITH"},{"data":"Guardian:PrismaticBeam","floor":11.0,"key":"SMITH"},{"data":"Guardian:CrystalBeam","floor":18,"key":"SMITH"},{"data":"Guardian:Orbwalk","floor":23,"key":"SMITH"},{"data":"Guardian:BaubleBeam","floor":35,"key":"SMITH"},{"data":"Guardian:Orbwalk","floor":45,"key":"SMITH"}],"circlet_count":0,"master_deck":["Guardian:TwinSlam+1","Guardian:PrismaticBarrier+1","Guardian:PrismaticBarrier+1","Guardian:PrismaticBarrier+1","Guardian:PrismaticBeam+1","Guardian:PrismaticBeam","Guardian:PrismaticBeam+1","Guardian:PrismaticBeam+1","Guardian:Orbwalk+1","Guardian:CrystalBeam","Guardian:FuturePlans","Sadistic Nature","Guardian:CrystalBeam+1","Necronomicurse","Guardian:ExploitGems+1","Guardian:ExploitGems+1","Guardian:Orbwalk+1","Guardian:CrystalBeam","Guardian:BaubleBeam+1","Guardian:ChargeCore+1","Panache+1","Guardian:Orbwalk+1","Guardian:TimeSifter+1"],"relics":["Black Star","Letter Opener","Potion Belt","Oddly Smooth Stone","The Courier","Anchor","ClockworkSouvenir","Torii","sneckomod:BlankCard","Nunchaku","Mummified Hand","MutagenicStrength","Juzu Bracelet","Art of War","Necronomicon","SlaversCollar","downfall:HeartBlessingGreen","Whetstone","Calipers","DollysMirror","Toy Ornithopter","Akabeko","Blood Vial","MawBank","Frozen Egg 2","Philosopher\u0027s Stone","CeramicFish","hexamod:BolsterEngine","Guardian:StasisUpgradeRelic","Slimebound:StickyStick","Dream Catcher","Bronze Scales"],"acts_visited":["Exordium","TheCity","TheBeyond"],"potions_floor_usage":[14],"damage_taken":[{"damage":0.0,"enemies":"Cultist","floor":2.0,"turns":2.0},{"damage":0.0,"enemies":"Jaw Worm","floor":3.0,"turns":3.0},{"damage":0.0,"enemies":"Small Slimes","floor":4.0,"turns":3.0},{"damage":3.0,"enemies":"Gremlin Gang","floor":5.0,"turns":5.0},{"damage":27.0,"enemies":"Lagavulin","floor":6.0,"turns":8.0},{"damage":0.0,"enemies":"Blue Slaver","floor":8.0,"turns":3.0},{"damage":0.0,"enemies":"downfall:FleeingMerchant","floor":10.0,"turns":4.0},{"damage":0.0,"enemies":"Gremlin Nob","floor":12.0,"turns":3.0},{"damage":0,"enemies":"Large Slime","floor":13,"turns":2},{"damage":0,"enemies":"downfall:FleeingMerchant","floor":14,"turns":4},{"damage":0,"enemies":"3 Louse","floor":15,"turns":1},{"damage":0,"enemies":"SI_SHIV_ARCHETYPE","floor":16,"turns":1},{"damage":0,"enemies":"Shell Parasite","floor":19,"turns":1},{"damage":0,"enemies":"downfall:FleeingMerchant","floor":20,"turns":1},{"damage":0,"enemies":"3 Byrds","floor":21,"turns":2},{"damage":0,"enemies":"downfall:LadyInBlue","floor":22,"turns":3},{"damage":0,"enemies":"Centurion and Healer","floor":25,"turns":2},{"damage":0,"enemies":"Slavers","floor":28,"turns":2},{"damage":0,"enemies":"Chosen and Byrds","floor":29,"turns":1},{"damage":0,"enemies":"Book of Stabbing","floor":30,"turns":1},{"damage":0,"enemies":"Cultist and Chosen","floor":32,"turns":1},{"damage":0,"enemies":"DF_ARCHETYPE_CLAW","floor":33,"turns":2},{"damage":0,"enemies":"Orb Walker","floor":38,"turns":1},{"damage":0,"enemies":"3 Shapes","floor":39,"turns":1},{"damage":17,"enemies":"Sphere and 2 Shapes","floor":40,"turns":2},{"damage":0,"enemies":"Maw","floor":42,"turns":2},{"damage":0,"enemies":"Jaw Worm Horde","floor":44,"turns":2},{"damage":0,"enemies":"Transient","floor":46,"turns":4},{"damage":0,"enemies":"Reptomancer","floor":47,"turns":1},{"damage":0,"enemies":"Spire Growth","floor":49,"turns":1},{"damage":0,"enemies":"WA_ARCHETYPE_DIVINITY","floor":50,"turns":3}],"seed_played":"617016839848215202","potions_obtained":[{"floor":5.0,"key":"Swift Potion"},{"floor":6.0,"key":"ColorlessPotion"},{"floor":13,"key":"Weak Potion"},{"floor":15,"key":"Guardian:DefensiveModePotion"},{"floor":16,"key":"FearPotion"},{"floor":21,"key":"hexamod:SoulburnPotion"},{"floor":42,"key":"Regen Potion"}],"is_trial":false,"path_per_floor":["R","M","M","M","M","E","T","M","?","$","R","E","M","$","M","B",null,"R","M","$","M","?","R","T","M","?","?","E","M","E","?","M","B",null,"R","?","$","M","M","M","T","M","$","M","R","M","E","?","M","B",null],"character_chosen":"GUARDIAN","items_purchased":["Anchor","ClockworkSouvenir","Torii","sneckomod:BlankCard","Sadistic Nature","Juzu Bracelet","Art of War","Calipers","DollysMirror","Panache+1","hexamod:BolsterEngine","Guardian:StasisUpgradeRelic","Guardian:Orbwalk+1","Guardian:TimeSifter+1","Slimebound:StickyStick"],"campfire_rested":0,"item_purchase_floors":[10,10,10,10,14,14,14,20,20,43,43,43,43,43,43],"current_hp_per_floor":[80,80,80,80,77,50,50,50,50,50,50,50,50,50,50,50,80,80,80,80,80,80,80,80,80,80,80,80,80,80,80,80,80,80,80,80,80,80,80,63,63,65,65,67,67,69,71,61,63,65],"gold":113,"neow_bonus":"BOSS_RELIC","is_daily":false,"chose_seed":false,"campfire_upgraded":6,"win_rate":0.0,"timestamp":1612142425,"path_taken":["R","M","M","?","?","E","T","M","?","$","R","E","M","$","M","BOSS","R","M","$","M","?","R","T","M","?","?","E","M","E","?","M","BOSS","R","?","$","M","M","M","T","M","?","M","R","M","E","?","M","BOSS"],"items_purchased_type":["Relic","Relic","Relic","Relic","Card","Relic","Relic","Relic","Relic","Card","Relic","Relic","Card","Card","Relic"],"build_version":"2020-12-22","purchased_purges":3,"victory":true,"max_hp_per_floor":[80,80,80,80,80,80,80,80,80,80,80,80,80,80,80,80,80,80,80,80,80,80,80,80,80,80,80,80,80,80,80,80,80,80,80,80,80,80,80,80,80,80,80,80,80,80,80,80,80,80],"relic_stats":{"Torii":0,"counters":[31,72],"CeramicFish":27,"Juzu Bracelet":1,"Letter Opener":[149],"Whetstone":["Guardian:TwinSlam","Guardian:PrismaticBeam"],"MawBank":156,"Blood Vial":12,"Nunchaku":[12],"Dream Catcher":0,"Mummified Hand":[61],"Bronze Scales":[0],"Black Star":5,"Art of War":[0],"Necronomicon":[22],"obtain_stats":[{"Calipers":20,"Torii":10,"sneckomod:BlankCard":10,"CeramicFish":41,"downfall:HeartBlessingGreen":18,"Juzu Bracelet":14,"Whetstone":18,"ClockworkSouvenir":10,"Blood Vial":28,"Nunchaku":12,"Dream Catcher":47,"Mummified Hand":12,"DollysMirror":20,"Slimebound:StickyStick":43,"Philosopher\u0027s Stone":34,"Necronomicon":15,"Potion Belt":6,"Guardian:ModeShifter":0,"Oddly Smooth Stone":7,"The Courier":9,"Letter Opener":6,"War Paint":18,"Frozen Egg 2":30,"MawBank":30,"Akabeko":28,"SlaversCollar":17,"Guardian:StasisUpgradeRelic":43,"Anchor":10,"MutagenicStrength":14,"Bronze Scales":47,"Black Star":0,"Art of War":14,"hexamod:BolsterEngine":43,"Toy Ornithopter":22},{"Calipers":14,"Torii":7,"sneckomod:BlankCard":7,"CeramicFish":25,"downfall:HeartBlessingGreen":12,"Juzu Bracelet":10,"Whetstone":12,"ClockworkSouvenir":7,"Blood Vial":18,"Nunchaku":8,"Dream Catcher":29,"Mummified Hand":8,"DollysMirror":14,"Slimebound:StickyStick":26,"Philosopher\u0027s Stone":22,"Necronomicon":11,"Potion Belt":5,"Guardian:ModeShifter":0,"Oddly Smooth Stone":5,"The Courier":6,"Letter Opener":5,"War Paint":12,"Frozen Egg 2":20,"MawBank":20,"Akabeko":18,"SlaversCollar":12,"Guardian:StasisUpgradeRelic":26,"Anchor":7,"MutagenicStrength":10,"Bronze Scales":29,"Black Star":0,"Art of War":10,"hexamod:BolsterEngine":26,"Toy Ornithopter":16},{"Calipers":41,"Torii":28,"sneckomod:BlankCard":28,"CeramicFish":59,"downfall:HeartBlessingGreen":39,"Juzu Bracelet":37,"Whetstone":39,"ClockworkSouvenir":28,"Blood Vial":50,"Nunchaku":31,"Dream Catcher":68,"Mummified Hand":31,"DollysMirror":41,"Slimebound:StickyStick":61,"Philosopher\u0027s Stone":55,"Necronomicon":38,"Potion Belt":21,"Guardian:ModeShifter":0,"Oddly Smooth Stone":21,"The Courier":24,"Letter Opener":21,"War Paint":39,"Frozen Egg 2":52,"MawBank":52,"Akabeko":50,"SlaversCollar":39,"Guardian:StasisUpgradeRelic":61,"Anchor":28,"MutagenicStrength":37,"Bronze Scales":68,"Black Star":0,"Art of War":37,"hexamod:BolsterEngine":61,"Toy Ornithopter":46}],"Toy Ornithopter":0},"card_choices":[{"not_picked":["Guardian:Recover","Guardian:VentSteam"],"picked":"Guardian:PrismaticBeam","floor":2.0},{"not_picked":["Guardian:FloatingOrbs","Guardian:BodySlam"],"picked":"Guardian:Orbwalk","floor":3.0},{"not_picked":["Guardian:TemporalStrike","Guardian:Gem_Lightblue"],"picked":"Guardian:Clone","floor":4.0},{"not_picked":["Guardian:PrimingBeam","Guardian:VentSteam","Guardian:ChargeCore"],"picked":"SKIP","floor":5.0},{"not_picked":["Guardian:SpikerProtocol","Guardian:RollAttack","Guardian:Planning"],"picked":"SKIP","floor":6.0},{"not_picked":["Guardian:SpikerProtocol","Guardian:PrimingBeam","Guardian:BodySlam"],"picked":"SKIP","floor":8.0},{"not_picked":["Guardian:Gem_Fragmented","Guardian:VentSteam"],"picked":"Guardian:EvasiveProtocol","floor":10.0},{"not_picked":["Guardian:FuturePlans","Guardian:GatlingBeam"],"picked":"Guardian:CrystalBeam","floor":12},{"not_picked":["Guardian:TemporalStrike","Guardian:Gem_Red"],"picked":"Guardian:FuturePlans","floor":13},{"not_picked":["Guardian:PrimingBeam","Guardian:Gem_Green","Guardian:Reroute"],"picked":"SKIP","floor":14},{"not_picked":["Guardian:Incinerate","Guardian:Gem_Green"],"picked":"Guardian:CrystalBeam","floor":15},{"not_picked":["Guardian:StasisField","Guardian:StasisStrike"],"picked":"Guardian:ExploitGems","floor":16},{"not_picked":["Guardian:RollAttack+1","Guardian:Emergency+1","Guardian:Gem_Fragmented"],"picked":"SKIP","floor":19},{"not_picked":["Guardian:ShieldSpikes","Guardian:PrimingBeam","Guardian:PrismaticBeam"],"picked":"SKIP","floor":20},{"not_picked":["Guardian:RollAttack","Guardian:Gem_Cyan"],"picked":"Guardian:Orbwalk","floor":21},{"not_picked":["Guardian:Gem_Lightblue","Guardian:PrimingBeam","Guardian:Harden"],"picked":"SKIP","floor":25},{"not_picked":["Guardian:MultiBeam","Guardian:PrismaticBarrier","Guardian:WalkerClaw+1"],"picked":"SKIP","floor":28},{"not_picked":["Guardian:TemporalShield","Guardian:PrimingBeam","Guardian:StasisField"],"picked":"SKIP","floor":29},{"not_picked":["Guardian:Suspension+1","Guardian:TimeBomb+1"],"picked":"Guardian:CrystalBeam","floor":30},{"not_picked":["Guardian:TimeBomb","Guardian:Recover","Guardian:Gem_Lightblue"],"picked":"SKIP","floor":32},{"not_picked":["Guardian:CompilePackage","Guardian:Gem_Synthetic"],"picked":"Guardian:BaubleBeam","floor":33},{"not_picked":["Guardian:WalkerClaw+1","Guardian:Reroute+1"],"picked":"Guardian:ChargeCore+1","floor":38},{"not_picked":["Guardian:PiercingHide+1","Guardian:Gem_Red","Guardian:Gem_Fragmented"],"picked":"SKIP","floor":39},{"not_picked":["Guardian:RollAttack","Guardian:Recover+1","Guardian:MultiBeam"],"picked":"SKIP","floor":40},{"not_picked":["Guardian:Gem_Lightblue","Guardian:WalkerClaw+1","Guardian:BronzeArmor"],"picked":"SKIP","floor":42},{"not_picked":["Guardian:ExploitGems","Guardian:MultiBeam+1","Guardian:Gem_Green"],"picked":"SKIP","floor":44},{"not_picked":["Guardian:Preprogram","Guardian:PrismaticBeam+1","Guardian:PrimingBeam"],"picked":"SKIP","floor":46},{"not_picked":["Guardian:Suspension","Guardian:ConstructionForm+1","Guardian:VentSteam+1"],"picked":"SKIP","floor":47},{"not_picked":["Guardian:BronzeOrb","Guardian:TemporalShield","Guardian:PrimingBeam+1"],"picked":"SKIP","floor":49}],"player_experience":249315,"relics_obtained":[{"floor":6.0,"key":"Letter Opener"},{"floor":6.0,"key":"Potion Belt"},{"floor":7.0,"key":"Oddly Smooth Stone"},{"floor":12,"key":"Nunchaku"},{"floor":12,"key":"Mummified Hand"},{"floor":22,"key":"Toy Ornithopter"},{"floor":28,"key":"Akabeko"},{"floor":28,"key":"Blood Vial"},{"floor":30,"key":"MawBank"},{"floor":30,"key":"Frozen Egg 2"},{"floor":41,"key":"CeramicFish"},{"floor":47,"key":"Dream Catcher"},{"floor":47,"key":"Bronze Scales"}],"event_choices":[{"damage_healed":0,"gold_gain":0,"player_choice":"Ignored","damage_taken":0,"max_hp_gain":0,"max_hp_loss":0,"event_name":"Ghosts","floor":31,"gold_loss":0}],"is_beta":false,"boss_relics":[{"not_picked":["Busted Crown","Snecko Eye"],"picked":"SlaversCollar"},{"not_picked":["Runic Pyramid","SacredBark"],"picked":"Philosopher\u0027s Stone"}],"items_purged_floors":[10,14,14],"is_endless":false,"potions_floor_spawned":[5,6,13,15,16,21,25,29,33,38,40,42,44],"ascension_level":1}}