{"host":"jbj9vjxoxc0v9q6j","time":1612212963,"event":{"mods":["BaseMod","Downfall","Hermit","Minty Spire (QoL Compilation)","Replay The Spire","Shop Mod","StSLib","The Disciple","The Runesmith"],"gold_per_floor":[113,113,188,138,157,157,174,174,174,174,185,33,33,52,52,151,151,166,177,177,177],"floor_reached":20,"language":"ENG","playtime":3021,"items_purged":[],"score":164,"play_id":"fc1f34bb-502b-4443-8c13-4454ed580eee","local_time":"20210201155603","is_ascension_mode":false,"campfire_choices":[{"data":"hermit:Magnum","floor":6,"key":"SMITH"},{"data":"hermit:ShadowCloak","floor":8,"key":"SMITH"},{"data":"hermit:CalledShot","floor":10,"key":"SMITH"},{"data":"hermit:TakeAim","floor":13,"key":"SMITH"},{"data":"hermit:Vantage","floor":15,"key":"SMITH"}],"circlet_count":0,"master_deck":["hermit:Strike_Hermit","hermit:Strike_Hermit","hermit:Defend_Hermit","hermit:Defend_Hermit","hermit:Defend_Hermit","hermit:Defend_Hermit","hermit:Snapshot","hermit:Covet","hermit:CalledShot+1","hermit:Magnum+1","hermit:ShadowCloak+1","hermit:TrackingShot","hermit:TakeAim+1","hermit:Vantage+1","hermit:Combo","hermit:Reprieve","hermit:Brawl+1","hermit:Maintenance"],"relics":["hermit:Momento","NeowsBlessing","The Courier","SacredBark"],"acts_visited":["Exordium","TheCity"],"potions_floor_usage":[],"damage_taken":[{"damage":0,"enemies":"Jaw Worm","floor":1,"turns":1},{"damage":0,"enemies":"Small Slimes","floor":5,"turns":1},{"damage":0,"enemies":"Cultist","floor":7,"turns":1},{"damage":7,"enemies":"2 Fungi Beasts","floor":11,"turns":4},{"damage":22,"enemies":"Large Slime","floor":14,"turns":5},{"damage":22,"enemies":"Slime Boss","floor":16,"turns":8},{"damage":25,"enemies":"Shell Parasite","floor":18,"turns":8},{"damage":21,"enemies":"Chosen","floor":19,"turns":6},{"damage":36,"enemies":"Shelled Parasite and Fungi","floor":20,"turns":3}],"seed_played":"-865345142880685687","potions_obtained":[{"floor":5,"key":"Block Potion"},{"floor":14,"key":"EssenceOfSteel"}],"is_trial":false,"path_per_floor":["M","?","?","?","M","R","M","R","T","R","M","$","R","M","R","B",null,"M","M","M"],"character_chosen":"HERMIT","items_purchased":["hermit:TakeAim","hermit:Vantage","hermit:Combo"],"campfire_rested":0,"item_purchase_floors":[12,12,12],"current_hp_per_floor":[75,68,57,57,57,57,57,57,57,57,50,50,50,28,28,6,75,50,33,0,0],"gold":177,"neow_bonus":"THREE_ENEMY_KILL","is_daily":false,"chose_seed":false,"campfire_upgraded":5,"win_rate":0.0,"timestamp":1612212963,"path_taken":["M","?","?","?","M","R","M","R","T","R","M","$","R","?","R","BOSS","M","?","M"],"items_purchased_type":["Card","Card","Card"],"build_version":"2020-12-22","purchased_purges":0,"victory":false,"max_hp_per_floor":[75,75,75,75,75,75,75,75,75,75,75,75,75,75,75,75,75,75,75,75,75],"card_choices":[{"not_picked":["hermit:Quickdraw","hermit:Misfire"],"picked":"hermit:CalledShot","floor":1},{"not_picked":["hermit:Headshot","hermit:Glare"],"picked":"hermit:Magnum","floor":5},{"not_picked":["hermit:Ricochet","hermit:Showdown"],"picked":"hermit:ShadowCloak","floor":7},{"not_picked":["hermit:Headshot","hermit:BodyArmor"],"picked":"hermit:TrackingShot","floor":11},{"not_picked":["hermit:LuckOfTheDraw","hermit:Showdown","hermit:WideOpen"],"picked":"SKIP","floor":14},{"not_picked":["hermit:Roughhouse","hermit:HighNoon"],"picked":"hermit:Reprieve","floor":16},{"not_picked":["hermit:Ricochet","hermit:SprayPray"],"picked":"hermit:Brawl+1","floor":18},{"not_picked":["hermit:FullyLoaded","hermit:Quickdraw"],"picked":"hermit:Maintenance","floor":19}],"player_experience":1989512,"relics_obtained":[{"floor":9,"key":"The Courier"}],"event_choices":[{"cards_removed":["hermit:Strike_Hermit"],"damage_healed":0,"gold_gain":0,"player_choice":"Card Removal","damage_taken":7,"max_hp_gain":0,"max_hp_loss":0,"event_name":"Golden Wing","floor":2,"gold_loss":0},{"damage_healed":0,"gold_gain":75,"player_choice":"Gather Gold","damage_taken":11,"max_hp_gain":0,"max_hp_loss":0,"event_name":"World of Goop","floor":3,"gold_loss":0},{"cards_removed":["hermit:Strike_Hermit"],"damage_healed":0,"gold_gain":0,"player_choice":"Card Removal","damage_taken":0,"max_hp_gain":0,"max_hp_loss":0,"event_name":"The Cleric","floor":4,"gold_loss":50}],"is_beta":false,"boss_relics":[{"not_picked":["Snecko Eye","Runesmith:UraniumAnvil"],"picked":"SacredBark"}],"items_purged_floors":[],"is_endless":false,"potions_floor_spawned":[5,14],"killed_by":"Shelled Parasite and Fungi","ascension_level":0}}