{"host":"rk1e5mmpnpniq13w","time":1612211050,"event":{"mods":["BaseMod","Colored Powertips","Downfall","Hubris","Minty Spire (QoL Compilation)","Replay The Spire","StSLib","The Bug Knight"],"gold_per_floor":[99,112,129,141,157,170,170,188,207,207,221,221,236,336,348,348,348,348],"floor_reached":16,"language":"ENG","playtime":1216,"items_purged":[],"score":100,"play_id":"5a7623ae-d438-45ec-8380-8087370ec937","local_time":"20210201152410","is_ascension_mode":false,"campfire_choices":[{"data":"Slimebound:LevelUp","floor":12,"key":"SMITH"}],"circlet_count":0,"master_deck":["Slimebound:Strike_Slimebound","Slimebound:Strike_Slimebound","Slimebound:Tackle","Slimebound:Defend_Slimebound","Slimebound:Defend_Slimebound","Slimebound:Defend_Slimebound","Slimebound:Defend_Slimebound","Slimebound:Split","Slimebound:CorrosiveSpit","Slimebound:SplitAcid","Slimebound:LivingWall","Slimebound:LevelUp+1","Slimebound:Gluttony","Slimebound:LeechingTouch","Slimebound:ComboTackle","Slimebound:LeechLife","Slimebound:RollThrough"],"relics":["Slimebound:AbsorbEndCombat","Shuriken"],"acts_visited":["Exordium"],"potions_floor_usage":[15,15,16,16],"damage_taken":[{"damage":0,"enemies":"Cultist","floor":2,"turns":4},{"damage":0,"enemies":"2 Louse","floor":3,"turns":2},{"damage":4,"enemies":"Jaw Worm","floor":4,"turns":4},{"damage":7,"enemies":"2 Fungi Beasts","floor":5,"turns":4},{"damage":0,"enemies":"3 Louse","floor":6,"turns":3},{"damage":12,"enemies":"Large Slime","floor":8,"turns":6},{"damage":10,"enemies":"Blue Slaver","floor":9,"turns":5},{"damage":15,"enemies":"Exordium Thugs","floor":11,"turns":6},{"damage":19,"enemies":"HollowMod:HuskWarrior","floor":13,"turns":7},{"damage":0,"enemies":"Gremlin Gang","floor":15,"turns":4},{"damage":81,"enemies":"WA_ARCHETYPE_RETAIN","floor":16,"turns":7}],"seed_played":"-2319874076554048691","potions_obtained":[{"floor":3,"key":"Swift Potion"},{"floor":8,"key":"hexamod:SoulburnPotion"},{"floor":9,"key":"SteroidPotion"},{"floor":11,"key":"SneckoOil"},{"floor":15,"key":"DuplicationPotion"}],"is_trial":false,"path_per_floor":["R","M","M","M","M","M","T","M","M","?","M","R","M","?","M","B"],"character_chosen":"SLIMEBOUND","items_purchased":[],"campfire_rested":0,"item_purchase_floors":[],"current_hp_per_floor":[71,71,71,71,68,68,68,62,58,58,47,47,50,50,54,0,0,0],"gold":348,"neow_bonus":"TEN_PERCENT_HP_BONUS","is_daily":false,"chose_seed":false,"campfire_upgraded":1,"win_rate":0.0,"timestamp":1612211050,"path_taken":["R","M","M","M","M","M","T","M","?","?","M","R","M","?","M","BOSS"],"items_purchased_type":[],"build_version":"2020-12-22","purchased_purges":0,"victory":false,"max_hp_per_floor":[71,71,71,71,71,71,71,71,71,71,71,71,71,71,71,71,71,71],"card_choices":[{"not_picked":["Slimebound:SamplingLick","Slimebound:Chomp"],"picked":"Slimebound:SplitAcid","floor":2},{"not_picked":["Slimebound:SlimeSpikes","Slimebound:ItLooksTasty"],"picked":"Slimebound:LivingWall","floor":3},{"not_picked":["Slimebound:FirmFortitude","Slimebound:ForwardTackle"],"picked":"Slimebound:LevelUp","floor":4},{"not_picked":["Slimebound:Equalize","Slimebound:SamplingLick","Slimebound:Chomp"],"picked":"SKIP","floor":5},{"not_picked":["Slimebound:LeechEnergy","Slimebound:Schlurp"],"picked":"Slimebound:Gluttony","floor":6},{"not_picked":["Slimebound:RollThrough","Slimebound:Equalize"],"picked":"Slimebound:LeechingTouch","floor":8},{"not_picked":["Slimebound:GoopSpray","Slimebound:SplitAcid"],"picked":"Slimebound:ComboTackle","floor":9},{"not_picked":["Slimebound:SlimeSpikes","Slimebound:Dissolve"],"picked":"Slimebound:LeechLife","floor":11},{"not_picked":["Slimebound:LeechingTouch","Slimebound:DisruptingSlam","Slimebound:ComboTackle"],"picked":"SKIP","floor":13},{"not_picked":["Slimebound:ComboTackle","Slimebound:FinishingTackle"],"picked":"Slimebound:RollThrough","floor":15}],"player_experience":422785,"relics_obtained":[{"floor":7,"key":"Shuriken"}],"event_choices":[],"is_beta":false,"boss_relics":[],"items_purged_floors":[],"is_endless":false,"potions_floor_spawned":[3,8,9,11,15],"killed_by":"WA_ARCHETYPE_RETAIN","ascension_level":0}}