{"host":"xltl1aroowo69o4n","time":1612161226,"event":{"mods":["BaseMod","Colored Map","Colored Powertips","Minty Spire (QoL Compilation)","StSLib"],"gold_per_floor":[14,14,14,37,62,62,82,158,158,5,23,23,23,23,23,151,151,164,187,36,57,57,76,99,112,112,112,112,112,135,154,154,273,273,294,15,39,60,20,20,20,20,20,20,33,33,33,52,52,52,52],"floor_reached":50,"language":"ENG","playtime":1671,"items_purged":["Shame"],"score":486,"play_id":"a52db56a-09f3-4af8-b6b5-7372afc89f1b","local_time":"20210201013346","is_ascension_mode":false,"campfire_choices":[{"floor":6,"key":"REST"},{"floor":12,"key":"REST"},{"data":"Static Discharge","floor":15,"key":"SMITH"},{"floor":27,"key":"REST"},{"floor":29,"key":"REST"},{"floor":32,"key":"REST"},{"floor":40,"key":"REST"},{"floor":42,"key":"REST"},{"floor":47,"key":"REST"},{"floor":49,"key":"REST"}],"circlet_count":0,"master_deck":["Strike_B","Strike_B","Strike_B","Strike_B","Defend_B","Defend_B","Defend_B","Defend_B","Zap+1","Dualcast","Electrodynamics","Cold Snap","Steam","Static Discharge+1","Chill","Go for the Eyes+1","Conserve Battery","Reboot","Sweeping Beam+1","Cold Snap+1","Streamline+1","Undo","Self Repair","Ball Lightning+1","Go for the Eyes+1","Redo+1","Loop+1","Conserve Battery","Streamline+1","Rainbow","Steam","Redo+1","Parasite","Loop+1","Sunder+1","Madness","Madness","Melter+1","Apotheosis","Panache","Ball Lightning+1"],"relics":["Cracked Core","Golden Idol","Molten Egg 2","Bottled Tornado","Juzu Bracelet","Inserter","Pen Nib","Matryoshka","Fusion Hammer","Strawberry","Potion Belt","Pear"],"acts_visited":["Exordium","TheCity","TheBeyond"],"potions_floor_usage":[16,23,25,25,31,33,45,48,50],"damage_taken":[{"damage":11,"enemies":"Jaw Worm","floor":1,"turns":3},{"damage":4,"enemies":"Small Slimes","floor":4,"turns":3},{"damage":1,"enemies":"2 Louse","floor":5,"turns":2},{"damage":3,"enemies":"Blue Slaver","floor":7,"turns":3},{"damage":28,"enemies":"Gremlin Nob","floor":8,"turns":4},{"damage":0,"enemies":"Large Slime","floor":11,"turns":4},{"damage":23,"enemies":"The Guardian","floor":16,"turns":10},{"damage":5,"enemies":"2 Thieves","floor":18,"turns":2},{"damage":8,"enemies":"Shell Parasite","floor":19,"turns":4},{"damage":26,"enemies":"Sentry and Sphere","floor":21,"turns":4},{"damage":25,"enemies":"Shelled Parasite and Fungi","floor":23,"turns":3},{"damage":18,"enemies":"Snecko","floor":24,"turns":5},{"damage":3,"enemies":"3 Cultists","floor":25,"turns":2},{"damage":24,"enemies":"Snake Plant","floor":30,"turns":2},{"damage":19,"enemies":"Snecko","floor":31,"turns":5},{"damage":48,"enemies":"Champ","floor":33,"turns":10},{"damage":13,"enemies":"3 Shapes","floor":35,"turns":3},{"damage":9,"enemies":"Orb Walker","floor":37,"turns":3},{"damage":19,"enemies":"Writhing Mass","floor":38,"turns":5},{"damage":18,"enemies":"4 Shapes","floor":45,"turns":4},{"damage":26,"enemies":"Maw","floor":48,"turns":7},{"damage":99,"enemies":"Time Eater","floor":50,"turns":6}],"seed_played":"5195716041849613531","potions_obtained":[{"floor":4,"key":"Explosive Potion"},{"floor":8,"key":"BlessingOfTheForge"},{"floor":16,"key":"SpeedPotion"},{"floor":18,"key":"PowerPotion"},{"floor":21,"key":"Fire Potion"},{"floor":24,"key":"AttackPotion"},{"floor":25,"key":"CultistPotion"},{"floor":31,"key":"SmokeBomb"},{"floor":35,"key":"LiquidMemories"},{"floor":45,"key":"Explosive Potion"}],"is_trial":false,"path_per_floor":["M","?","?","M","M","R","M","?","T","$","M","R","?","?","R","B",null,"M","M","$","M","?","M","M","M","T","R","?","R","M","M","R","B",null,"M","$","M","M","$","R","?","R","T","?","M","?","R","M","R","B"],"character_chosen":"DEFECT","items_purchased":["Juzu Bracelet","Streamline+1","Undo","Self Repair","Strawberry","Block Potion","Sunder+1"],"campfire_rested":9,"item_purchase_floors":[10,20,20,20,36,36,39],"current_hp_per_floor":[64,46,46,42,41,63,60,32,32,32,32,54,59,59,59,36,80,75,67,67,48,48,30,19,16,16,40,40,64,47,35,59,18,80,74,81,72,60,60,86,86,87,97,85,74,69,97,81,97,0,0],"gold":52,"neow_bonus":"THREE_RARE_CARDS","is_daily":false,"chose_seed":false,"campfire_upgraded":1,"win_rate":0.0,"timestamp":1612161226,"path_taken":["M","?","?","M","M","R","M","?","T","$","M","R","?","?","R","BOSS","M","M","$","M","?","M","M","M","T","R","?","R","M","M","R","BOSS","M","$","M","M","$","R","?","R","T","?","M","?","R","M","R","BOSS"],"items_purchased_type":["Relic","Card","Card","Card","Relic","Potion","Card"],"build_version":"2020-12-13","purchased_purges":1,"victory":false,"max_hp_per_floor":[75,75,75,75,75,75,75,75,75,75,75,75,80,80,80,80,80,80,80,80,80,80,80,80,80,80,80,80,80,80,80,80,80,80,80,87,87,87,87,87,87,87,97,97,97,97,97,97,97,97,97],"card_choices":[{"not_picked":["Core Surge","Machine Learning"],"picked":"Electrodynamics","floor":0},{"not_picked":["Hello World","Streamline"],"picked":"Cold Snap","floor":1},{"not_picked":["Turbo","Conserve Battery"],"picked":"Steam","floor":4},{"not_picked":["Gash","Turbo"],"picked":"Static Discharge","floor":5},{"not_picked":["Leap","Steam"],"picked":"Chill","floor":7},{"not_picked":["Recycle","Force Field"],"picked":"Go for the Eyes+1","floor":8},{"not_picked":["Amplify","Compile Driver+1"],"picked":"Conserve Battery","floor":11},{"not_picked":["Fission","Hyperbeam+1"],"picked":"Reboot","floor":16},{"not_picked":["Barrage+1","Turbo"],"picked":"Sweeping Beam+1","floor":18},{"not_picked":["Aggregate","Leap"],"picked":"Cold Snap+1","floor":19},{"not_picked":["Consume","Creative AI"],"picked":"Ball Lightning+1","floor":21},{"not_picked":["Storm","Redo+1"],"picked":"Go for the Eyes+1","floor":23},{"not_picked":["Beam Cell+1","Coolheaded"],"picked":"Redo+1","floor":24},{"not_picked":["Rebound+1","Fission"],"picked":"Loop+1","floor":25},{"not_picked":["Rebound+1","Aggregate"],"picked":"Conserve Battery","floor":30},{"not_picked":["Rebound+1","Barrage+1"],"picked":"Streamline+1","floor":31},{"not_picked":["Buffer","Amplify"],"picked":"Rainbow","floor":33},{"not_picked":["Scrape+1","Redo"],"picked":"Steam","floor":35},{"not_picked":["Auto Shields+1","Turbo"],"picked":"Redo+1","floor":37},{"not_picked":["Reinforced Body","Scrape+1"],"picked":"Loop+1","floor":38},{"not_picked":["Redo+1","Turbo"],"picked":"Melter+1","floor":45},{"not_picked":["Enlightenment","Dark Shackles"],"picked":"Apotheosis","floor":46},{"not_picked":["Transmutation","Madness"],"picked":"Panache","floor":46},{"not_picked":["Redo","Coolheaded+1"],"picked":"Ball Lightning+1","floor":48}],"player_experience":63977,"relics_obtained":[{"floor":9,"key":"Bottled Tornado"},{"floor":26,"key":"Matryoshka"},{"floor":43,"key":"Potion Belt"},{"floor":43,"key":"Pear"}],"event_choices":[{"damage_healed":0,"gold_gain":0,"player_choice":"Take Damage","damage_taken":18,"relics_obtained":["Golden Idol"],"max_hp_gain":0,"max_hp_loss":0,"event_name":"Golden Idol","floor":2,"gold_loss":0},{"damage_healed":0,"gold_gain":0,"player_choice":"Grow","damage_taken":0,"max_hp_gain":0,"max_hp_loss":0,"event_name":"Living Wall","floor":3,"gold_loss":0,"cards_upgraded":["Zap"]},{"damage_healed":0,"gold_gain":0,"player_choice":"Searched \u00273\u0027 times","damage_taken":0,"relics_obtained":["Molten Egg 2"],"max_hp_gain":0,"max_hp_loss":0,"event_name":"Dead Adventurer","floor":8,"gold_loss":0},{"damage_healed":0,"gold_gain":0,"player_choice":"Donut","damage_taken":0,"max_hp_gain":5,"max_hp_loss":0,"event_name":"Big Fish","floor":13,"gold_loss":0},{"damage_healed":0,"gold_gain":0,"player_choice":"Ignored","damage_taken":0,"max_hp_gain":0,"max_hp_loss":0,"event_name":"Liars Game","floor":14,"gold_loss":0},{"damage_healed":0,"gold_gain":0,"player_choice":"Stole Relic","damage_taken":0,"relics_obtained":["Pen Nib"],"max_hp_gain":0,"max_hp_loss":0,"event_name":"Addict","floor":22,"gold_loss":0,"cards_obtained":["Shame"]},{"damage_healed":0,"gold_gain":0,"player_choice":"Ignored","damage_taken":0,"max_hp_gain":0,"max_hp_loss":0,"event_name":"Ghosts","floor":28,"gold_loss":0},{"damage_healed":0,"gold_gain":0,"player_choice":"Ignored","damage_taken":0,"max_hp_gain":0,"max_hp_loss":0,"event_name":"Mysterious Sphere","floor":41,"gold_loss":0},{"damage_healed":0,"gold_gain":0,"player_choice":"Embrace Madness","damage_taken":12,"max_hp_gain":0,"max_hp_loss":0,"event_name":"Winding Halls","floor":44,"gold_loss":0,"cards_obtained":["Madness","Madness"]},{"damage_healed":0,"gold_gain":0,"player_choice":"Memory 2","damage_taken":5,"max_hp_gain":0,"max_hp_loss":0,"event_name":"SensoryStone","floor":46,"gold_loss":0}],"is_beta":false,"boss_relics":[{"not_picked":["Philosopher\u0027s Stone","Sozu"],"picked":"Inserter"},{"not_picked":["Cursed Key","Runic Pyramid"],"picked":"Fusion Hammer"}],"items_purged_floors":[36],"is_endless":false,"potions_floor_spawned":[4,8,16,18,21,24,25,31,35,45],"killed_by":"Time Eater","ascension_level":0}}