{"host":"8o45mh5p3pp1o2mi","time":1612139581,"event":{"mods":["BaseMod","Bestiary","Better Match","Better Third Choice","BetterRewards","Dark Map","Downfall","Fox Events","Minty Spire (QoL Compilation)","Rare Cards Sparkle","Relic Stats","Replay The Spire","Shop Mod","Spire Exporter","StSLib","everything is the same but u backflip on backflip"],"gold_per_floor":[0,12,22,33,33,53,79,107,107,126,126,126,144,144,162,266,266,266,279,299,399,419,454,454,354,56,56,70,85,112,128,147,245,245,245,255,305,110,122,133,158,168,68,95,105,134,57,71,81,81],"floor_reached":51,"language":"ENG","playtime":4183,"items_purged":["Regret","bronze:Strike"],"score":869,"play_id":"5cf2d171-4dc2-4a9b-b880-5e773ad45426","local_time":"20210201003301","is_ascension_mode":true,"campfire_choices":[{"floor":1,"key":"DIG"},{"data":"bronze:AlphaBuild","floor":11,"key":"SMITH"},{"floor":18,"key":"DIG"},{"floor":25,"key":"REST"},{"floor":35,"key":"RECALL"},{"data":"expansioncontent:QuickStudy","floor":43,"key":"SMITH"}],"circlet_count":0,"master_deck":["bronze:Strike","bronze:Strike","bronze:Defend","bronze:Defend","bronze:Defend","bronze:Defend","bronze:Replicate","bronze:Goto","bronze:AlphaBuild+1","bronze:Flail","bronze:DelayedGuard","bronze:Repair","bronze:Turbo","bronze:Invalidate","bronze:DarkDash","bronze:HyperBeam","bronze:CutThrough","bronze:Mutator","bronze:Optimize","bronze:OilSpill","bronze:DonuBeam","bronze:FindAndReplace","bronze:BronzeOrb","bronze:Repulsor","bronze:Shell+1","bronze:BugBarrage","expansioncontent:QuickStudy+1","bronze:Overheat","bronze:ThunderWave","bronze:WhirlingStrike","bronze:RecursiveStrike","bronze:Boost+1","bronze:CloningBeam","bronze:MaxOutput+1","bronze:GetLatest+1","bronze:BugBarrage","bronze:HardenedForm","bronze:Turbo+1"],"relics":["bronze:BronzeCore","Juzu Bracelet","Potion Belt","Darkstone Periapt","Bag of Marbles","bronze:MakeshiftBattery","Regal Pillow","Bronze Scales","Replay:Ringing Soul","downfall:HeartBlessingGreen","Replay:Wax Seal","SacredBark","TungstenRod","downfall:HeartBlessingRed","Sundial","Replay:PocketPolymizer","HandDrill","Strawberry"],"acts_visited":["Exordium","TheCity","TheBeyond"],"potions_floor_usage":[6,16,16,16,21,22,30,33,37,42,44,45,47,50,50,50],"damage_taken":[{"damage":7,"enemies":"Small Slimes","floor":2,"turns":3},{"damage":0,"enemies":"Cultist","floor":3,"turns":2},{"damage":6,"enemies":"Jaw Worm","floor":4,"turns":2},{"damage":0,"enemies":"3 Louse","floor":6,"turns":2},{"damage":10,"enemies":"Replay:BlueRogue","floor":8,"turns":6},{"damage":13,"enemies":"Large Slime","floor":10,"turns":6},{"damage":0,"enemies":"2 Fungi Beasts","floor":13,"turns":2},{"damage":9,"enemies":"Gremlin Gang","floor":15,"turns":4},{"damage":54,"enemies":"SI_SHIV_ARCHETYPE","floor":16,"turns":10},{"damage":5,"enemies":"3 Byrds","floor":19,"turns":6},{"damage":12,"enemies":"Cultist and Chosen","floor":20,"turns":4},{"damage":17,"enemies":"Cultist and Chosen","floor":21,"turns":6},{"damage":15,"enemies":"Snake Plant","floor":22,"turns":3},{"damage":9,"enemies":"Book of Stabbing","floor":23,"turns":2},{"damage":3,"enemies":"downfall:FleeingMerchant","floor":26,"turns":4},{"damage":18,"enemies":"Shelled Parasite and Fungi","floor":28,"turns":5},{"damage":9,"enemies":"Cultist and Chosen","floor":29,"turns":4},{"damage":0,"enemies":"Slavers","floor":30,"turns":1},{"damage":5,"enemies":"Centurion and Healer","floor":31,"turns":4},{"damage":9,"enemies":"3 Cultists","floor":32,"turns":3},{"damage":62,"enemies":"IC_MUSHROOM_ARCHETYPE","floor":33,"turns":7},{"damage":0,"enemies":"Orb Walker","floor":36,"turns":1},{"damage":4,"enemies":"Orb Walker","floor":37,"turns":5},{"damage":10,"enemies":"downfall:FleeingMerchant","floor":38,"turns":4},{"damage":9,"enemies":"3 Shapes","floor":39,"turns":2},{"damage":8,"enemies":"3 Darklings","floor":40,"turns":4},{"damage":0,"enemies":"Transient","floor":42,"turns":5},{"damage":93,"enemies":"Giant Head","floor":44,"turns":9},{"damage":7,"enemies":"Jaw Worm Horde","floor":45,"turns":2},{"damage":32,"enemies":"Reptomancer","floor":46,"turns":4},{"damage":0,"enemies":"downfall:FleeingMerchant","floor":47,"turns":1},{"damage":0,"enemies":"Spire Growth","floor":48,"turns":3},{"damage":15,"enemies":"Writhing Mass","floor":49,"turns":4},{"damage":59,"enemies":"WA_ARCHETYPE_DIVINITY","floor":50,"turns":8}],"seed_played":"6675053149522862663","potions_obtained":[{"floor":3,"key":"hexamod:SoulburnPotion"},{"floor":4,"key":"Block Potion"},{"floor":6,"key":"SkillPotion"},{"floor":13,"key":"DistilledChaos"},{"floor":16,"key":"Swift Potion"},{"floor":20,"key":"bronze:FreeFunctionsPotion"},{"floor":21,"key":"Weak Potion"},{"floor":29,"key":"sneckomod:MuddlingPotion"},{"floor":31,"key":"SkillPotion"},{"floor":32,"key":"Explosive Potion"},{"floor":33,"key":"PowerPotion"},{"floor":37,"key":"sneckomod:MuddlingPotion"},{"floor":40,"key":"bronze:FreeFunctionsPotion"},{"floor":42,"key":"BlessingOfTheForge"},{"floor":45,"key":"SteroidPotion"},{"floor":48,"key":"EssenceOfSteel"}],"is_trial":false,"path_per_floor":["R","M","M","M","?","M","T","E","?","M","R","?","M","?","M","B",null,"R","M","M","?","M","E","T","R","$","?","M","M","E","M","M","B",null,"R","M","?","$","M","M","T","M","R","E","M","E","$","M","M","B",null],"character_chosen":"THE_AUTOMATON","items_purchased":["bronze:BugBarrage","expansioncontent:QuickStudy","bronze:CloningBeam","HandDrill","Strawberry","FairyPotion"],"campfire_rested":1,"item_purchase_floors":[26,26,38,47,47,47],"current_hp_per_floor":[70,63,63,57,57,57,57,54,54,48,48,48,55,61,59,12,76,76,71,69,59,44,35,35,72,76,76,71,75,75,70,71,22,91,91,91,91,91,82,74,74,84,84,4,33,4,11,11,70,11],"gold":81,"neow_bonus":"THREE_RARE_CARDS","is_daily":false,"chose_seed":false,"campfire_upgraded":2,"win_rate":0.0,"timestamp":1612139581,"path_taken":["R","M","M","M","?","M","T","E","?","M","R","?","M","?","M","BOSS","R","M","M","?","M","E","T","R","$","?","M","M","E","M","M","BOSS","R","M","?","$","M","M","T","M","R","E","M","E","$","M","M","BOSS"],"items_purchased_type":["Card","Card","Card","Relic","Relic","Potion"],"build_version":"2020-12-22","purchased_purges":2,"victory":true,"max_hp_per_floor":[70,70,70,70,70,70,70,70,70,70,70,70,70,76,76,76,76,76,76,76,76,76,76,76,76,79,79,82,85,85,85,88,91,91,91,91,91,94,94,94,94,97,97,100,103,106,113,113,116,116],"relic_stats":{"Darkstone Periapt":6,"Regal Pillow":15,"counters":[34,138],"Sundial":[0],"Bronze Scales":[154],"Juzu Bracelet":1,"HandDrill":[20],"obtain_stats":[{"Potion Belt":7,"Darkstone Periapt":8,"Regal Pillow":18,"bronze:BronzeCore":0,"Replay:PocketPolymizer":46,"downfall:HeartBlessingRed":43,"SacredBark":34,"downfall:HeartBlessingGreen":25,"Juzu Bracelet":1,"Replay:Ringing Soul":24,"Sundial":44,"Bronze Scales":23,"Strawberry":47,"Bag of Marbles":14,"HandDrill":47,"Replay:Wax Seal":30,"bronze:MakeshiftBattery":17,"TungstenRod":37},{"Potion Belt":4,"Darkstone Periapt":5,"Regal Pillow":9,"bronze:BronzeCore":0,"Replay:PocketPolymizer":30,"downfall:HeartBlessingRed":27,"SacredBark":21,"downfall:HeartBlessingGreen":14,"Juzu Bracelet":0,"Replay:Ringing Soul":14,"Sundial":28,"Bronze Scales":14,"Strawberry":31,"Bag of Marbles":7,"HandDrill":31,"Replay:Wax Seal":18,"bronze:MakeshiftBattery":9,"TungstenRod":23},{"Potion Belt":9,"Darkstone Periapt":15,"Regal Pillow":37,"bronze:BronzeCore":0,"Replay:PocketPolymizer":122,"downfall:HeartBlessingRed":107,"SacredBark":86,"downfall:HeartBlessingGreen":58,"Juzu Bracelet":0,"Replay:Ringing Soul":58,"Sundial":116,"Bronze Scales":58,"Strawberry":123,"Bag of Marbles":23,"HandDrill":123,"Replay:Wax Seal":72,"bronze:MakeshiftBattery":37,"TungstenRod":92}],"TungstenRod":24},"card_choices":[{"not_picked":["bronze:HyperBeam","bronze:ShipIt"],"picked":"bronze:AlphaBuild","floor":0},{"not_picked":["bronze:Frontload","bronze:Overheat"],"picked":"bronze:Flail","floor":2},{"not_picked":["bronze:BitShift","bronze:Flail"],"picked":"bronze:DelayedGuard","floor":3},{"not_picked":["bronze:Fortify","bronze:Overheat","bronze:DelayedSlice"],"picked":"SKIP","floor":4},{"not_picked":["bronze:Frontload","bronze:Backtrace"],"picked":"bronze:Repair","floor":6},{"not_picked":["bronze:FineTuning","bronze:Iterate"],"picked":"bronze:Turbo","floor":8},{"not_picked":["bronze:MaxOutput","bronze:Boost"],"picked":"bronze:Invalidate","floor":10},{"not_picked":["bronze:WildBeam","bronze:OilSpill"],"picked":"bronze:HyperBeam","floor":13},{"not_picked":["bronze:Shell","bronze:WhirlingStrike"],"picked":"bronze:CutThrough","floor":15},{"not_picked":["bronze:Assembly","bronze:Verify"],"picked":"bronze:Mutator","floor":16},{"not_picked":["bronze:DelayedGuard","bronze:Overheat"],"picked":"bronze:Optimize","floor":19},{"not_picked":["bronze:NullPointer","bronze:BitShift"],"picked":"bronze:OilSpill","floor":20},{"not_picked":[],"picked":"bronze:DonuBeam","floor":21},{"not_picked":["bronze:DelayedSlice","bronze:Allocate"],"picked":"bronze:FindAndReplace","floor":21},{"not_picked":["bronze:FollowUp+1","bronze:Branch+1"],"picked":"bronze:BronzeOrb","floor":22},{"not_picked":["bronze:Separator","bronze:NullPointer"],"picked":"bronze:Repulsor","floor":23},{"not_picked":["bronze:Deprecate","bronze:Constructor"],"picked":"bronze:Shell+1","floor":26},{"not_picked":["bronze:BronzeArmor","bronze:Separator"],"picked":"bronze:Overheat","floor":28},{"not_picked":["bronze:Turbo+1","bronze:Shield"],"picked":"bronze:ThunderWave","floor":29},{"not_picked":["bronze:DarkDash+1","bronze:DelayedSlice","bronze:DelayedGuard"],"picked":"SKIP","floor":30},{"not_picked":["bronze:DelayedGuard","bronze:Flail","bronze:DelayedSlice"],"picked":"SKIP","floor":31},{"not_picked":["bronze:Constructor","bronze:BuggyMess"],"picked":"bronze:WhirlingStrike","floor":32},{"not_picked":["bronze:ThunderWave","bronze:CleanCode"],"picked":"bronze:RecursiveStrike","floor":33},{"not_picked":["bronze:WildBeam","bronze:BitShift+1","bronze:Shell+1"],"picked":"SKIP","floor":36},{"not_picked":["bronze:Allocate","bronze:Frontload"],"picked":"bronze:Boost+1","floor":38},{"not_picked":["bronze:WhirlingStrike+1","bronze:ChosenStrike","bronze:BronzeOrb+1"],"picked":"SKIP","floor":39},{"not_picked":["bronze:DarkDash","bronze:Shield","bronze:DelayedSlice"],"picked":"SKIP","floor":40},{"not_picked":["bronze:ChosenStrike+1","bronze:Flail"],"picked":"bronze:MaxOutput+1","floor":42},{"not_picked":["bronze:CutThrough+1","bronze:Turbo"],"picked":"bronze:GetLatest+1","floor":44},{"not_picked":["bronze:Overheat+1","bronze:ForLoop"],"picked":"bronze:BugBarrage","floor":45},{"not_picked":["bronze:DelayedGuard","bronze:WhirlingStrike+1"],"picked":"bronze:HardenedForm","floor":46},{"not_picked":["bronze:DelayedSlice","bronze:RecursiveStrike","bronze:OilSpill+1"],"picked":"SKIP","floor":47},{"not_picked":["bronze:Invalidate","bronze:Frontload+1","bronze:ForceShield"],"picked":"SKIP","floor":48},{"not_picked":["bronze:BugBarrage+1","bronze:DelayedGuard+1"],"picked":"bronze:Turbo+1","floor":49}],"player_experience":152603,"relics_obtained":[{"floor":1,"key":"Juzu Bracelet"},{"floor":7,"key":"Potion Belt"},{"floor":8,"key":"Darkstone Periapt"},{"floor":18,"key":"Regal Pillow"},{"floor":23,"key":"Bronze Scales"},{"floor":24,"key":"Replay:Ringing Soul"},{"floor":30,"key":"Replay:Wax Seal"},{"floor":37,"key":"TungstenRod"},{"floor":44,"key":"Sundial"},{"floor":46,"key":"Replay:PocketPolymizer"}],"event_choices":[{"damage_healed":0,"gold_gain":0,"player_choice":"Cursed","damage_taken":0,"max_hp_gain":0,"max_hp_loss":0,"event_name":"Wheel of Change","floor":5,"gold_loss":0,"cards_obtained":["Decay"]},{"damage_healed":0,"gold_gain":0,"player_choice":"Box","damage_taken":0,"relics_obtained":["Bag of Marbles"],"max_hp_gain":0,"max_hp_loss":0,"event_name":"Big Fish","floor":14,"gold_loss":0,"cards_obtained":["Regret"]}],"is_beta":false,"boss_relics":[{"not_picked":["Fusion Hammer","Cursed Key"],"picked":"bronze:MakeshiftBattery"},{"not_picked":["Replay:Wanted Poster","Runic Dome"],"picked":"SacredBark"}],"items_purged_floors":[26,38],"is_endless":false,"potions_floor_spawned":[3,4,6,13,16,20,21,29,31,32,33,37,40,42,45,48],"ascension_level":1}}