{"host":"ekyl8r8j8fco3zlk","time":1612191092,"event":{"mods":["ATMod(∞¢Ë™Mod)","Act Like it!","Arknights","BaseMod","CapriCore","Decade(Õı–°√˜)","Dota2Spire","Friendly Minions","Gensokyo","Marisa£®ÏF”Í°°ƒß¿Ì…≥£©","Minty Spire (QoL Compilation)","READ ME - Guardian Mod","Rare Cards Sparkle","Reimu£®≤©¿ˆ¡È√Œ£©","StSLib","The Alterego","The Immortal","The Jungle","The Senshi","TheWitcher","Waifu the Spire","WarShipGirlsR/’ΩΩ¢…Ÿ≈ÆR mod","Yakumo Yukari mod","°æ“≈ŒÔø®≈∆°øREMEMod"],"gold_per_floor":[137,312,387,387,407,407,419,433,433,458,458,489,489,27,27,27,27],"floor_reached":16,"language":"ZHS","playtime":554,"items_purged":[],"score":133,"play_id":"2fe23482-176c-4147-bde1-1d4c0126384f","local_time":"20210201225132","is_ascension_mode":false,"campfire_choices":[{"data":"LoveAcrossDimensions_purple","floor":6,"key":"SMITH"},{"data":"ExistenceContinue_purple","floor":11,"key":"SMITH"},{"floor":13,"key":"REST"},{"data":"RuleDissolution_purple","floor":15,"key":"SMITH"}],"circlet_count":0,"master_deck":["AT_purpleEX","AT_purpleEX","AT_purpleEX","AT_purpleEX","Defend_purpleEX","Defend_purpleEX","Defend_purpleEX","Defend_purpleEX","Observe_purple_1","Observe_purple_2","AT_IchimonjiDouble","ExistenceContinue_purple+1","Doubt","LoveAcrossDimensions_purple+1","RuleDissolution_purple+1","Mirror_WaveAndshot_purple","Observe_purple_2","Worldmountain_purple","Fantasy_PerpetualMotionMachine_purple+1"],"relics":["Boundary_crack","Memoryfragments_purpleEX","AT_ATBox","REME_ComplimentaryCards","theSenshi:FeatherClipsRelic","Frozen Egg 2","Mercury Hourglass","AT_BellowingDragoncrestRing","Blood Vial"],"acts_visited":["Exordium"],"potions_floor_usage":[10,10],"damage_taken":[{"damage":0,"enemies":"Small Slimes","floor":1,"turns":3},{"damage":10,"enemies":"Jaw Worm","floor":5,"turns":3},{"damage":6,"enemies":"2 Louse","floor":7,"turns":3},{"damage":18,"enemies":"Blue Slaver","floor":8,"turns":5},{"damage":11,"enemies":"Lagavulin","floor":10,"turns":4},{"damage":22,"enemies":"3 Sentries","floor":12,"turns":6},{"damage":41,"enemies":"The Guardian","floor":16,"turns":5}],"seed_played":"-3463464503198981143","potions_obtained":[{"floor":0,"key":"LiquidBronze"},{"floor":0,"key":"SkillPotion"},{"floor":0,"key":"SteroidPotion"},{"floor":1,"key":"Ancient Potion"},{"floor":12,"key":"Dota2Spire:Clarity"}],"is_trial":false,"path_per_floor":["M","?","?","?","M","R","M","M","T","E","R","E","R","$","R","B"],"character_chosen":"Youkari","items_purchased":["AT_BellowingDragoncrestRing","Blood Vial","Fantasy_PerpetualMotionMachine_purple+1"],"campfire_rested":1,"item_purchase_floors":[14,14,14],"current_hp_per_floor":[70,70,59,64,55,55,51,36,36,32,32,17,39,39,39,0,0],"gold":27,"neow_bonus":"THREE_SMALL_POTIONS","is_daily":false,"chose_seed":false,"campfire_upgraded":3,"win_rate":0.0,"timestamp":1612191092,"path_taken":["M","?","?","?","M","R","M","?","T","E","R","E","R","$","R","BOSS"],"items_purchased_type":["Relic","Relic","Card"],"build_version":"2020-12-22","purchased_purges":0,"victory":false,"max_hp_per_floor":[70,70,70,75,75,75,75,75,75,75,75,75,75,75,75,75,75],"card_choices":[{"not_picked":["StateErode_purple","Umbrella_purple"],"picked":"ExistenceContinue_purple","floor":1},{"not_picked":["RuleDissolution_purple","SfantasyHide_purple"],"picked":"LoveAcrossDimensions_purple","floor":5},{"not_picked":["Boundary_of_Extermination_purpleEX","AdvanceAttack_purple","StateDuplicate_purple"],"picked":"SKIP","floor":7},{"not_picked":["SharpContractionReality_purple","WatchEChange_purple"],"picked":"RuleDissolution_purple","floor":8},{"not_picked":["StretchesForeverDream_purple","OpenedBox_purple"],"picked":"Mirror_WaveAndshot_purple","floor":10},{"not_picked":["StateErode_purple","Boundary_DynamicStaticEquilibrium_purple"],"picked":"Worldmountain_purple","floor":12}],"player_experience":586577,"relics_obtained":[{"floor":9,"key":"theSenshi:FeatherClipsRelic"},{"floor":10,"key":"Frozen Egg 2"},{"floor":12,"key":"Mercury Hourglass"}],"event_choices":[{"damage_healed":0,"gold_gain":175,"player_choice":"AGREE","damage_taken":0,"max_hp_gain":0,"max_hp_loss":0,"event_name":"Liars Game","floor":2,"gold_loss":0,"cards_obtained":["Doubt"]},{"damage_healed":0,"gold_gain":75,"player_choice":"Gather Gold","damage_taken":11,"max_hp_gain":0,"max_hp_loss":0,"event_name":"World of Goop","floor":3,"gold_loss":0}],"is_beta":false,"boss_relics":[],"items_purged_floors":[],"is_endless":false,"potions_floor_spawned":[1,7,12],"killed_by":"The Guardian","ascension_level":0}}