{"host":"p7cjtxxrilhp4dw7","time":1612211757,"event":{"mods":["BaseMod","Block Reminder","Colored Map","Curses Come First","Highlight Path","Minty Spire (QoL Compilation)","Replay The Spire","StSLib","The Hierophant"],"gold_per_floor":[116,209,209,221,237,269,269,294,294,294,294,294,294,317,317,422,522,535,535,560,576,576,605,625,574,574,608,608,620,496,496,496,496,496],"floor_reached":33,"language":"ENG","playtime":3872,"items_purged":[],"score":434,"play_id":"97fcc74c-68f3-4c55-ac4d-be56e8528df0","local_time":"20210201133556","is_ascension_mode":true,"campfire_choices":[{"floor":7,"key":"REST"},{"floor":10,"key":"REST"},{"data":"Zap","floor":13,"key":"SMITH"},{"floor":15,"key":"DIG"},{"floor":28,"key":"REST"},{"floor":32,"key":"REST"}],"circlet_count":0,"master_deck":["AscendersBane","Strike_B+1","Strike_B","Strike_B","Defend_B","Defend_B+1","Defend_B","Defend_B","Zap+1","Dualcast","Sweeping Beam","Go for the Eyes","Redo","White Noise","Panic Button","Fission+1","Compile Driver+1","Glacier+1","Hologram+1","White Noise+1","Cold Snap+1","ReplayTheSpireMod:Calculation Training+1","Doom and Gloom+1","Melter+1"],"relics":["FrozenCore","NeowsBlessing","ReplayTheSpireMod:Shallot","Molten Egg 2","Toxic Egg 2","Simple Rune","Smiling Mask","Replay:Grab Bag","Replay:Wanted Poster","Cursed Key","Red Mask","Omamori","Kunai","The Courier","ClockworkSouvenir","WarpedTongs"],"acts_visited":["Exordium","TheCity"],"potions_floor_usage":[6,16,23,27,33,33],"damage_taken":[{"damage":0,"enemies":"Small Slimes","floor":1,"turns":1},{"damage":0,"enemies":"2 Louse","floor":4,"turns":1},{"damage":0,"enemies":"Jaw Worm","floor":5,"turns":1},{"damage":17,"enemies":"3 Sentries","floor":6,"turns":5},{"damage":33,"enemies":"Lagavulin","floor":8,"turns":9},{"damage":36,"enemies":"Hexaghost","floor":16,"turns":16},{"damage":9,"enemies":"2 Thieves","floor":18,"turns":4},{"damage":19,"enemies":"Masked Bandits","floor":20,"turns":6},{"damage":0,"enemies":"Shell Parasite","floor":21,"turns":6},{"damage":16,"enemies":"Gremlin Leader","floor":23,"turns":9},{"damage":10,"enemies":"Sentry and Sphere","floor":24,"turns":8},{"damage":7,"enemies":"Slavers","floor":27,"turns":11},{"damage":0,"enemies":"Centurion and Healer","floor":29,"turns":6},{"damage":64,"enemies":"Collector","floor":33,"turns":7}],"seed_played":"1697262941716678304","potions_obtained":[{"floor":4,"key":"BlessingOfTheForge"},{"floor":8,"key":"SkillPotion"},{"floor":16,"key":"Milkshake"},{"floor":24,"key":"SteroidPotion"},{"floor":29,"key":"FearPotion"}],"is_trial":false,"path_per_floor":["M","?","?","M","M","E","R","E","T","R","?","?","R","T","R_BF","B",null,"M","?","?","M","?","E","M","$","T","E","R","M","$","?","R","B"],"character_chosen":"DEFECT","items_purchased":["Block Potion","ClockworkSouvenir"],"campfire_rested":4,"item_purchase_floors":[25,30],"current_hp_per_floor":[68,68,61,61,61,44,66,33,33,55,60,60,60,60,60,24,66,57,57,38,38,38,22,12,12,12,5,29,29,29,29,53,0,0],"gold":496,"neow_bonus":"THREE_ENEMY_KILL","is_daily":false,"chose_seed":false,"campfire_upgraded":1,"win_rate":0.0,"timestamp":1612211756,"path_taken":["M","?","?","M","M","E","R","E","T","R","?","?","R","?","R_BF","BOSS","M","?","?","M","?","E","?","$","T","E","R","M","$","?","R","BOSS"],"items_purchased_type":["Potion","Relic"],"build_version":"2020-12-22","purchased_purges":0,"victory":false,"max_hp_per_floor":[75,75,75,75,75,75,75,75,75,75,80,80,80,80,80,80,80,80,80,80,80,80,80,80,80,80,80,80,80,80,80,80,80,80],"card_choices":[{"not_picked":["ReplayTheSpireMod:Reroute Power","Darkness"],"picked":"Sweeping Beam","floor":1},{"not_picked":["Compile Driver","Beam Cell"],"picked":"Go for the Eyes","floor":2},{"not_picked":["BasicCrystalCard","Sweeping Beam"],"picked":"Redo","floor":2},{"not_picked":["Go for the Eyes","Redo"],"picked":"White Noise","floor":4},{"not_picked":["Compile Driver","Stack","Redo"],"picked":"SKIP","floor":5},{"not_picked":["Capacitor","Hologram"],"picked":"Panic Button","floor":6},{"not_picked":["Redo","ReplaySort","Barrage+1"],"picked":"SKIP","floor":8},{"not_picked":["Echo Form","Machine Learning"],"picked":"Fission+1","floor":16},{"not_picked":["Self Repair","ReplaySolidLightProjector+1"],"picked":"Compile Driver+1","floor":18},{"not_picked":["Tempest+1","ReplaySolidLightProjector+1"],"picked":"Glacier+1","floor":20},{"not_picked":["Panic Button+1","Beam Cell+1"],"picked":"Hologram+1","floor":21},{"not_picked":["Beam Cell+1","Gash+1"],"picked":"Cold Snap+1","floor":23},{"not_picked":["Rebound+1","Melter+1"],"picked":"ReplayTheSpireMod:Calculation Training+1","floor":24},{"not_picked":["BasicCrystalCard+1","ReplayTheSpireMod:Reroute Power+1"],"picked":"Doom and Gloom+1","floor":27},{"not_picked":["BasicCrystalCard+1","Leap+1"],"picked":"Melter+1","floor":29}],"player_experience":611934,"relics_obtained":[{"floor":6,"key":"ReplayTheSpireMod:Shallot"},{"floor":8,"key":"Molten Egg 2"},{"floor":9,"key":"Toxic Egg 2"},{"floor":14,"key":"Simple Rune"},{"floor":15,"key":"Smiling Mask"},{"floor":20,"key":"Red Mask"},{"floor":23,"key":"Omamori"},{"floor":26,"key":"Kunai"},{"floor":27,"key":"The Courier"}],"event_choices":[{"cards_removed":["Strike_B"],"damage_healed":0,"gold_gain":0,"player_choice":"Card Removal","damage_taken":7,"max_hp_gain":0,"max_hp_loss":0,"event_name":"Golden Wing","floor":3,"gold_loss":0},{"damage_healed":0,"gold_gain":0,"player_choice":"Donut","damage_taken":0,"max_hp_gain":5,"max_hp_loss":0,"event_name":"Big Fish","floor":11,"gold_loss":0},{"damage_healed":0,"gold_gain":0,"player_choice":"Searched \u00271\u0027 times","damage_taken":0,"max_hp_gain":0,"max_hp_loss":0,"event_name":"Dead Adventurer","floor":12,"gold_loss":0},{"damage_healed":0,"gold_gain":0,"player_choice":"Ignored","damage_taken":0,"max_hp_gain":0,"max_hp_loss":0,"event_name":"Cursed Tome","floor":19,"gold_loss":0},{"damage_healed":0,"gold_gain":0,"player_choice":"Fought Bandits","damage_taken":0,"max_hp_gain":0,"max_hp_loss":0,"event_name":"Masked Bandits","floor":20,"gold_loss":0},{"damage_healed":0,"gold_gain":0,"player_choice":"1 cards matched","damage_taken":0,"max_hp_gain":0,"max_hp_loss":0,"event_name":"Match and Keep!","floor":22,"gold_loss":0,"cards_obtained":["White Noise"]},{"damage_healed":0,"gold_gain":0,"player_choice":"Rummage","damage_taken":0,"relics_obtained":["WarpedTongs"],"max_hp_gain":0,"max_hp_loss":0,"event_name":"Accursed Blacksmith","floor":31,"gold_loss":0,"cards_obtained":["Pain"]}],"is_beta":false,"boss_relics":[{"not_picked":["SlaversCollar","Runic Pyramid"],"picked":"Replay:Grab Bag"},{"not_picked":["Ectoplasm","ReplayTheSpireMod:DimensionalGlitch"],"picked":"Replay:Wanted Poster"},{"not_picked":["Painkiller Herb","Fusion Hammer"],"picked":"Cursed Key"},{"not_picked":["Kintsugi","SacredBark"],"picked":"FrozenCore"}],"items_purged_floors":[],"is_endless":false,"potions_floor_spawned":[4,8,16,24,29],"killed_by":"Collector","ascension_level":10}}