{"host":"iirf6tm60n5v4e3j","time":1612174909,"event":{"mods":["Act Like it!","BaseMod","Gensokyo","Marisa????????","Minty Spire (QoL Compilation)","StSLib","The Marked"],"gold_per_floor":[119,145,158,108,127,161,179,179,179,179,179,53,78,22,22,121,121,131,0,0,0,19,19,348,365,365,399,399,399,399,399],"floor_reached":30,"language":"ENG","playtime":1355,"items_purged":["Strike_MRS"],"score":381,"play_id":"b7b31fdf-eacb-4ee5-a33c-1b360a1eddbc","local_time":"20210201022149","is_ascension_mode":true,"campfire_choices":[{"data":"MilkyWay","floor":8,"key":"SMITH"},{"data":"BlazeAway","floor":11,"key":"SMITH"},{"data":"MachineGunSpark","floor":15,"key":"SMITH"},{"floor":28,"key":"REST"}],"circlet_count":0,"master_deck":["Strike_MRS","Strike_MRS","Strike_MRS","Defend_MRS","Defend_MRS","Defend_MRS","Defend_MRS","MasterSpark+1","UpSweep","MilkyWay+1","BlazeAway+1","Gensokyo:BlessingOfConstitution","DoubleSpark","MachineGunSpark+1","AsteroidBelt","DoubleSpark","UltimateShortwave+1","AbsoluteMagnitude","OortCloud","MillisecondPulsars","ManaConvection","AsteroidBelt","PowerUp","OneTimeOff"],"relics":["MiniHakkero","NeowsBlessing","Shuriken","Lantern","HornCleat","Gensokyo:MarisaImprobabilityPotion","Potion Belt","SlaversCollar","White Beast Statue","Molten Egg 2","Toy Ornithopter","Gensokyo:UndefinedDarkness"],"acts_visited":["Exordium","Gensokyo:Gensokyo"],"potions_floor_usage":[6,6,16,24,27],"damage_taken":[{"damage":0.0,"enemies":"Gensokyo:Python","floor":1.0,"turns":1.0},{"damage":0,"enemies":"Gensokyo:Aya","floor":2,"turns":1},{"damage":0,"enemies":"Gensokyo:3_Fairies","floor":3,"turns":1},{"damage":5,"enemies":"Gensokyo:2_Kodama","floor":5,"turns":3},{"damage":11,"enemies":"Gensokyo:Aya","floor":6,"turns":5},{"damage":0,"enemies":"Gensokyo:LivingMonolith","floor":7,"turns":2},{"damage":20,"enemies":"Gensokyo:Mamizou","floor":13,"turns":4},{"damage":3,"enemies":"Gensokyo:Reimu","floor":16,"turns":5},{"damage":12,"enemies":"Gensokyo:3_Dogs","floor":18,"turns":4},{"damage":4,"enemies":"Gensokyo:2_Gloops","floor":22,"turns":4},{"damage":8,"enemies":"Gensokyo:Tenshi","floor":24,"turns":4},{"damage":29,"enemies":"Gensokyo:Monolith_and_Dog","floor":25,"turns":7},{"damage":7,"enemies":"Gensokyo:Koishi","floor":27,"turns":3},{"damage":27,"enemies":"Gensokyo:Tenshi","floor":30,"turns":1}],"seed_played":"-6210595699920429959","potions_obtained":[{"floor":1.0,"key":"AttackPotion"},{"floor":5,"key":"SneckoOil"},{"floor":13,"key":"SkillPotion"},{"floor":16,"key":"Strength Potion"},{"floor":22,"key":"ShroomBrew"},{"floor":25,"key":"DuplicationPotion"},{"floor":27,"key":"Energy Potion"}],"is_trial":false,"path_per_floor":["M","?","M","?","M","E","M","R","T","?","R","$","E","COS","R","B",null,"M","?","$","?","M","R","E","M","T","E","R","?","E"],"character_chosen":"MARISA","items_purchased":["AsteroidBelt"],"campfire_rested":1,"item_purchase_floors":[12],"current_hp_per_floor":[68,68,68,68,63,52,52,52,52,52,52,52,32,32,32,29,64,52,52,52,52,48,48,40,11,11,4,26,26,0,0],"gold":399,"neow_bonus":"THREE_ENEMY_KILL","is_daily":false,"chose_seed":false,"campfire_upgraded":3,"win_rate":0.0,"timestamp":1612174909,"path_taken":["M","?","M","?","?","E","M","R","T","?","R","?","E","COS","R","BOSS","M","?","?","?","M","R","E","M","T","E","R","?","E"],"items_purchased_type":["Card"],"build_version":"2020-12-22","purchased_purges":1,"victory":false,"max_hp_per_floor":[75,75,75,75,75,75,75,75,75,75,75,75,75,75,75,75,75,75,75,75,75,75,75,75,75,75,75,75,75,75,75],"card_choices":[{"not_picked":["OrrerysSun","RefractionSpark"],"picked":"MilkyWay","floor":1.0},{"not_picked":["ShootTheMoon","PulseMagic"],"picked":"BlazeAway","floor":2},{"not_picked":["WitchOfGreed","PulseMagic"],"picked":"RefractionSpark","floor":3},{"not_picked":["ChargingUp","6A"],"picked":"DoubleSpark","floor":5},{"not_picked":["GravityBeat","6A"],"picked":"MachineGunSpark","floor":6},{"not_picked":["WitchLeyline","EnergyFlow"],"picked":"PropBag","floor":7},{"not_picked":["TreasureHunter","IllusionStar"],"picked":"DoubleSpark","floor":13},{"not_picked":["BinaryStars+1","MaximisePower+1"],"picked":"UltimateShortwave+1","floor":16},{"not_picked":["SuperNova","EscapeVelocity"],"picked":"AbsoluteMagnitude","floor":16},{"not_picked":["MysteriousBeam","GravityBeat"],"picked":"OortCloud","floor":18},{"not_picked":["Acceleration","DoubleSpark"],"picked":"ManaConvection","floor":22},{"not_picked":["OrrerysSun","WitchOfGreed"],"picked":"AsteroidBelt","floor":24},{"not_picked":["MeteoricShower+1","Acceleration"],"picked":"PowerUp","floor":25},{"not_picked":["UnstableBomb+1","LuminesStrike+1"],"picked":"OneTimeOff","floor":27}],"player_experience":190132,"relics_obtained":[{"floor":2,"key":"Shuriken"},{"floor":6,"key":"Lantern"},{"floor":9,"key":"HornCleat"},{"floor":13,"key":"Potion Belt"},{"floor":24,"key":"White Beast Statue"},{"floor":26,"key":"Molten Egg 2"},{"floor":27,"key":"Toy Ornithopter"}],"event_choices":[],"is_beta":false,"boss_relics":[{"not_picked":["Pandora\u0027s Box","BewitchedHakkero"],"picked":"SlaversCollar"}],"items_purged_floors":[12],"is_endless":false,"potions_floor_spawned":[1,5,13,16,22,25,27],"killed_by":"Gensokyo:Tenshi","ascension_level":6}}