{"host":"xltl1aroowo69o4n","time":1612163092,"event":{"mods":["BaseMod","Colored Map","Colored Powertips","Minty Spire (QoL Compilation)","StSLib"],"gold_per_floor":[114,64,10,25,40,40,40,53,53,53,64,76,110,124,124,225,225,210,61,76,76,89,89,109,109,133,133,145,145,70,81,81,81,81],"floor_reached":33,"language":"ENG","playtime":1261,"items_purged":[],"score":271,"play_id":"1a9297dd-deb6-4610-81b5-414fef9d6d23","local_time":"20210201020452","is_ascension_mode":false,"campfire_choices":[{"data":"Steam","floor":6,"key":"SMITH"},{"floor":10,"key":"REST"},{"floor":15,"key":"REST"},{"floor":23,"key":"REST"},{"floor":27,"key":"REST"},{"floor":32,"key":"REST"}],"circlet_count":0,"master_deck":["Strike_B","Strike_B","Strike_B","Defend_B","Defend_B","Defend_B","Defend_B","Zap","Dualcast","Coolheaded","Conserve Battery","Steam+1","Rip and Tear","Electrodynamics","Stack","Sweeping Beam","Doom and Gloom","Storm","Creative AI+1","Melter+1","Static Discharge","Go for the Eyes","Leap","Hologram","Defragment","Cold Snap","Darkness+1"],"relics":["FrozenCore","Omamori","Kunai","Tiny Chest","Orichalcum","Lantern"],"acts_visited":["Exordium","TheCity"],"potions_floor_usage":[13,16,25,25,25,25,31,33],"damage_taken":[{"damage":2,"enemies":"2 Louse","floor":1,"turns":3},{"damage":0,"enemies":"Small Slimes","floor":4,"turns":4},{"damage":0,"enemies":"Cultist","floor":5,"turns":4},{"damage":36,"enemies":"Gremlin Gang","floor":8,"turns":6},{"damage":2,"enemies":"Blue Slaver","floor":11,"turns":3},{"damage":5,"enemies":"3 Louse","floor":12,"turns":3},{"damage":16,"enemies":"Lagavulin","floor":13,"turns":5},{"damage":16,"enemies":"Exordium Wildlife","floor":14,"turns":3},{"damage":26,"enemies":"Hexaghost","floor":16,"turns":10},{"damage":17,"enemies":"2 Thieves","floor":18,"turns":5},{"damage":0,"enemies":"Spheric Guardian","floor":20,"turns":2},{"damage":17,"enemies":"Centurion and Healer","floor":22,"turns":6},{"damage":27,"enemies":"Shelled Parasite and Fungi","floor":24,"turns":4},{"damage":0,"enemies":"Slavers","floor":25,"turns":1},{"damage":20,"enemies":"Snake Plant","floor":28,"turns":5},{"damage":33,"enemies":"Cultist and Chosen","floor":31,"turns":6},{"damage":40,"enemies":"Champ","floor":33,"turns":11}],"seed_played":"6867092510549164213","potions_obtained":[{"floor":1,"key":"EssenceOfDarkness"},{"floor":8,"key":"FearPotion"},{"floor":13,"key":"LiquidBronze"},{"floor":16,"key":"EntropicBrew"},{"floor":20,"key":"Strength Potion"}],"is_trial":false,"path_per_floor":["M","?","$","M","M","R","?","M","T","R","M","M","E","M","R","B",null,"M","$","M","?","M","R","M","E","T","R","M","T","?","M","R","B"],"character_chosen":"DEFECT","items_purchased":["Conserve Battery","Static Discharge","Go for the Eyes","Leap"],"campfire_rested":5,"item_purchase_floors":[3,19,19,19],"current_hp_per_floor":[73,73,73,73,73,73,73,37,37,59,57,52,36,20,42,16,75,58,58,58,58,41,63,36,36,36,58,38,38,38,5,27,0,0],"gold":81,"neow_bonus":"RANDOM_COMMON_RELIC","is_daily":false,"chose_seed":false,"campfire_upgraded":1,"win_rate":0.0,"timestamp":1612163092,"path_taken":["M","?","$","M","M","R","?","M","T","R","M","M","E","M","R","BOSS","M","$","M","?","M","R","?","E","T","R","?","?","?","M","R","BOSS"],"items_purchased_type":["Card","Card","Card","Card"],"build_version":"2020-12-13","purchased_purges":0,"victory":false,"max_hp_per_floor":[75,75,75,75,75,75,75,75,75,75,75,75,75,75,75,75,75,75,75,75,75,75,75,75,75,75,75,75,75,75,75,75,75,75],"card_choices":[{"not_picked":["Skim","Rebound"],"picked":"Coolheaded","floor":1},{"not_picked":["Hologram","Chaos"],"picked":"Steam","floor":4},{"not_picked":["Gash","Rebound"],"picked":"Rip and Tear","floor":5},{"not_picked":["Tempest","Go for the Eyes"],"picked":"Electrodynamics","floor":8},{"not_picked":["Streamline","Cold Snap"],"picked":"Stack","floor":11},{"not_picked":["Beam Cell","Double Energy"],"picked":"Sweeping Beam","floor":12},{"not_picked":["Gash","Rebound"],"picked":"Doom and Gloom","floor":13},{"not_picked":["Stack","Force Field"],"picked":"Storm","floor":14},{"not_picked":["Meteor Strike","Seek"],"picked":"Creative AI","floor":16},{"not_picked":["Gash","Chill"],"picked":"Melter+1","floor":18},{"not_picked":["Reprogram","Turbo"],"picked":"Hologram","floor":20},{"not_picked":["Redo","Chill"],"picked":"Defragment","floor":22},{"not_picked":["Turbo+1","Go for the Eyes"],"picked":"Skim","floor":24},{"not_picked":["Leap","Rainbow"],"picked":"Cold Snap","floor":28},{"not_picked":["Doom and Gloom","Compile Driver"],"picked":"Darkness+1","floor":31}],"player_experience":66228,"relics_obtained":[{"floor":9,"key":"Kunai"},{"floor":13,"key":"Tiny Chest"},{"floor":26,"key":"Orichalcum"},{"floor":29,"key":"Lantern"}],"event_choices":[{"cards_removed":["Strike_B"],"damage_healed":0,"gold_gain":0,"player_choice":"Card Removal","damage_taken":0,"max_hp_gain":0,"max_hp_loss":0,"event_name":"The Cleric","floor":2,"gold_loss":50},{"damage_healed":0,"gold_gain":0,"player_choice":"Ignored","damage_taken":0,"max_hp_gain":0,"max_hp_loss":0,"event_name":"Golden Wing","floor":7,"gold_loss":0},{"damage_healed":0,"gold_gain":0,"player_choice":"Upgraded","damage_taken":0,"max_hp_gain":0,"max_hp_loss":0,"event_name":"Upgrade Shrine","floor":21,"gold_loss":0,"cards_upgraded":["Creative AI"]},{"cards_removed":["Skim"],"damage_healed":0,"gold_gain":0,"player_choice":"Gave Gold","damage_taken":0,"max_hp_gain":0,"max_hp_loss":0,"event_name":"Beggar","floor":30,"gold_loss":75}],"is_beta":false,"boss_relics":[{"not_picked":["Philosopher\u0027s Stone","Coffee Dripper"],"picked":"FrozenCore"}],"items_purged_floors":[],"is_endless":false,"potions_floor_spawned":[1,8,13,16,20,24],"killed_by":"Champ","ascension_level":0}}