{"host":"gzk4gkgy3zij1c51","time":1612212952,"event":{"mods":["BaseMod","Colored Map","Downfall","Highlight Path","Marked Mod","Minty Spire (QoL Compilation)","Relic Stats","StSLib","everything is the same but u backflip on backflip"],"gold_per_floor":[99,109,125,125,138,157,212,160,160,60,75,100,116,136,150,247,247,147,147,157,173,185,215,215,315,365,365,365],"floor_reached":26,"language":"ENG","playtime":1527,"items_purged":[],"score":313,"play_id":"136087ae-86c8-4e88-9f81-942b82c1e88e","local_time":"20210201205552","is_ascension_mode":true,"campfire_choices":[{"floor":1,"key":"RECALL"},{"data":"Slimebound:GrowthPunch","floor":10,"key":"SMITH"},{"data":"Slimebound:TagTeam","floor":18,"key":"SMITH"}],"circlet_count":0,"master_deck":["Slimebound:Strike_Slimebound","Slimebound:Strike_Slimebound","Slimebound:Tackle","Slimebound:Defend_Slimebound","Slimebound:Defend_Slimebound","Slimebound:Defend_Slimebound","Slimebound:Defend_Slimebound","Slimebound:Split+1","Slimebound:CorrosiveSpit","Slimebound:SlimeBarrage","Slimebound:Prepare","Slimebound:SplitBruiser","Slimebound:GrowthPunch+1","Slimebound:SplitMire","Slimebound:Gluttony","Slimebound:HauntingLick","Slimebound:TagTeam+1","Slimebound:AcidTongue","Slimebound:FormOfPuddle","Slimebound:SplitSpecialist","Slimebound:Teamwork","Slimebound:DisruptingSlam+1","Slimebound:Nibble+1","Slimebound:RainOfGoop+1","Slimebound:Overexert","Slimebound:LivingWall+1"],"relics":["Slimebound:AbsorbEndCombat","Omamori","downfall:HeartBlessingRed","Pen Nib","sneckomod:SneckoTalon","downfall:HeartBlessingGreen","The Courier","Toxic Egg 2","downfall:CloakOfManyFaces","CultistMask","FaceOfCleric","NlothsMask","GremlinMask","SsserpentHead"],"acts_visited":["Exordium","TheCity"],"potions_floor_usage":[12,16,16,23,25],"damage_taken":[{"damage":0,"enemies":"2 Louse","floor":2,"turns":2},{"damage":0,"enemies":"Jaw Worm","floor":3,"turns":4},{"damage":0,"enemies":"Small Slimes","floor":5,"turns":3},{"damage":16,"enemies":"Gremlin Gang","floor":6,"turns":4},{"damage":6,"enemies":"downfall:FleeingMerchant","floor":8,"turns":4},{"damage":0,"enemies":"Large Slime","floor":11,"turns":3},{"damage":12,"enemies":"Lagavulin","floor":12,"turns":6},{"damage":9,"enemies":"2 Fungi Beasts","floor":13,"turns":3},{"damage":21,"enemies":"Lots of Slimes","floor":14,"turns":3},{"damage":12,"enemies":"3 Louse","floor":15,"turns":3},{"damage":63,"enemies":"WA_ARCHETYPE_RETAIN","floor":16,"turns":8},{"damage":0,"enemies":"Chosen","floor":19,"turns":1},{"damage":13,"enemies":"Snake Plant","floor":20,"turns":3},{"damage":23,"enemies":"Shelled Parasite and Fungi","floor":21,"turns":3},{"damage":21,"enemies":"Centurion and Healer","floor":22,"turns":5},{"damage":20,"enemies":"Gremlin Leader","floor":23,"turns":7},{"damage":0,"enemies":"downfall:FaceTrader","floor":25,"turns":5},{"damage":24,"enemies":"Cultist and Chosen","floor":26,"turns":4}],"seed_played":"-1526615739783314225","potions_obtained":[{"floor":5,"key":"Swift Potion"},{"floor":11,"key":"Weak Potion"},{"floor":12,"key":"SkillPotion"},{"floor":13,"key":"Dexterity Potion"},{"floor":14,"key":"FairyPotion"},{"floor":21,"key":"DistilledChaos"},{"floor":22,"key":"LiquidBronze"}],"is_trial":false,"path_per_floor":["R","M","M","?","M","M","T","$","?","R","M","E","M","M","M","B",null,"R","M","M","M","M","E","T","?","M"],"character_chosen":"SLIMEBOUND","items_purchased":["Slimebound:Gluttony"],"campfire_rested":0,"item_purchase_floors":[8],"current_hp_per_floor":[59,61,65,65,65,53,53,55,55,55,59,55,52,33,29,18,53,53,53,48,31,18,6,6,14,0,0,0],"gold":365,"neow_bonus":"UPGRADE_CARD","is_daily":false,"chose_seed":false,"campfire_upgraded":2,"win_rate":0.0,"timestamp":1612212952,"path_taken":["R","M","M","?","M","M","T","$","?","R","M","E","M","M","M","BOSS","R","M","M","M","M","E","T","?","?"],"items_purchased_type":["Card"],"build_version":"2020-12-22","purchased_purges":0,"victory":false,"max_hp_per_floor":[65,65,65,65,65,65,65,65,65,65,65,65,65,65,65,65,65,65,65,65,65,65,65,65,65,65,65,65],"relic_stats":{"SsserpentHead":50,"FaceOfCleric":0,"counters":[18,68],"Pen Nib":[5],"obtain_stats":[{"downfall:HeartBlessingRed":10,"downfall:HeartBlessingGreen":18,"GremlinMask":25,"Pen Nib":12,"The Courier":23,"Omamori":7,"sneckomod:SneckoTalon":17,"SsserpentHead":25,"downfall:BrokenWingStatue":9,"FaceOfCleric":25,"CultistMask":25,"Slimebound:AbsorbEndCombat":0,"downfall:CloakOfManyFaces":25,"Toxic Egg 2":24,"NlothsMask":25},{"downfall:HeartBlessingRed":5,"downfall:HeartBlessingGreen":11,"GremlinMask":17,"Pen Nib":7,"The Courier":16,"Omamori":4,"sneckomod:SneckoTalon":11,"SsserpentHead":17,"downfall:BrokenWingStatue":5,"FaceOfCleric":17,"CultistMask":17,"Slimebound:AbsorbEndCombat":0,"downfall:CloakOfManyFaces":17,"Toxic Egg 2":16,"NlothsMask":17},{"downfall:HeartBlessingRed":16,"downfall:HeartBlessingGreen":42,"GremlinMask":64,"Pen Nib":25,"The Courier":59,"Omamori":12,"sneckomod:SneckoTalon":42,"SsserpentHead":64,"downfall:BrokenWingStatue":16,"FaceOfCleric":64,"CultistMask":64,"Slimebound:AbsorbEndCombat":0,"downfall:CloakOfManyFaces":64,"Toxic Egg 2":59,"NlothsMask":64}]},"card_choices":[{"not_picked":["Slimebound:SlimeSpikes","Slimebound:FinishingTackle"],"picked":"Slimebound:SlimeBarrage","floor":2},{"not_picked":["Slimebound:SpikyOuterGoop","Slimebound:GoopTackle"],"picked":"Slimebound:Prepare","floor":3},{"not_picked":["Slimebound:Prepare","Slimebound:FlameTackle"],"picked":"Slimebound:SplitBruiser","floor":5},{"not_picked":["Slimebound:Recycling","Slimebound:HauntingLick"],"picked":"Slimebound:GrowthPunch","floor":6},{"not_picked":["Slimebound:SlimeSpikes","Slimebound:SamplingLick"],"picked":"Slimebound:SplitMire","floor":8},{"not_picked":["Slimebound:SplitBruiser","Slimebound:Prepare"],"picked":"Slimebound:HauntingLick","floor":11},{"not_picked":["Slimebound:DivideAndConquer","Slimebound:Prepare"],"picked":"Slimebound:TagTeam","floor":12},{"not_picked":["Slimebound:Chomp","Slimebound:SlimeSpikes"],"picked":"Slimebound:AcidTongue","floor":13},{"not_picked":["Slimebound:HungryTackle","Slimebound:RollThrough"],"picked":"Slimebound:FormOfPuddle","floor":14},{"not_picked":["Slimebound:SlimeTap","Slimebound:SlimeBrawl"],"picked":"Slimebound:SplitSpecialist","floor":15},{"not_picked":["Slimebound:CheckThePlaybook","Slimebound:FirmFortitude"],"picked":"Slimebound:Teamwork","floor":16},{"not_picked":["Slimebound:DivideAndConquer","Slimebound:TongueLash"],"picked":"Slimebound:DisruptingSlam+1","floor":19},{"not_picked":["Slimebound:FinishingTackle","Slimebound:HungryTackle+1"],"picked":"Slimebound:Nibble+1","floor":20},{"not_picked":["Slimebound:ItLooksTasty","Slimebound:ProtectTheBoss"],"picked":"Slimebound:RainOfGoop+1","floor":21},{"not_picked":["Slimebound:DisruptingSlam","Slimebound:Prepare","Slimebound:GoopSpray"],"picked":"SKIP","floor":22},{"not_picked":["Slimebound:Equalize","Slimebound:BestDefense+1"],"picked":"Slimebound:Overexert","floor":23},{"not_picked":["Slimebound:FinishingTackle+1","Slimebound:Schlurp+1"],"picked":"Slimebound:LivingWall+1","floor":25}],"player_experience":1119665,"relics_obtained":[{"floor":7,"key":"Omamori"},{"floor":12,"key":"Pen Nib"},{"floor":23,"key":"The Courier"},{"floor":24,"key":"Toxic Egg 2"},{"floor":25,"key":"downfall:CloakOfManyFaces"}],"event_choices":[],"is_beta":false,"boss_relics":[{"not_picked":["Empty Cage","Runic Pyramid"],"picked":"sneckomod:SneckoTalon"}],"items_purged_floors":[],"is_endless":false,"potions_floor_spawned":[5,11,12,13,14,21,22],"killed_by":"Cultist and Chosen","ascension_level":7}}