{"host":"uv5ws9rdk87e8i5k","time":1612198759,"event":{"mods":["AchievementEnabler","BaseMod","Colored Map","Minty Spire (QoL Compilation)","Permanent Neow","Quick Restart","StSLib","SuperFastMode","The Necromancer"],"gold_per_floor":[12,22,40,59,78,113,113,144,144,159,159,178,204,217,217,319,319,332,348,363,373,392,392,392],"floor_reached":23,"language":"ENG","playtime":954,"items_purged":[],"score":320,"play_id":"2671a4f6-1926-41b2-a1f1-1ef9543b7891","local_time":"20210201105919","is_ascension_mode":true,"campfire_choices":[{"data":"Venomology","floor":7.0,"key":"SMITH"},{"data":"Adrenaline","floor":11.0,"key":"SMITH"},{"data":"Night Terror","floor":15.0,"key":"SMITH"}],"circlet_count":0,"master_deck":["Strike_G","Strike_G","Strike_G","Strike_G","Strike_G","Defend_G","Defend_G","Defend_G","Defend_G","Defend_G","Survivor","Neutralize","Venomology+1","Dash","Adrenaline+1","Dagger Throw","Poisoned Stab","Night Terror+1","Deadly Poison","Acrobatics","Backflip","A Thousand Cuts","CurseOfTheBell","Dagger Throw+1","PiercingWail","Footwork","Prepared"],"relics":["Ring of the Snake","Blue Candle","Tiny Chest","White Beast Statue","Orichalcum","Calling Bell","Potion Belt","Meat on the Bone","Lizard Tail"],"acts_visited":["Exordium","TheCity"],"potions_floor_usage":[22,23,23],"damage_taken":[{"damage":3.0,"enemies":"Cultist","floor":1.0,"turns":4.0},{"damage":2.0,"enemies":"Small Slimes","floor":2.0,"turns":5.0},{"damage":3.0,"enemies":"Jaw Worm","floor":3.0,"turns":5.0},{"damage":7.0,"enemies":"3 Louse","floor":4.0,"turns":4.0},{"damage":1.0,"enemies":"Looter","floor":5.0,"turns":4.0},{"damage":8.0,"enemies":"Gremlin Nob","floor":6.0,"turns":3.0},{"damage":4.0,"enemies":"Lagavulin","floor":8.0,"turns":7.0},{"damage":3.0,"enemies":"Blue Slaver","floor":10.0,"turns":3.0},{"damage":0.0,"enemies":"Exordium Thugs","floor":12.0,"turns":4.0},{"damage":22.0,"enemies":"Gremlin Nob","floor":13.0,"turns":3.0},{"damage":10.0,"enemies":"Exordium Wildlife","floor":14.0,"turns":5.0},{"damage":5.0,"enemies":"Hexaghost","floor":16.0,"turns":9.0},{"damage":15.0,"enemies":"3 Byrds","floor":18.0,"turns":4.0},{"damage":6.0,"enemies":"Chosen","floor":19.0,"turns":4.0},{"damage":20.0,"enemies":"Centurion and Healer","floor":20.0,"turns":7.0},{"damage":22.0,"enemies":"Snake Plant","floor":21.0,"turns":5.0},{"damage":5,"enemies":"Snecko","floor":22,"turns":7},{"damage":10,"enemies":"Gremlin Leader","floor":23,"turns":4}],"seed_played":"1535209922947771072","potions_obtained":[{"floor":4.0,"key":"Explosive Potion"},{"floor":12.0,"key":"SteroidPotion"},{"floor":16.0,"key":"Dexterity Potion"},{"floor":18.0,"key":"SkillPotion"},{"floor":19.0,"key":"Explosive Potion"},{"floor":20.0,"key":"AttackPotion"},{"floor":21.0,"key":"Swift Potion"},{"floor":22,"key":"Block Potion"}],"is_trial":false,"path_per_floor":["M","M","M","M","M","E","R","E","T","M","R","M","E","M","R","B",null,"M","M","M","M","M","E"],"character_chosen":"THE_SILENT","items_purchased":[],"campfire_rested":0,"item_purchase_floors":[],"current_hp_per_floor":[60,58,55,48,47,39,39,50,50,47,47,47,25,29,29,24,59,44,38,30,20,27,29,29],"gold":392,"neow_bonus":"THREE_RARE_CARDS","is_daily":false,"chose_seed":false,"campfire_upgraded":3,"win_rate":0.0,"timestamp":1612198759,"path_taken":["M","M","M","M","M","E","R","E","T","M","R","M","E","M","R","BOSS","M","?","?","?","M","E"],"items_purchased_type":[],"build_version":"2020-12-22","purchased_purges":0,"victory":false,"max_hp_per_floor":[70,70,70,70,70,70,70,70,70,70,70,70,70,70,70,70,70,70,70,70,70,70,70,70],"card_choices":[{"not_picked":["Glass Knife","Wraith Form v2"],"picked":"Venomology","floor":0.0},{"not_picked":["Calculated Gamble","Deflect","Dodge and Roll"],"picked":"SKIP","floor":1.0},{"not_picked":["Deflect","Underhanded Strike"],"picked":"Dash","floor":2.0},{"not_picked":["Blade Dance","Bane"],"picked":"Adrenaline","floor":3.0},{"not_picked":["Dodge and Roll","Well Laid Plans"],"picked":"Dagger Throw","floor":4.0},{"not_picked":["Endless Agony","PiercingWail"],"picked":"Poisoned Stab","floor":5.0},{"not_picked":["Well Laid Plans","Storm of Steel"],"picked":"Night Terror","floor":6.0},{"not_picked":["Sucker Punch","Setup","Riddle With Holes"],"picked":"SKIP","floor":8.0},{"not_picked":["Underhanded Strike","Accuracy"],"picked":"Deadly Poison","floor":10.0},{"not_picked":["Concentrate","Deflect","Flying Knee"],"picked":"SKIP","floor":12.0},{"not_picked":["All Out Attack","Infinite Blades"],"picked":"Acrobatics","floor":13.0},{"not_picked":["Reflex","Quick Slash"],"picked":"Backflip","floor":14.0},{"not_picked":["Malaise","Envenom"],"picked":"A Thousand Cuts","floor":16.0},{"not_picked":["Dagger Spray","Dodge and Roll"],"picked":"Dagger Throw+1","floor":18.0},{"not_picked":["Dagger Throw","Dodge and Roll"],"picked":"PiercingWail","floor":19.0},{"not_picked":["Bane","Slice"],"picked":"Footwork","floor":20.0},{"not_picked":["Cloak And Dagger","Blade Dance","Sucker Punch+1"],"picked":"SKIP","floor":21.0},{"not_picked":["Setup","Heel Hook"],"picked":"Prepared","floor":22}],"player_experience":326783,"relics_obtained":[{"floor":6.0,"key":"Blue Candle"},{"floor":8.0,"key":"Tiny Chest"},{"floor":9.0,"key":"White Beast Statue"},{"floor":13.0,"key":"Orichalcum"},{"floor":17.0,"key":"Potion Belt"},{"floor":17.0,"key":"Meat on the Bone"},{"floor":17.0,"key":"Lizard Tail"}],"event_choices":[],"is_beta":false,"boss_relics":[{"not_picked":["Pandora\u0027s Box","Fusion Hammer"],"picked":"Calling Bell"}],"items_purged_floors":[],"is_endless":false,"potions_floor_spawned":[4,5,10,12,13,14,16,18,19,20,21,22],"killed_by":"Gremlin Leader","ascension_level":9}}