{"host":"cgwysqtmt736mr58","time":1612159748,"event":{"mods":["2.2 Compatiblity","Aspiration","BaseMod","Beaked The Cultist","BetterRewards","Colored Map","Colored Powertips","Downfall","Duelist Mod","GifTheSpireLib","Googly Eyes","Halation","Hermit","Hubris","Infinite Spire","Lobotomy","LobotomyExtend","Marisa????????","Minty Spire (QoL Compilation)","Relic Stats","Replay The Spire","Shade Mod","StSLib","The Construct","The Cursed","The Disciple","The Exalted","The Jungle","The Necromancer","The Runesmith","The Wild Card","Waifu the Spire","Yuri Mod"],"gold_per_floor":[0,11,27,27,38,38,38,71,83,100,200,218,218,312,325,422,422,422,436,446,190,190,90,90,90,108,108,108,13,27,27,37,137,137,137,151,151,162,162,162,189,67,82,94,94,94,124,124,141,141,141,141],"floor_reached":50,"language":"ENG","playtime":4196,"items_purged":[],"score":740,"play_id":"2e657d43-89b9-4cb7-85f4-3afdc00dd0be","local_time":"20210201170908","is_ascension_mode":true,"campfire_choices":[{"floor":1,"key":"DIG"},{"data":"bronze:DigitalCarnage","floor":13,"key":"SMITH"},{"floor":18,"key":"RECALL"},{"data":"bronze:MaxOutput","floor":23,"key":"SMITH"},{"floor":28,"key":"REST"},{"floor":35,"key":"DIG"},{"floor":40,"key":"REST"},{"floor":46,"key":"REST"}],"circlet_count":0,"master_deck":["bronze:Strike","bronze:Strike","bronze:Strike","bronze:Strike","bronze:Defend","bronze:Defend","bronze:Defend","bronze:Replicate","bronze:Goto","bronze:HardenedForm","bronze:BronzeOrb+1","bronze:Repair","bronze:Backtrace","bronze:Iterate","bronze:DelayedSlice","bronze:Constructor","bronze:WildBeam","bronze:Separator","bronze:DigitalCarnage+1","bronze:ClassDefault","bronze:MaxOutput+1","bronze:SpaghettiCode+1","bronze:BronzeOrb","bronze:Separator","bronze:OilSpill","bronze:Mutator","bronze:FineTuning","bronze:Iterate","bronze:Iterate","bronze:Branch","bronze:Repair","bronze:BronzeOrb","bronze:CloningBeam+1","bronze:MaxOutput","bronze:Mutator","bronze:FineTuning","bronze:Verify","bronze:DelayedSlice","bronze:Branch","bronze:ItsAFeature+1","bronze:FineTuning","bronze:Iterate+1","bronze:Iterate","bronze:InfiniteBeams"],"relics":["bronze:BronzeCore","hubris:PeanutButter","LetterFromLob","hubris:CuriousFeather","Prayer Wheel","Empty Cage","bronze:CableSpool","Nilry\u0027s Codex","downfall:HeartBlessingRed","Pear","Heaven_r","Black Star","halation:Diary","Pen Nib","Blood Vial","halation:Komachan","infinitespire:Joker Card","aspiration:Lifesprig","Dream Catcher","halation:PinkSoulGem"],"acts_visited":["Exordium","TheCity","TheBeyond"],"potions_floor_usage":[8,16,16,32,33,33,33,43,44,47],"damage_taken":[{"damage":0,"enemies":"Small Slimes","floor":2,"turns":5},{"damage":37,"enemies":"infinitespire:Voidling","floor":3,"turns":8},{"damage":0,"enemies":"2 Louse","floor":5,"turns":2},{"damage":38,"enemies":"Lagavulin","floor":8,"turns":8},{"damage":0,"enemies":"Gremlin Gang","floor":9,"turns":5},{"damage":0,"enemies":"Exordium Wildlife","floor":10,"turns":3},{"damage":0,"enemies":"3 Louse","floor":12,"turns":2},{"damage":0,"enemies":"Large Slime","floor":15,"turns":4},{"damage":51,"enemies":"DF_ARCHETYPE_STREAMLINE","floor":16,"turns":8},{"damage":0,"enemies":"Chosen","floor":19,"turns":4},{"damage":0,"enemies":"Chosen and Byrds","floor":20,"turns":4},{"damage":0,"enemies":"downfall:FleeingMerchant","floor":21,"turns":4},{"damage":20,"enemies":"Shelled Parasite and Fungi","floor":26,"turns":4},{"damage":0,"enemies":"Cultist and Chosen","floor":27,"turns":2},{"damage":2,"enemies":"downfall:FleeingMerchant","floor":29,"turns":4},{"damage":0,"enemies":"Cultist and Chosen","floor":30,"turns":3},{"damage":20,"enemies":"3 Cultists","floor":32,"turns":6},{"damage":63,"enemies":"Champ","floor":33,"turns":7},{"damage":0,"enemies":"Orb Walker","floor":36,"turns":2},{"damage":1,"enemies":"3 Shapes","floor":38,"turns":3},{"damage":0,"enemies":"downfall:FleeingMerchant","floor":42,"turns":4},{"damage":45,"enemies":"Spire Growth","floor":43,"turns":5},{"damage":2,"enemies":"3 Darklings","floor":44,"turns":3},{"damage":81,"enemies":"beaked:SuperParasite","floor":47,"turns":8},{"damage":0,"enemies":"4 Shapes","floor":49,"turns":3},{"damage":64,"enemies":"IC_BLOCK_ARCHETYPE","floor":50,"turns":2}],"seed_played":"7043330440072116146","potions_obtained":[{"floor":5,"key":"Doom Potion"},{"floor":6,"key":"Fire Potion"},{"floor":6,"key":"Elixir"},{"floor":8,"key":"Strength Potion"},{"floor":15,"key":"AttackPotion"},{"floor":16,"key":"SpeedPotion"},{"floor":26,"key":"Adrenaline Potion"},{"floor":32,"key":"BlessingOfTheForge"},{"floor":33,"key":"Weak Potion"},{"floor":36,"key":"Weak Potion"},{"floor":43,"key":"ColorlessPotion"}],"is_trial":false,"path_per_floor":["R_BF","M","M","?","M","?","T","E","M","M","?","M","R","?","M","B",null,"R","M","M","$","?","R","T","?","M","M","R","$","M","AVR","M","B",null,"R_BF","M","?","M","?","R","T","$","M","M","?","R","E","?","M","B"],"character_chosen":"THE_AUTOMATON","items_purchased":["bronze:CableSpool","bronze:MaxOutput","halation:Komachan","infinitespire:Joker Card"],"campfire_rested":3,"item_purchase_floors":[21,29,42,42],"current_hp_per_floor":[63,63,66,66,70,70,70,32,39,46,46,53,53,53,60,16,57,57,64,70,70,54,54,64,64,51,59,80,78,78,78,60,11,63,63,63,63,69,69,80,80,80,35,42,42,66,1,1,24,0,0,0],"gold":141,"neow_bonus":"THREE_RARE_CARDS","is_daily":false,"chose_seed":false,"campfire_upgraded":2,"win_rate":0.0,"timestamp":1612159748,"path_taken":["R_BF","M","M","?","?","?","T","E","?","M","?","M","R","?","M","BOSS","R","M","M","$","?","R","T","?","M","?","R","?","M","AVR","M","BOSS","R_BF","M","?","M","?","R","T","$","?","M","?","R","E","?","M","BOSS"],"items_purchased_type":["Relic","Card","Relic","Relic"],"build_version":"2020-12-22","purchased_purges":0,"victory":false,"max_hp_per_floor":[70,70,70,70,70,70,70,70,70,70,70,70,70,70,70,70,70,70,70,70,70,70,70,80,80,80,80,80,80,80,80,80,80,80,80,80,80,80,80,80,80,80,80,80,80,80,80,80,80,80,80,80],"relic_stats":{"Blood Vial":8,"Dream Catcher":0,"counters":[26,113],"Prayer Wheel":14,"Pen Nib":[9],"Black Star":1,"obtain_stats":[{"halation:Diary":31,"aspiration:Lifesprig":47,"bronze:BronzeCore":0,"Pear":24,"downfall:HeartBlessingRed":23,"Nilry\u0027s Codex":22,"Pen Nib":35,"infinitespire:Joker Card":42,"halation:Komachan":42,"Empty Cage":17,"bronze:CableSpool":21,"Heaven_r":27,"Blood Vial":41,"Dream Catcher":47,"hubris:PeanutButter":1,"Prayer Wheel":8,"hubris:CuriousFeather":7,"LetterFromLob":2,"Black Star":31,"halation:PinkSoulGem":48},{"halation:Diary":16,"aspiration:Lifesprig":24,"bronze:BronzeCore":0,"Pear":12,"downfall:HeartBlessingRed":12,"Nilry\u0027s Codex":12,"Pen Nib":18,"infinitespire:Joker Card":21,"halation:Komachan":21,"Empty Cage":9,"bronze:CableSpool":12,"Heaven_r":14,"Blood Vial":20,"Dream Catcher":24,"hubris:PeanutButter":0,"Prayer Wheel":4,"hubris:CuriousFeather":3,"LetterFromLob":1,"Black Star":16,"halation:PinkSoulGem":24},{"halation:Diary":70,"aspiration:Lifesprig":108,"bronze:BronzeCore":0,"Pear":57,"downfall:HeartBlessingRed":57,"Nilry\u0027s Codex":57,"Pen Nib":83,"infinitespire:Joker Card":92,"halation:Komachan":92,"Empty Cage":45,"bronze:CableSpool":57,"Heaven_r":63,"Blood Vial":88,"Dream Catcher":108,"hubris:PeanutButter":0,"Prayer Wheel":23,"hubris:CuriousFeather":15,"LetterFromLob":5,"Black Star":70,"halation:PinkSoulGem":108}]},"card_choices":[{"not_picked":["bronze:SpaghettiCode","bronze:BurnOut"],"picked":"bronze:HardenedForm","floor":0},{"not_picked":["bronze:Frontload","bronze:ForceShield"],"picked":"bronze:BronzeOrb","floor":2},{"not_picked":["bronze:Frontload","bronze:DarkDash"],"picked":"bronze:Repair","floor":3},{"not_picked":["bronze:FindAndReplace","bronze:ItsAFeature"],"picked":"bronze:Backtrace","floor":5},{"not_picked":["bronze:Backtrace","bronze:BugBarrage"],"picked":"bronze:Iterate","floor":8},{"not_picked":["bronze:NullPointer","bronze:CloningBeam"],"picked":"bronze:DelayedSlice","floor":9},{"not_picked":["bronze:FollowUp","bronze:Overload"],"picked":"bronze:Constructor","floor":9},{"not_picked":["bronze:DarkDash","bronze:NullPointer"],"picked":"bronze:WildBeam","floor":10},{"not_picked":["bronze:Overheat","bronze:BitShift"],"picked":"bronze:Separator","floor":10},{"not_picked":["bronze:Fortify","bronze:Invalidate"],"picked":"bronze:DigitalCarnage","floor":12},{"not_picked":["bronze:Overload","bronze:NullPointer"],"picked":"bronze:ClassDefault","floor":12},{"not_picked":["bronze:BuggyMess","bronze:Branch"],"picked":"bronze:MaxOutput","floor":14},{"not_picked":["bronze:Shield","bronze:BitShift"],"picked":"bronze:SpaghettiCode","floor":14},{"not_picked":["bronze:Terminator","bronze:CutThrough"],"picked":"bronze:BronzeOrb","floor":14},{"not_picked":["bronze:TinkerersToolbox","bronze:Turbo"],"picked":"bronze:Separator","floor":15},{"not_picked":["bronze:FollowUp","bronze:BuggyMess"],"picked":"bronze:OilSpill","floor":15},{"not_picked":["bronze:Hardcode","bronze:CleanCode"],"picked":"bronze:Mutator","floor":16},{"not_picked":["bronze:Allocate+1","bronze:DelayedGuard"],"picked":"bronze:FineTuning","floor":19},{"not_picked":["bronze:DelayedGuard","bronze:BuggyMess"],"picked":"bronze:Iterate","floor":19},{"not_picked":["bronze:WildBeam","bronze:BitShift+1"],"picked":"bronze:Iterate","floor":20},{"not_picked":["bronze:Shield","bronze:Iterate"],"picked":"bronze:Branch","floor":20},{"not_picked":["bronze:BugBarrage","bronze:Turbo"],"picked":"bronze:Repair","floor":21},{"not_picked":["bronze:Separator","bronze:ItsAFeature+1"],"picked":"bronze:BronzeOrb","floor":26},{"not_picked":["bronze:Deprecate","bronze:Turbo"],"picked":"bronze:CloningBeam+1","floor":26},{"not_picked":["bronze:Deprecate","bronze:Separator+1","bronze:Allocate"],"picked":"SKIP","floor":29},{"not_picked":["bronze:Overheat","bronze:Separator"],"picked":"bronze:Mutator","floor":30},{"not_picked":["bronze:Branch","bronze:BugBarrage","bronze:Shell"],"picked":"SKIP","floor":30},{"not_picked":["bronze:DarkDash","bronze:BuggyMess"],"picked":"bronze:FineTuning","floor":32},{"not_picked":["bronze:Shield","bronze:ForceShield","bronze:Deprecate"],"picked":"SKIP","floor":32},{"not_picked":["bronze:CleanCode","bronze:FindAndReplace"],"picked":"bronze:Verify","floor":33},{"not_picked":["bronze:BugBarrage+1","bronze:Repair"],"picked":"bronze:DelayedSlice","floor":36},{"not_picked":["bronze:Frontload","bronze:ForLoop"],"picked":"bronze:Branch","floor":36},{"not_picked":["bronze:Allocate","bronze:DigitalCarnage"],"picked":"bronze:ItsAFeature","floor":38},{"not_picked":["bronze:Overload","bronze:CutThrough+1","bronze:Invalidate"],"picked":"SKIP","floor":38},{"not_picked":["bronze:Verify","bronze:WildBeam+1","bronze:Allocate"],"picked":"SKIP","floor":42},{"not_picked":["bronze:BurnOut","bronze:DarkDash"],"picked":"bronze:FineTuning","floor":43},{"not_picked":["bronze:NullPointer","bronze:OilSpill","bronze:Deprecate"],"picked":"SKIP","floor":43},{"not_picked":["bronze:Return","bronze:DelayedGuard+1","bronze:BronzeArmor+1"],"picked":"SKIP","floor":44},{"not_picked":["bronze:ForceShield+1","bronze:Return","bronze:WildBeam"],"picked":"SKIP","floor":44},{"not_picked":["bronze:Overheat","bronze:WhirlingStrike+1"],"picked":"bronze:Iterate+1","floor":47},{"not_picked":["bronze:OilSpill","bronze:Overheat+1"],"picked":"bronze:Iterate","floor":49},{"not_picked":["bronze:Frontload","bronze:BuggyMess"],"picked":"bronze:InfiniteBeams","floor":49}],"player_experience":1071330,"relics_obtained":[{"floor":1,"key":"hubris:PeanutButter"},{"floor":2,"key":"LetterFromLob"},{"floor":7,"key":"hubris:CuriousFeather"},{"floor":8,"key":"Prayer Wheel"},{"floor":22,"key":"Nilry\u0027s Codex"},{"floor":24,"key":"Pear"},{"floor":35,"key":"Pen Nib"},{"floor":41,"key":"Blood Vial"},{"floor":47,"key":"aspiration:Lifesprig"},{"floor":47,"key":"Dream Catcher"}],"event_choices":[{"damage_healed":0,"gold_gain":0,"player_choice":"Got Potions","damage_taken":0,"max_hp_gain":0,"max_hp_loss":0,"event_name":"Lab","floor":6,"gold_loss":0},{"damage_healed":0,"gold_gain":0,"player_choice":"Ignored","damage_taken":0,"max_hp_gain":0,"max_hp_loss":0,"event_name":"Mysterious Sphere","floor":37,"gold_loss":0}],"is_beta":false,"boss_relics":[{"not_picked":["halation:Prosthetics","halation:LoveArrow"],"picked":"Empty Cage"},{"not_picked":["halation:Risk","halation:PlatinumPhoenix","Replay:Wanted Poster"]}],"items_purged_floors":[],"is_endless":false,"potions_floor_spawned":[5,8,15,16,26,27,30,32,33,36,43,49],"killed_by":"IC_BLOCK_ARCHETYPE","ascension_level":7}}