{"host":"2htk0ftrajbcnypf","time":1612151442,"event":{"mods":["AchievementEnabler","BaseMod","Better Note","Custom Start","Minty Spire (QoL Compilation)","Rare Cards Sparkle","Relic Filter Mod","Remove Card Discount Mod","Replay The Spire","StSLib","SuperFastMode"],"gold_per_floor":[112,122,132,132,132,132,132,166,189,218,249,53,65,99,99,197,197,213,213,213,35,64,91,105,139,139,139,162,216,117,166,261,387,437,488,369,746,746,802,866,866,916,942,784,833,864,891,671,715,753],"floor_reached":51,"language":"ZHS","playtime":1799,"items_purged":["CarveReality+1"],"score":1658,"play_id":"fa13f24a-6a45-4eb1-a481-4d65b2f6942e","local_time":"20210201115042","daily_mods":["Flight","DeadlyEvents","Elite Swarm"],"is_ascension_mode":false,"campfire_choices":[{"floor":6,"key":"REST"}],"circlet_count":0,"master_deck":["InnerPeace+1","Prostrate+1","FollowUp+1","FlurryOfBlows+1","Weave+1","Vault+1","Brilliance+1","TalkToTheHand+1","Scrawl+1","CrushJoints+1","Replay:LoomingThreat+1","JustLucky+1","CutThroughFate+1","Crescendo+1","Devotion+1","Replay:Cycle+1","Adaptation+1","ClearTheMind+1"],"relics":["PureWater","Membership Card","Frozen Egg 2","Toxic Egg 2","Molten Egg 2","Whetstone","War Paint","Quantum Egg","Matryoshka","Potion Belt","Pet Ghost","PreservedInsect","Lantern","ReplayFunnel","Pondfish Scales","Vajra","Bronze Scales","ReplayTheSpireMod:Ninjato","Omamori","Runic Pyramid","BargainBundle","Replay:Rubber Ducky","StrikeDummy","Replay:Towering Pillar of Hats","Replay:Baseball","Mummified Hand","Chameleon Ring","Replay:Bandana","Ginger","Tiny Chest","Mirror","Tiny House","Bottled Flame","Old Coin","Replay:WaspNest","ReplayTheSpireMod:Lightbulb","Question Card","HornCleat","Centennial Puzzle","Melange","Bag of Preparation","Boot","Oddly Smooth Stone","Gremlin Food","Strange Spoon","Nunchaku"],"acts_visited":["Exordium","TheCity","TheBeyond"],"potions_floor_usage":[14,14,25,33,40,45,47],"damage_taken":[{"damage":0,"enemies":"Cultist","floor":1,"turns":2},{"damage":7,"enemies":"Jaw Worm","floor":2,"turns":2},{"damage":0,"enemies":"Small Slimes","floor":3,"turns":2},{"damage":1,"enemies":"3 Sentries","floor":8,"turns":3},{"damage":0,"enemies":"Gremlin Nob","floor":10,"turns":3},{"damage":0,"enemies":"3 Sentries","floor":11,"turns":2},{"damage":0,"enemies":"Exordium Thugs","floor":13,"turns":2},{"damage":0,"enemies":"Replay:BlueRogue","floor":14,"turns":2},{"damage":0,"enemies":"Hexaghost","floor":16,"turns":2},{"damage":0,"enemies":"Spheric Guardian","floor":18,"turns":1},{"damage":0,"enemies":"Slavers","floor":22,"turns":1},{"damage":0,"enemies":"Book of Stabbing","floor":23,"turns":2},{"damage":0,"enemies":"Chosen","floor":24,"turns":1},{"damage":0,"enemies":"Slavers","floor":25,"turns":1},{"damage":0,"enemies":"Gremlin Leader","floor":29,"turns":3},{"damage":0,"enemies":"Replay:Snechameleon","floor":31,"turns":2},{"damage":0,"enemies":"Champ","floor":33,"turns":2},{"damage":0,"enemies":"3 Darklings","floor":35,"turns":2},{"damage":0,"enemies":"2 Orb Walkers","floor":37,"turns":1},{"damage":0,"enemies":"Reptomancer","floor":39,"turns":2},{"damage":0,"enemies":"R_Hoarder","floor":40,"turns":3},{"damage":0,"enemies":"Giant Head","floor":42,"turns":2},{"damage":0,"enemies":"R_Hoarder","floor":45,"turns":2},{"damage":0,"enemies":"3 Shapes","floor":46,"turns":1},{"damage":0,"enemies":"Jaw Worm Horde","floor":47,"turns":1},{"damage":0,"enemies":"Time Eater","floor":50,"turns":3}],"seed_played":"-8322876687713033677","potions_obtained":[{"floor":7,"key":"LifebloodPotion"},{"floor":7,"key":"Fruit Juice"},{"floor":7,"key":"Block Potion"},{"floor":8,"key":"Fruit Juice"},{"floor":10,"key":"Explosive Potion"},{"floor":14,"key":"Dexterity Potion"},{"floor":24,"key":"Milkshake"},{"floor":25,"key":"AttackPotion"},{"floor":33,"key":"FearPotion"},{"floor":34,"key":"CultistPotion"},{"floor":40,"key":"Swift Potion"},{"floor":46,"key":"Regen Potion"},{"floor":47,"key":"Strength Potion"},{"floor":49,"key":"StancePotion"}],"is_trial":true,"path_per_floor":["M","M","M","?","$","R","?","E","T","E","E","$","M","E","R","B",null,"M","?","?","$","E","E","M","E","T","?","T","E","$","E","R","B",null,"M","$","?","?","E","E","T","E","T","$","E","M","M","$","R","B",null],"character_chosen":"WATCHER","items_purchased":["Bronze Scales","ReplayTheSpireMod:Ninjato","BargainBundle","Replay:Rubber Ducky","JustLucky+1","Tiny Chest","Bottled Flame","Melange","Bag of Preparation","Oddly Smooth Stone","Gremlin Food","Strange Spoon"],"campfire_rested":1,"item_purchase_floors":[12,12,21,21,30,30,36,44,44,48,48,48],"current_hp_per_floor":[72,65,65,65,65,72,72,71,71,71,71,71,71,81,81,81,82,82,82,82,82,82,82,82,82,82,82,82,82,82,82,82,82,87,87,87,87,97,97,97,97,97,97,97,97,97,97,97,97,97],"gold":753,"neow_bonus":"","is_daily":false,"chose_seed":false,"campfire_upgraded":0,"win_rate":0.0,"timestamp":1612151442,"path_taken":["M","M","?","?","$","R","?","E","T","E","?","?","?","?","R","BOSS","M","?","?","?","?","E","?","E","T","?","?","E","$","E","R","BOSS","M","$","?","?","?","E","?","E","T","$","E","?","?","$","R","BOSS"],"items_purchased_type":["Relic","Relic","Relic","Relic","Card","Relic","Relic","Relic","Relic","Relic","Relic","Relic"],"build_version":"2020-12-22","purchased_purges":1,"victory":true,"max_hp_per_floor":[72,72,72,72,72,72,72,72,72,72,72,72,72,82,82,82,82,82,82,82,82,82,82,82,82,82,82,82,82,82,82,82,82,87,87,87,87,97,97,97,97,97,97,97,97,97,97,97,97,97],"card_choices":[{"not_picked":["Prostrate+1","WindmillStrike+1"],"picked":"Consecrate+1","floor":1},{"not_picked":["Fasting2+1","ClearTheMind+1","SashWhip+1"],"picked":"SKIP","floor":2},{"not_picked":["WaveOfTheHand+1","ForeignInfluence+1"],"picked":"Weave+1","floor":3},{"not_picked":["DeusExMachina+1","SpiritShield+1"],"picked":"Vault+1","floor":8},{"not_picked":["ConjureBlade+1","MasterReality+1","Establishment+1"],"picked":"SKIP","floor":10},{"not_picked":["Establishment+1","Vault+1"],"picked":"Brilliance+1","floor":11},{"not_picked":["FearNoEvil+1","FlurryOfBlows+1"],"picked":"TalkToTheHand+1","floor":13},{"not_picked":["Omniscience+1","Judgement+1"],"picked":"Scrawl+1","floor":14},{"not_picked":["Evaluate+1","Replay:Battleflow+1","Replay:DivineShield+1"],"picked":"SKIP","floor":18},{"not_picked":["DevaForm+1","Ragnarok+1"],"picked":"Devotion+1","floor":22},{"not_picked":["Judgement+1","MasterReality+1","Brilliance+1"],"picked":"SKIP","floor":23},{"not_picked":["Worship+1","WreathOfFlame+1"],"picked":"CrushJoints+1","floor":24},{"not_picked":["SpiritShield+1","Alpha+1"],"picked":"Replay:LoomingThreat+1","floor":25},{"not_picked":["Establishment+1","Omniscience+1","Scrawl+1"],"picked":"SKIP","floor":29},{"not_picked":["Replay:AllIn+1","DeusExMachina+1","Blasphemy+1"],"picked":"SKIP","floor":31},{"not_picked":["WaveOfTheHand+1","Replay:Hum+1"],"picked":"CutThroughFate+1","floor":34},{"not_picked":["Consecrate+1","ThirdEye+1","ForeignInfluence+1"],"picked":"SKIP","floor":35},{"not_picked":["Worship+1","FlurryOfBlows+1"],"picked":"Crescendo+1","floor":37},{"not_picked":["DevaForm+1","LessonLearned+1","DeusExMachina+1"],"picked":"SKIP","floor":39},{"not_picked":["Alpha+1","Brilliance+1","Ragnarok+1"],"picked":"SKIP","floor":40},{"not_picked":["Vault+1","DevaForm+1","Wish+1"],"picked":"Devotion+1","floor":42},{"not_picked":["DeusExMachina+1","Scrawl+1","MasterReality+1","ConjureBlade+1"],"picked":"SKIP","floor":45},{"not_picked":["FearNoEvil+1","Indignation+1","FlyingSleeves+1"],"picked":"Replay:Cycle+1","floor":46},{"not_picked":["Consecrate+1","EmptyFist+1","Collect+1"],"picked":"Adaptation+1","floor":47},{"not_picked":["WreathOfFlame+1","SignatureMove+1","Wallop+1"],"picked":"ClearTheMind+1","floor":49}],"player_experience":10465,"relics_obtained":[{"floor":8,"key":"PreservedInsect"},{"floor":9,"key":"Lantern"},{"floor":9,"key":"ReplayFunnel"},{"floor":10,"key":"Pondfish Scales"},{"floor":11,"key":"Vajra"},{"floor":14,"key":"Omamori"},{"floor":22,"key":"StrikeDummy"},{"floor":23,"key":"Replay:Towering Pillar of Hats"},{"floor":25,"key":"Replay:Baseball"},{"floor":26,"key":"Mummified Hand"},{"floor":26,"key":"Chameleon Ring"},{"floor":28,"key":"Replay:Bandana"},{"floor":29,"key":"Ginger"},{"floor":31,"key":"Mirror"},{"floor":37,"key":"Old Coin"},{"floor":39,"key":"Replay:WaspNest"},{"floor":40,"key":"ReplayTheSpireMod:Lightbulb"},{"floor":41,"key":"Question Card"},{"floor":42,"key":"HornCleat"},{"floor":43,"key":"Centennial Puzzle"},{"floor":45,"key":"Boot"},{"floor":49,"key":"Nunchaku"}],"event_choices":[{"damage_healed":0,"gold_gain":0,"player_choice":"Leave","damage_taken":0,"max_hp_gain":0,"max_hp_loss":0,"event_name":"The Cleric","floor":4,"gold_loss":0},{"damage_healed":0,"gold_gain":0,"player_choice":"Got Potions","damage_taken":0,"max_hp_gain":0,"max_hp_loss":0,"event_name":"Lab","floor":7,"gold_loss":0},{"damage_healed":0,"gold_gain":0,"cards_transformed":["Consecrate"],"player_choice":"Change","damage_taken":0,"max_hp_gain":0,"max_hp_loss":0,"event_name":"Living Wall","floor":15,"gold_loss":0,"cards_obtained":["CarveReality"]},{"damage_healed":0,"gold_gain":0,"player_choice":"0 cards matched","damage_taken":0,"max_hp_gain":0,"max_hp_loss":0,"event_name":"Match and Keep!","floor":19,"gold_loss":0,"cards_obtained":[]},{"cards_removed":["Vault"],"damage_healed":0,"gold_gain":0,"player_choice":"Give","damage_taken":0,"max_hp_gain":0,"max_hp_loss":0,"event_name":"betterNote:BetterNote","floor":20,"gold_loss":0,"cards_obtained":["FollowUp"]},{"damage_healed":0,"gold_gain":0,"player_choice":"Simplicity","damage_taken":0,"max_hp_gain":0,"max_hp_loss":0,"event_name":"Back to Basics","floor":27,"gold_loss":0,"cards_upgraded":[]},{"damage_healed":0,"gold_gain":0,"player_choice":"Fight","damage_taken":0,"max_hp_gain":0,"max_hp_loss":0,"event_name":"Mysterious Sphere","floor":37,"gold_loss":0},{"cards_removed":["Devotion"],"damage_healed":0,"gold_gain":0,"player_choice":"Offered Rare","damage_taken":0,"max_hp_gain":10,"max_hp_loss":0,"event_name":"Bonfire Elementals","floor":38,"gold_loss":0}],"is_beta":false,"boss_relics":[{"not_picked":["Empty Cage","Astrolabe"],"picked":"Runic Pyramid"},{"not_picked":["Busted Crown","Replay:Bronze Core"],"picked":"Tiny House"}],"items_purged_floors":[21],"is_endless":false,"potions_floor_spawned":[8,10,11,14,24,25,33,39,40,46,47],"ascension_level":0}}