{"host":"Berg","time":1612210696,"event":{"mods":["AchievementEnabler","BaseMod","Colored Map","Downfall","Gremlin Skip","Highlight Path","Minty Spire (QoL Compilation)","Relic Stats","StSLib"],"gold_per_floor":[99,110,110,110,25,61,88,88,88,111,146,64,76,226,252,358,358,358,358,376,19,39,39,39,77,97,182,202,202,202,230,246,354,354,354,368,368,476,503,540,563,587,587,254,4,31,31,47,67,67],"floor_reached":51,"language":"ENG","playtime":4562,"items_purged":["hexamod:Strike","hexamod:Strike"],"score":757,"play_id":"3c250963-c455-472e-b573-0fce4a5da8df","local_time":"20210201151816","is_ascension_mode":false,"campfire_choices":[{"data":"hexamod:Float","floor":1,"key":"SMITH"},{"data":"hexamod:ForkedFlame","floor":18,"key":"SMITH"},{"data":"hexamod:HexaLevel","floor":23,"key":"SMITH"},{"floor":30,"key":"REST"},{"data":"hexamod:PhantomCloak","floor":35,"key":"SMITH"},{"floor":43,"key":"REST"},{"data":"hexamod:HeatCrush","floor":47,"key":"SMITH"}],"circlet_count":0,"master_deck":["hexamod:Strike+1","hexamod:Strike+1","hexamod:Defend","hexamod:Defend+1","hexamod:Defend+1","hexamod:Defend+1","hexamod:Sear+1","hexamod:Float+1","downfall:Malfunctioning","hexamod:HeatMetal","hexamod:HexaLevel+1","hexamod:PhantomCloak+1","hexamod:TimeOfNeed","hexamod:RecurringNightmare","hexamod:HeatCrush+1","downfall:Icky","hexamod:NightmareGuise","hexamod:ForkedFlame+1","hexamod:TimeWarp","hexamod:HeatShield","hexamod:ThermalTransfer+1","hexamod:AdvancingGuard+1","hexamod:RetreatToShadows","hexamod:SkipABeat","hexamod:Hexaguard+1","hexamod:ForkedFlame+1","hexamod:RetreatToShadows+1","hexamod:ForkedFlame","hexamod:Again","hexamod:HeatCrush+1","hexamod:Rewind+1","hexamod:Hexaguard+1","hexamod:Again+1"],"relics":["hexamod:SpiritBrand","Singing Bowl","War Paint","Ancient Tea Set","downfall:ShatteredFragment","Lizard Tail","SlaversCollar","Nunchaku","Pen Nib","Omamori","Bronze Scales","Philosopher\u0027s Stone","White Beast Statue","Lantern","MealTicket","hexamod:MatchstickCase","hexamod:TheBrokenSeal"],"acts_visited":["Exordium","TheCity","TheBeyond"],"potions_floor_usage":[16,25,36,45],"damage_taken":[{"damage":0,"enemies":"Small Slimes","floor":2,"turns":3},{"damage":0,"enemies":"downfall:FleeingMerchant","floor":5,"turns":4},{"damage":8,"enemies":"Lagavulin","floor":6,"turns":6},{"damage":0,"enemies":"Jaw Worm","floor":10,"turns":3},{"damage":13,"enemies":"Gremlin Nob","floor":11,"turns":4},{"damage":0,"enemies":"downfall:FleeingMerchant","floor":12,"turns":4},{"damage":0,"enemies":"2 Louse","floor":13,"turns":3},{"damage":2,"enemies":"2 Fungi Beasts","floor":15,"turns":4},{"damage":36,"enemies":"IC_STATUS_ARCHETYPE","floor":16,"turns":8},{"damage":6,"enemies":"Spheric Guardian","floor":20,"turns":6},{"damage":0,"enemies":"downfall:FleeingMerchant","floor":21,"turns":4},{"damage":8,"enemies":"Chosen","floor":22,"turns":5},{"damage":25,"enemies":"Slavers","floor":25,"turns":5},{"damage":13,"enemies":"Shelled Parasite and Fungi","floor":26,"turns":5},{"damage":32,"enemies":"Snecko","floor":28,"turns":6},{"damage":4,"enemies":"Centurion and Healer","floor":31,"turns":8},{"damage":8,"enemies":"Snake Plant","floor":32,"turns":4},{"damage":7,"enemies":"SI_MIRROR_ARCHETYPE","floor":33,"turns":8},{"damage":0,"enemies":"Orb Walker","floor":36,"turns":3},{"damage":6,"enemies":"downfall:LadyInBlue","floor":38,"turns":9},{"damage":46,"enemies":"3 Shapes","floor":39,"turns":4},{"damage":21,"enemies":"Reptomancer","floor":40,"turns":7},{"damage":15,"enemies":"Transient","floor":42,"turns":5},{"damage":25,"enemies":"downfall:FleeingMerchant","floor":45,"turns":4},{"damage":9,"enemies":"Sphere and 2 Shapes","floor":46,"turns":7},{"damage":5,"enemies":"4 Shapes","floor":48,"turns":7},{"damage":0,"enemies":"Jaw Worm Horde","floor":49,"turns":5},{"damage":59,"enemies":"DF_ARCHETYPE_ORBS","floor":50,"turns":9}],"seed_played":"-1715340202749008607","potions_obtained":[{"floor":2,"key":"LiquidMemories"},{"floor":10,"key":"SkillPotion"},{"floor":15,"key":"Strength Potion"},{"floor":19,"key":"CultistPotion"},{"floor":25,"key":"DuplicationPotion"},{"floor":28,"key":"Swift Potion"},{"floor":36,"key":"Strength Potion"},{"floor":38,"key":"Dexterity Potion"},{"floor":45,"key":"Regen Potion"},{"floor":48,"key":"AttackPotion"}],"is_trial":false,"path_per_floor":["R","M","?","T","$","E","T","?","?","M","E","$","M","?","M","B",null,"R","?","M","$","M","R","T","E","M","?","M","?","R","M","M","B",null,"R","M","?","?","M","E","T","M","R","?","$","M","R","M","M","B",null],"character_chosen":"THE_SPIRIT","items_purchased":["hexamod:SecondSeal","Nunchaku","Pen Nib","hexamod:AdvancingGuard","hexamod:MatchstickCase"],"campfire_rested":2,"item_purchase_floors":[5,21,21,21,45],"current_hp_per_floor":[77,77,77,77,77,71,71,50,50,57,51,58,65,65,72,36,81,81,81,83,85,79,79,79,63,59,45,22,22,49,54,55,55,97,97,99,99,103,66,54,54,46,78,120,104,134,134,131,133,74],"gold":67,"neow_bonus":"TEN_PERCENT_HP_BONUS","is_daily":false,"chose_seed":false,"campfire_upgraded":5,"win_rate":0.0,"timestamp":1612210696,"path_taken":["R","M","?","?","$","E","T","?","?","M","E","?","?","?","M","BOSS","R","?","M","$","M","R","T","E","M","?","M","?","R","?","M","BOSS","R","M","?","?","?","E","T","M","R","?","$","M","R","M","M","BOSS"],"items_purchased_type":["Card","Relic","Relic","Card","Relic"],"build_version":"2020-12-18","purchased_purges":2,"victory":true,"max_hp_per_floor":[77,77,77,77,77,79,79,79,79,79,79,79,79,79,81,81,81,81,81,83,85,87,87,87,89,91,91,93,93,93,95,97,97,97,97,99,99,103,105,107,107,107,107,120,122,134,134,136,138,138],"relic_stats":{"Lizard Tail":0,"Nunchaku":[22],"Singing Bowl":38,"counters":[28,150],"Bronze Scales":[202],"MealTicket":0,"Pen Nib":[22],"War Paint":["hexamod:Defend","hexamod:Sear"],"obtain_stats":[{"Lantern":40,"downfall:ShatteredFragment":8,"Singing Bowl":4,"hexamod:TheBrokenSeal":46,"Pen Nib":21,"Omamori":24,"War Paint":6,"Ancient Tea Set":7,"White Beast Statue":38,"hexamod:MatchstickCase":45,"SlaversCollar":17,"Lizard Tail":11,"Nunchaku":21,"Bronze Scales":25,"Philosopher\u0027s Stone":34,"MealTicket":41,"hexamod:SpiritBrand":0},{"Lantern":22,"downfall:ShatteredFragment":3,"Singing Bowl":1,"hexamod:TheBrokenSeal":25,"Pen Nib":11,"Omamori":12,"War Paint":3,"Ancient Tea Set":3,"White Beast Statue":20,"hexamod:MatchstickCase":24,"SlaversCollar":9,"Lizard Tail":5,"Nunchaku":11,"Bronze Scales":13,"Philosopher\u0027s Stone":18,"MealTicket":22,"hexamod:SpiritBrand":0},{"Lantern":113,"downfall:ShatteredFragment":13,"Singing Bowl":3,"hexamod:TheBrokenSeal":128,"Pen Nib":49,"Omamori":54,"War Paint":13,"Ancient Tea Set":13,"White Beast Statue":102,"hexamod:MatchstickCase":122,"SlaversCollar":39,"Lizard Tail":20,"Nunchaku":49,"Bronze Scales":59,"Philosopher\u0027s Stone":90,"MealTicket":113,"hexamod:SpiritBrand":0}]},"card_choices":[{"not_picked":["hexamod:RetreatToShadows","hexamod:NightmareGuise"],"picked":"hexamod:FirstSeal","floor":2},{"not_picked":["hexamod:GhostflameBarrier","hexamod:ShieldOfDarkness"],"picked":"hexamod:HeatMetal","floor":5},{"not_picked":["hexamod:Haunt","hexamod:GhostShield","hexamod:EtherealExpedition"],"picked":"Singing Bowl","floor":6},{"not_picked":["hexamod:HeatMetal","hexamod:AdvancingGuard"],"picked":"hexamod:ThirdSeal","floor":10},{"not_picked":["hexamod:Hexaguard","hexamod:FirstSeal"],"picked":"hexamod:HexaLevel","floor":11},{"not_picked":["hexamod:CatchUp","hexamod:SoulSteal"],"picked":"hexamod:PhantomCloak","floor":12},{"not_picked":["hexamod:HeatMetal","hexamod:SoulSteal"],"picked":"hexamod:TimeOfNeed","floor":12},{"not_picked":["hexamod:ChargedBarrage","hexamod:Firestarter"],"picked":"hexamod:RecurringNightmare","floor":13},{"not_picked":["hexamod:SwordOfDarkness","hexamod:SecondSeal"],"picked":"hexamod:HeatCrush","floor":13},{"not_picked":["hexamod:FastForward","hexamod:SwordOfDarkness","hexamod:PhantomFireball"],"picked":"Singing Bowl","floor":15},{"not_picked":["hexamod:CatchUp","hexamod:GhostShield"],"picked":"hexamod:NightmareGuise","floor":15},{"not_picked":["hexamod:UnlimitedPower","hexamod:HexaLevel"],"picked":"hexamod:ForkedFlame","floor":16},{"not_picked":["hexamod:TimeOfNeed","hexamod:ParanormalForm"],"picked":"hexamod:TimeWarp","floor":16},{"not_picked":["hexamod:HauntingEcho+1","hexamod:PhantomFireball+1","hexamod:SwordOfDarkness"],"picked":"Singing Bowl","floor":20},{"not_picked":["hexamod:RadiantFlame","hexamod:Incineration"],"picked":"hexamod:HeatShield","floor":20},{"not_picked":["hexamod:HauntingEcho","hexamod:Firestarter","hexamod:DynamicBlow"],"picked":"Singing Bowl","floor":21},{"not_picked":["hexamod:SpectralAdrenaline","hexamod:PhantomCloak"],"picked":"hexamod:ThermalTransfer+1","floor":21},{"not_picked":["hexamod:BurningTouch","hexamod:StepThrough"],"picked":"hexamod:RetreatToShadows","floor":22},{"not_picked":["hexamod:StepThrough","hexamod:InspiringFlames+1","hexamod:NightmareGuise+1"],"picked":"Singing Bowl","floor":22},{"not_picked":["hexamod:HauntingEcho","hexamod:FastForward"],"picked":"hexamod:FourthSeal","floor":25},{"not_picked":["hexamod:ThirdSeal","hexamod:SpectersWail","hexamod:ShieldOfDarkness+1"],"picked":"Singing Bowl","floor":25},{"not_picked":["hexamod:InspiringFlames","hexamod:GhostLash"],"picked":"hexamod:SkipABeat","floor":26},{"not_picked":["hexamod:RecurringNightmare","hexamod:EmpoweredFlame","hexamod:NightmareGuise"],"picked":"Singing Bowl","floor":26},{"not_picked":["hexamod:HexaLevel","hexamod:SwordOfDarkness","hexamod:SpectersWail+1"],"picked":"Singing Bowl","floor":28},{"not_picked":["hexamod:Firestarter","hexamod:RadiantFlame"],"picked":"hexamod:Hexaguard","floor":28},{"not_picked":["hexamod:BurningTouch+1","hexamod:HeatCrush"],"picked":"hexamod:RetreatToShadows","floor":31},{"not_picked":["hexamod:GhostflameInferno","hexamod:ThirdSeal","hexamod:Haunt"],"picked":"Singing Bowl","floor":31},{"not_picked":["hexamod:FirstSeal","hexamod:ChargedBarrage","hexamod:HauntingEcho"],"picked":"Singing Bowl","floor":32},{"not_picked":["hexamod:UnlimitedPower","hexamod:WildfireWeapon"],"picked":"hexamod:SixthSeal","floor":33},{"not_picked":["hexamod:GhostOfSpirePresent","hexamod:VolcanoVisage"],"picked":"hexamod:ForkedFlame","floor":33},{"not_picked":["hexamod:AdvancingGuard","hexamod:ShieldOfDarkness+1","hexamod:ThermalTransfer"],"picked":"Singing Bowl","floor":36},{"not_picked":["hexamod:GhostShield","hexamod:ThirdSeal","hexamod:BurningTouch+1"],"picked":"Singing Bowl","floor":38},{"not_picked":["hexamod:ShieldOfDarkness+1","hexamod:HeatMetal+1","hexamod:InspiringFlames"],"picked":"Singing Bowl","floor":38},{"not_picked":["hexamod:GhostLash","hexamod:HauntingEcho","hexamod:BurningTouch"],"picked":"Singing Bowl","floor":39},{"not_picked":["hexamod:ShieldOfDarkness+1","hexamod:GhostShield"],"picked":"hexamod:Again","floor":39},{"not_picked":["hexamod:ExtraCrispy+1","hexamod:InspiringFlames+1","hexamod:NightmareGuise+1"],"picked":"Singing Bowl","floor":40},{"not_picked":["hexamod:BacktrackSmack","hexamod:Firestarter+1"],"picked":"hexamod:FifthSeal","floor":40},{"not_picked":["hexamod:Firestarter+1","hexamod:AdvancingGuard+1"],"picked":"hexamod:HeatCrush+1","floor":42},{"not_picked":["hexamod:HauntingEcho+1","hexamod:NecessarySacrifice"],"picked":"hexamod:Rewind+1","floor":42},{"not_picked":["hexamod:GhostLash","hexamod:BacktrackSmack","hexamod:AdvancingGuard+1"],"picked":"Singing Bowl","floor":45},{"not_picked":["hexamod:HeatMetal","hexamod:HexaLevel"],"picked":"hexamod:Hexaguard+1","floor":45},{"not_picked":["hexamod:HauntingEcho","hexamod:CatchUp","hexamod:BurningTouch+1"],"picked":"Singing Bowl","floor":46},{"not_picked":["hexamod:FastForward+1","hexamod:BurningTouch+1"],"picked":"hexamod:Again+1","floor":46},{"not_picked":["hexamod:DynamicBlow+1","hexamod:ThermalTransfer+1","hexamod:Firestarter"],"picked":"Singing Bowl","floor":48},{"not_picked":["hexamod:Firestarter+1","hexamod:RadiantFlame","hexamod:SecondSeal"],"picked":"Singing Bowl","floor":49}],"player_experience":1373445,"relics_obtained":[{"floor":4,"key":"Singing Bowl"},{"floor":6,"key":"War Paint"},{"floor":7,"key":"Ancient Tea Set"},{"floor":11,"key":"Lizard Tail"},{"floor":24,"key":"Omamori"},{"floor":25,"key":"Bronze Scales"},{"floor":38,"key":"White Beast Statue"},{"floor":40,"key":"Lantern"},{"floor":41,"key":"MealTicket"}],"event_choices":[],"is_beta":true,"boss_relics":[{"not_picked":["Pandora\u0027s Box","Snecko Eye"],"picked":"SlaversCollar"},{"not_picked":["SacredBark","Cursed Key"],"picked":"Philosopher\u0027s Stone"}],"items_purged_floors":[12,45],"is_endless":false,"potions_floor_spawned":[2,10,15,22,25,28,33,38,39,40,42,45,46,48,49],"ascension_level":0}}