{"host":"3qkmyeoym75lj4wn","time":1612204844,"event":{"mods":["2.2 Compatiblity","BaseMod","Block Reminder","Colored Powertips","Highlight Path","Minty Spire (QoL Compilation)","Permanent Neow","Potion Indicator Mod","Rare Cards Sparkle","Relic Stats","StSLib","Unceasing Turn Reminder"],"gold_per_floor":[118,193,30,30,50,76,92,92,119,139,139,149,30,40,40,119,119,133,143,193,10,10,43,43,43,43,43,78,78,15,35,35,112,112,130,28,38,38,53,83,83,108,108,108,108,108,108,118,118,118,118],"floor_reached":50,"language":"ENG","playtime":1598,"items_purged":["Pain"],"score":1097,"play_id":"66310a68-a43d-4936-8025-8d507eef7276","local_time":"20210201184044","is_ascension_mode":true,"campfire_choices":[{"floor":8,"key":"REST"},{"data":"Dagger Spray","floor":11,"key":"SMITH"},{"data":"Glass Knife","floor":15,"key":"SMITH"},{"floor":24,"key":"REST"},{"floor":29,"key":"REST"},{"floor":32,"key":"REST"},{"floor":41,"key":"REST"},{"floor":45,"key":"RECALL"},{"floor":47,"key":"REST"},{"floor":49,"key":"REST"}],"circlet_count":0,"master_deck":["AscendersBane","Strike_G","Strike_G","Strike_G","Strike_G","Defend_G","Defend_G","Defend_G","Defend_G","Defend_G","Survivor","Neutralize","Doppelganger","Riddle With Holes","Backstab","Dagger Spray+1","PiercingWail","Blade Dance","Accuracy","Glass Knife+1","Storm of Steel","Blade Dance","Master of Strategy","Accuracy","Accuracy","Crippling Poison","Phantasmal Killer","Blade Dance","Accuracy","Backstab","Noxious Fumes","Wraith Form v2"],"relics":["Ring of the Serpent","PreservedInsect","WarpedTongs","Lantern","Potion Belt","Fusion Hammer","Orichalcum","MutagenicStrength","Snake Skull","The Courier","MealTicket","Mercury Hourglass"],"acts_visited":["Exordium","TheCity","TheBeyond"],"potions_floor_usage":[6,18,23,28,33,35,39,39,42,50,50],"damage_taken":[{"damage":1,"enemies":"Small Slimes","floor":1,"turns":5},{"damage":3,"enemies":"Jaw Worm","floor":5,"turns":3},{"damage":19,"enemies":"3 Sentries","floor":6,"turns":8},{"damage":5,"enemies":"Cultist","floor":7,"turns":2},{"damage":2,"enemies":"Looter","floor":10,"turns":4},{"damage":3,"enemies":"2 Fungi Beasts","floor":12,"turns":3},{"damage":8,"enemies":"Lots of Slimes","floor":14,"turns":3},{"damage":14,"enemies":"Hexaghost","floor":16,"turns":9},{"damage":0,"enemies":"Spheric Guardian","floor":18,"turns":2},{"damage":0,"enemies":"3 Byrds","floor":19,"turns":4},{"damage":33,"enemies":"Book of Stabbing","floor":23,"turns":5},{"damage":12,"enemies":"Gremlin Leader","floor":28,"turns":3},{"damage":0,"enemies":"Snecko","floor":31,"turns":2},{"damage":28,"enemies":"Automaton","floor":33,"turns":5},{"damage":1,"enemies":"Orb Walker","floor":35,"turns":2},{"damage":9,"enemies":"3 Shapes","floor":37,"turns":4},{"damage":14,"enemies":"Transient","floor":39,"turns":6},{"damage":12,"enemies":"Giant Head","floor":40,"turns":4},{"damage":54,"enemies":"Nemesis","floor":42,"turns":4},{"damage":0,"enemies":"Jaw Worm Horde","floor":48,"turns":4},{"damage":56,"enemies":"Donu and Deca","floor":50,"turns":3}],"seed_played":"183813498967312325","potions_obtained":[{"floor":1,"key":"SpeedPotion"},{"floor":5,"key":"Energy Potion"},{"floor":10,"key":"EssenceOfSteel"},{"floor":16,"key":"DuplicationPotion"},{"floor":19,"key":"FairyPotion"},{"floor":27,"key":"Strength Potion"},{"floor":27,"key":"SteroidPotion"},{"floor":28,"key":"BlessingOfTheForge"},{"floor":33,"key":"LiquidMemories"},{"floor":37,"key":"GhostInAJar"},{"floor":40,"key":"Explosive Potion"},{"floor":42,"key":"EssenceOfSteel"}],"is_trial":false,"path_per_floor":["M","?","$","?","M","E","M","R","T","M","R","M","$","M","R","B",null,"M","M","?","$","?","E","R","?","T","?","E","R","$","M","R","B",null,"M","$","M","$","M","E","R","E","T","?","R","?","R","M","R","B"],"character_chosen":"THE_SILENT","items_purchased":["PreservedInsect","Accuracy","Master of Strategy","Accuracy","Accuracy","Backstab"],"campfire_rested":7,"item_purchase_floors":[3,13,21,30,36,36],"current_hp_per_floor":[58,47,47,47,44,25,20,39,39,37,37,34,34,26,26,12,53,53,53,53,53,53,20,39,39,39,39,27,46,46,46,65,37,59,58,58,49,49,35,23,42,19,19,19,19,19,37,37,55,0,0],"gold":118,"neow_bonus":"TRANSFORM_CARD","is_daily":false,"chose_seed":false,"campfire_upgraded":2,"win_rate":0.0,"timestamp":1612204844,"path_taken":["M","?","$","?","M","E","M","R","T","M","R","?","$","M","R","BOSS","M","M","?","$","?","E","R","?","T","?","E","R","$","M","R","BOSS","M","?","?","$","M","E","R","E","T","?","R","?","R","M","R","BOSS"],"items_purchased_type":["Relic","Card","Card","Card","Card","Card"],"build_version":"2020-12-22","purchased_purges":1,"victory":false,"max_hp_per_floor":[66,66,66,66,66,66,66,66,66,66,66,66,66,66,66,66,66,66,66,66,66,66,66,66,66,66,66,66,66,66,66,66,66,66,66,66,66,66,66,66,66,66,66,66,66,63,63,63,63,63,63],"relic_stats":{"counters":[21,85],"MealTicket":0,"PreservedInsect":299,"Snake Skull":[11],"Orichalcum":[174],"obtain_stats":[{"Potion Belt":9,"Lantern":6,"PreservedInsect":3,"Snake Skull":26,"The Courier":28,"Orichalcum":23,"WarpedTongs":4,"Mercury Hourglass":42,"MutagenicStrength":25,"MealTicket":40,"Fusion Hammer":17,"Ring of the Serpent":34,"Ring of the Snake":0},{"Potion Belt":4,"Lantern":3,"PreservedInsect":1,"Snake Skull":11,"The Courier":12,"Orichalcum":11,"WarpedTongs":1,"Mercury Hourglass":19,"MutagenicStrength":11,"MealTicket":18,"Fusion Hammer":8,"Ring of the Serpent":14,"Ring of the Snake":0},{"Potion Belt":18,"Lantern":16,"PreservedInsect":5,"Snake Skull":48,"The Courier":51,"Orichalcum":48,"WarpedTongs":5,"Mercury Hourglass":78,"MutagenicStrength":48,"MealTicket":74,"Fusion Hammer":37,"Ring of the Serpent":58,"Ring of the Snake":0}],"WarpedTongs":[80],"Mercury Hourglass":[15]},"card_choices":[{"not_picked":["Heel Hook","Setup"],"picked":"Riddle With Holes","floor":1},{"not_picked":["Underhanded Strike","Caltrops"],"picked":"Backstab","floor":5},{"not_picked":["Flying Knee","Terror"],"picked":"Dagger Spray","floor":6},{"not_picked":["Acrobatics","Calculated Gamble"],"picked":"PiercingWail","floor":7},{"not_picked":["Accuracy","Burst","Sucker Punch"],"picked":"SKIP","floor":10},{"not_picked":["Calculated Gamble","PiercingWail"],"picked":"Blade Dance","floor":12},{"not_picked":["Dagger Throw","Prepared"],"picked":"Glass Knife","floor":14},{"not_picked":["Night Terror","After Image"],"picked":"Storm of Steel","floor":16},{"not_picked":["Backflip","Reflex"],"picked":"Blade Dance","floor":18},{"not_picked":["Poisoned Stab","Dagger Spray","Flechettes"],"picked":"SKIP","floor":19},{"not_picked":["Riddle With Holes","Glass Knife","Flying Knee"],"picked":"SKIP","floor":23},{"not_picked":["Flying Knee","Heel Hook"],"picked":"Accuracy","floor":28},{"not_picked":["Setup","Acrobatics"],"picked":"Crippling Poison","floor":31},{"not_picked":["Tools of the Trade","Grand Finale"],"picked":"Phantasmal Killer","floor":33},{"not_picked":["Poisoned Stab","Expertise"],"picked":"Blade Dance","floor":35},{"not_picked":["Blade Dance","Heel Hook","Flying Knee"],"picked":"SKIP","floor":37},{"not_picked":["PiercingWail","Backstab"],"picked":"Noxious Fumes","floor":39},{"not_picked":["Dash+1","Tactician+1","Prepared"],"picked":"SKIP","floor":40},{"not_picked":["Bane","Deadly Poison"],"picked":"Wraith Form v2","floor":42},{"not_picked":["Outmaneuver","Blade Dance","Choke"],"picked":"SKIP","floor":48}],"player_experience":1723937,"relics_obtained":[{"floor":6,"key":"Lantern"},{"floor":9,"key":"Potion Belt"},{"floor":23,"key":"Orichalcum"},{"floor":26,"key":"Snake Skull"},{"floor":28,"key":"The Courier"},{"floor":40,"key":"MealTicket"},{"floor":42,"key":"Mercury Hourglass"}],"event_choices":[{"damage_healed":0,"gold_gain":75,"player_choice":"Gather Gold","damage_taken":11,"max_hp_gain":0,"max_hp_loss":0,"event_name":"World of Goop","floor":2,"gold_loss":0},{"damage_healed":0,"gold_gain":0,"player_choice":"Rummage","damage_taken":0,"relics_obtained":["WarpedTongs"],"max_hp_gain":0,"max_hp_loss":0,"event_name":"Accursed Blacksmith","floor":4,"gold_loss":0,"cards_obtained":["Pain"]},{"damage_healed":0,"gold_gain":50,"player_choice":"Stole From Cult","damage_taken":0,"max_hp_gain":0,"max_hp_loss":0,"event_name":"Nest","floor":20,"gold_loss":0},{"damage_healed":0,"gold_gain":0,"player_choice":"Ignored","damage_taken":0,"max_hp_gain":0,"max_hp_loss":0,"event_name":"Cursed Tome","floor":22,"gold_loss":0},{"damage_healed":0,"gold_gain":0,"player_choice":"Inject Mutagens","damage_taken":0,"relics_obtained":["MutagenicStrength"],"max_hp_gain":0,"max_hp_loss":0,"event_name":"Drug Dealer","floor":25,"gold_loss":0},{"damage_healed":0,"gold_gain":0,"player_choice":"Got Potions","damage_taken":0,"max_hp_gain":0,"max_hp_loss":0,"event_name":"Lab","floor":27,"gold_loss":0},{"damage_healed":0,"gold_gain":0,"player_choice":"Ignored","damage_taken":0,"max_hp_gain":0,"max_hp_loss":0,"event_name":"Mysterious Sphere","floor":44,"gold_loss":0},{"damage_healed":0,"gold_gain":0,"player_choice":"Max HP","damage_taken":0,"max_hp_gain":0,"max_hp_loss":3,"event_name":"Winding Halls","floor":46,"gold_loss":0}],"is_beta":false,"boss_relics":[{"not_picked":["SacredBark","Ectoplasm"],"picked":"Fusion Hammer"},{"not_picked":["Coffee Dripper","Runic Dome"],"picked":"Ring of the Serpent"}],"items_purged_floors":[13],"is_endless":false,"potions_floor_spawned":[1,5,10,16,19,28,33,37,40,42],"killed_by":"Donu and Deca","ascension_level":20}}