{"host":"vfg9szunmpjwj08o","time":1612215372,"event":{"mods":["Act Like it!","BaseMod","Challenge The Spire","Colored Map","Colored Powertips","Conspire","Dark Map","Minty Spire (QoL Compilation)","Relic Stats","StSLib","Waifu the Spire"],"gold_per_floor":[119,69,79,79,89,89,105,138,138,163,12,12,27,62,62,162,162,179,192,192,202,117,160,24,24,48,73,85,98,156,200,200,200,200],"floor_reached":33,"language":"ENG","playtime":1435,"items_purged":["Strike_P"],"score":549,"play_id":"f8d97b8d-5a09-4f88-a0f4-3bf5d3421f05","local_time":"20210201223612","is_ascension_mode":true,"campfire_choices":[{"data":"Eruption","floor":6.0,"key":"SMITH"},{"data":"Vault","floor":15.0,"key":"SMITH"},{"data":"Vault","floor":25.0,"key":"SMITH"},{"floor":32.0,"key":"RECALL"}],"circlet_count":0,"master_deck":["Strike_P","Strike_P","Defend_P","Defend_P","Defend_P","Defend_P","Eruption+1","Vigilance","Brilliance","Prostrate","InnerPeace","Vault+1","CutThroughFate","CutThroughFate","Prostrate","CutThroughFate","Brilliance","Vault+1","EmptyBody","Nirvana","Adaptation","DevaForm","WheelKick","Wish","Alpha"],"relics":["PureWater","GoldenEye","Pantograph","Ornamental Fan","Happy Flower","Ancient Tea Set","Sozu","MawBank","Vajra","Strawberry","Singing Bowl"],"acts_visited":["Exordium","TheCity"],"potions_floor_usage":[],"damage_taken":[{"damage":0.0,"enemies":"2 Louse","floor":1.0,"turns":1.0},{"damage":2.0,"enemies":"conspire:RoseBush","floor":3.0,"turns":4.0},{"damage":0.0,"enemies":"Small Slimes","floor":5.0,"turns":2.0},{"damage":0.0,"enemies":"Exordium Wildlife","floor":7.0,"turns":3.0},{"damage":7.0,"enemies":"Lagavulin","floor":8.0,"turns":6.0},{"damage":2.0,"enemies":"conspire:2 RoseBushes","floor":13.0,"turns":6.0},{"damage":3.0,"enemies":"3 Sentries","floor":14.0,"turns":3.0},{"damage":0.0,"enemies":"Slime Boss","floor":16.0,"turns":2.0},{"damage":2.0,"enemies":"Shell Parasite","floor":18.0,"turns":4.0},{"damage":0.0,"enemies":"Spheric Guardian","floor":19.0,"turns":1.0},{"damage":10.0,"enemies":"conspire:HollyBat","floor":21.0,"turns":7.0},{"damage":17.0,"enemies":"Book of Stabbing","floor":23.0,"turns":6.0},{"damage":0.0,"enemies":"conspire:Head Lice","floor":27.0,"turns":5.0},{"damage":0.0,"enemies":"3 Cultists","floor":28.0,"turns":6.0},{"damage":15.0,"enemies":"Snake Plant","floor":29.0,"turns":6.0},{"damage":12.0,"enemies":"Gremlin Leader","floor":30.0,"turns":7.0},{"damage":17.0,"enemies":"conspire:HollyBat","floor":31.0,"turns":6.0},{"damage":44,"enemies":"conspire:MysteriousRune","floor":33,"turns":5}],"seed_played":"-8654365561945610407","potions_obtained":[{"floor":3.0,"key":"FairyPotion"},{"floor":8.0,"key":"Strength Potion"},{"floor":13.0,"key":"AttackPotion"}],"is_trial":false,"path_per_floor":["M","?","M","?","M","R","M","E","T","T","$","?","M","E","R","B",null,"M","M","?","M","?","E","$","R","T","E","M","M","E","M","R","B"],"character_chosen":"WATCHER","items_purchased":["CutThroughFate","Prostrate","DevaForm","WheelKick"],"campfire_rested":0,"item_purchase_floors":[11,11,24,24],"current_hp_per_floor":[65,65,63,56,56,56,56,49,49,49,49,49,47,44,44,69,71,69,69,69,59,59,42,42,42,42,49,49,34,24,7,7,0,0],"gold":200,"neow_bonus":"ONE_RANDOM_RARE_CARD","is_daily":false,"chose_seed":false,"campfire_upgraded":3,"win_rate":0.0,"timestamp":1612215372,"path_taken":["M","?","M","?","M","R","M","E","T","?","$","?","M","E","R","BOSS","M","M","?","M","?","E","$","R","T","E","M","M","E","?","R","BOSS"],"items_purchased_type":["Card","Card","Card","Card"],"build_version":"2020-12-22","purchased_purges":1,"victory":false,"max_hp_per_floor":[72,72,72,72,72,72,72,72,72,72,72,72,72,72,72,72,72,72,72,72,72,72,72,72,72,72,79,79,79,81,81,81,81,81],"relic_stats":{"Sozu":5,"Happy Flower":[21],"Singing Bowl":2,"counters":[18,80],"Ornamental Fan":[88],"Pantograph":25,"GoldenEye":[78],"MawBank":24,"obtain_stats":[{"Sozu":17,"Happy Flower":10,"Singing Bowl":30,"Ornamental Fan":9,"Pantograph":8,"Strawberry":27,"Vajra":23,"PureWater":0,"GoldenEye":4,"Ancient Tea Set":14,"MawBank":22},{"Sozu":8,"Happy Flower":5,"Singing Bowl":16,"Ornamental Fan":5,"Pantograph":5,"Strawberry":13,"Vajra":12,"PureWater":0,"GoldenEye":2,"Ancient Tea Set":7,"MawBank":11},{"Sozu":27,"Happy Flower":16,"Singing Bowl":69,"Ornamental Fan":16,"Pantograph":16,"Strawberry":50,"Vajra":45,"PureWater":0,"GoldenEye":5,"Ancient Tea Set":25,"MawBank":39}]},"card_choices":[{"not_picked":["BowlingBash","Crescendo","BattleHymn"],"picked":"SKIP","floor":1.0},{"not_picked":["Fasting2","JustLucky"],"picked":"Prostrate","floor":3.0},{"not_picked":["CrushJoints","BattleHymn"],"picked":"InnerPeace","floor":5.0},{"not_picked":["Evaluate","ClearTheMind"],"picked":"Vault","floor":7.0},{"not_picked":["WaveOfTheHand","FearNoEvil"],"picked":"CutThroughFate","floor":8.0},{"not_picked":["CrushJoints","PathToVictory"],"picked":"CutThroughFate","floor":13.0},{"not_picked":["FlurryOfBlows","EmptyMind"],"picked":"Brilliance","floor":14.0},{"not_picked":["Scrawl","Judgement"],"picked":"Vault","floor":16.0},{"not_picked":["Fasting2","Halt+1","EmptyFist+1"],"picked":"SKIP","floor":18.0},{"not_picked":["SignatureMove","CutThroughFate"],"picked":"EmptyBody","floor":19.0},{"not_picked":["Consecrate","ClearTheMind"],"picked":"Adaptation","floor":21.0},{"not_picked":["Prostrate","ForeignInfluence+1","FlyingSleeves+1"],"picked":"SKIP","floor":23.0},{"not_picked":["PathToVictory","Prostrate","ClearTheMind"],"picked":"SKIP","floor":27.0},{"not_picked":["BattleHymn","FearNoEvil","BowlingBash"],"picked":"SKIP","floor":28.0},{"not_picked":["FollowUp","Evaluate"],"picked":"Wish","floor":29.0},{"not_picked":["WindmillStrike+1","ThirdEye","EmptyBody"],"picked":"Singing Bowl","floor":30.0},{"not_picked":["JustLucky","FlurryOfBlows+1"],"picked":"Alpha","floor":31.0}],"player_experience":1087789,"relics_obtained":[{"floor":8.0,"key":"Pantograph"},{"floor":9.0,"key":"Ornamental Fan"},{"floor":10.0,"key":"Happy Flower"},{"floor":14.0,"key":"Ancient Tea Set"},{"floor":23.0,"key":"Vajra"},{"floor":27.0,"key":"Strawberry"},{"floor":30.0,"key":"Singing Bowl"}],"event_choices":[{"cards_removed":["Strike_P"],"damage_healed":0.0,"max_hp_gain":0.0,"max_hp_loss":0.0,"gold_gain":0.0,"event_name":"The Cleric","player_choice":"Card Removal","floor":2.0,"gold_loss":50.0,"damage_taken":0.0},{"damage_healed":0.0,"max_hp_gain":0.0,"max_hp_loss":0.0,"gold_gain":0.0,"event_name":"Scrap Ooze","player_choice":"Success","floor":4.0,"gold_loss":0.0,"damage_taken":7.0,"relics_obtained":["GoldenEye"]},{"damage_healed":0.0,"max_hp_gain":0.0,"max_hp_loss":0.0,"gold_gain":0.0,"event_name":"conspire:Investor","player_choice":"Leave","floor":12.0,"gold_loss":0.0,"damage_taken":0.0},{"damage_healed":0.0,"max_hp_gain":0.0,"max_hp_loss":0.0,"gold_gain":0.0,"event_name":"The Library","player_choice":"Read","floor":20.0,"gold_loss":0.0,"damage_taken":0.0,"cards_obtained":["Nirvana"]},{"damage_healed":0.0,"max_hp_gain":0.0,"max_hp_loss":0.0,"gold_gain":0.0,"event_name":"Addict","player_choice":"Obtained Relic","floor":22.0,"gold_loss":85.0,"damage_taken":0.0,"relics_obtained":["MawBank"]}],"is_beta":false,"boss_relics":[{"not_picked":["SacredBark","Philosopher\u0027s Stone"],"picked":"Sozu"}],"items_purged_floors":[11],"is_endless":false,"potions_floor_spawned":[3,8,13,21,23,28,29,30],"killed_by":"conspire:MysteriousRune","ascension_level":8}}