{"host":"qjy62f5erwny7xxh","time":1612215287,"event":{"mods":["2.2 Compatiblity","AchievementEnabler","BaseMod","Colored Powertips","Curses Come First","DeckTracker","Downfall","Minty Spire (QoL Compilation)","StSLib"],"gold_per_floor":[99,113,131,145,245,245,245,420,25,25,42,68,68,88,101,202,202,202,218,237,249,249,149,149,169,197,242,130,147,194,1,21,118,118,118,128,128,128,143,143,221,240,274,319,14,54,54,79,89,89],"floor_reached":51,"language":"ENG","playtime":8532,"items_purged":["Doubt"],"score":834,"play_id":"8bf7ef9f-871c-4bca-a2ad-91a97ba42b79","local_time":"20210201213447","is_ascension_mode":false,"campfire_choices":[{"data":"sneckomod:TailWhip","floor":1.0,"key":"SMITH"},{"floor":13.0,"key":"REST"},{"data":"sneckomod:UnknownRarePower","floor":18,"key":"SMITH"},{"floor":23,"key":"REST"},{"data":"expansioncontent:StudyTheSpire","floor":35,"key":"SMITH"},{"floor":40,"key":"DIG"},{"floor":47,"key":"REST"}],"circlet_count":0,"master_deck":["sneckomod:Defend+1","sneckomod:TailWhip+1","sneckomod:SnekBite","sneckomod:Unknown","sneckomod:QuickBite+1","sneckomod:DiceBlock","sneckomod:UnknownCommonSkill","sneckomod:Restock","sneckomod:Nope+1","Slimebound:Split+1","sneckomod:SlitherStrike","sneckomod:MorePower","sneckomod:Unknown3Cost+1","sneckomod:MasterEye","sneckomod:Unknown3Cost+1","sneckomod:UnknownCommonAttack+1","sneckomod:UnknownBoss+1","sneckomod:UnknownRarePower+1","sneckomod:Unknown2Cost+1","sneckomod:UnknownClassPURPLE+1","sneckomod:UnknownStrength+1","sneckomod:UnknownDexterity+1","sneckomod:UnendingSupply","sneckomod:UnknownRareAttack+1","sneckomod:UnknownStrength+1","sneckomod:UnknownX+1","sneckomod:CheapStock+1","expansioncontent:StudyTheSpire+1","sneckomod:Unknown3Cost+1","sneckomod:Unknown3Cost+1","sneckomod:UnknownRarePower","sneckomod:TrashToTreasure+1","sneckomod:UnknownClassGREEN+1","sneckomod:Cheat+1","sneckomod:UnknownBoss+1","sneckomod:UnendingSupply+1","sneckomod:SoulCleanse+1","sneckomod:UnknownRarePower+1","sneckomod:UnknownClassSLIMEBOUND+1"],"relics":["sneckomod:SneckoSoul","StoneCalendar","Vajra","WarpedTongs","Lantern","Snecko Eye","Spirit Poop","downfall:HeartBlessingGreen","White Beast Statue","Omamori","Akabeko","Happy Flower","OrangePellets","Astrolabe","Shovel","Ancient Tea Set","Art of War","Letter Opener","Potion Belt","Medical Kit","Anchor","Bronze Scales"],"acts_visited":["Exordium","TheCity","TheBeyond"],"potions_floor_usage":[15,16,25,28,33,33,43,50,50,50,50],"damage_taken":[{"damage":2.0,"enemies":"Small Slimes","floor":2.0,"turns":3.0},{"damage":3.0,"enemies":"Jaw Worm","floor":3.0,"turns":2.0},{"damage":0.0,"enemies":"Cultist","floor":4.0,"turns":2.0},{"damage":12.0,"enemies":"downfall:Heads","floor":5.0,"turns":7.0},{"damage":0.0,"enemies":"downfall:FleeingMerchant","floor":9.0,"turns":4.0},{"damage":18.0,"enemies":"Exordium Wildlife","floor":11.0,"turns":4.0},{"damage":10.0,"enemies":"Gremlin Nob","floor":12.0,"turns":3.0},{"damage":0.0,"enemies":"Red Slaver","floor":14.0,"turns":2.0},{"damage":18,"enemies":"Large Slime","floor":15,"turns":6},{"damage":17,"enemies":"SI_SHIV_ARCHETYPE","floor":16,"turns":6},{"damage":10,"enemies":"Shell Parasite","floor":19,"turns":5},{"damage":6,"enemies":"Spheric Guardian","floor":20,"turns":3},{"damage":11,"enemies":"Centurion and Healer","floor":21,"turns":4},{"damage":0,"enemies":"Cultist and Chosen","floor":25,"turns":4},{"damage":0,"enemies":"Book of Stabbing","floor":26,"turns":2},{"damage":0,"enemies":"Snecko","floor":27,"turns":4},{"damage":17,"enemies":"downfall:FleeingMerchant","floor":28,"turns":4},{"damage":35,"enemies":"Centurion and Healer","floor":29,"turns":4},{"damage":3,"enemies":"Sentry and Sphere","floor":30,"turns":6},{"damage":9,"enemies":"Cultist and Chosen","floor":32,"turns":7},{"damage":25,"enemies":"DF_ARCHETYPE_CLAW","floor":33,"turns":9},{"damage":1,"enemies":"Orb Walker","floor":36,"turns":4},{"damage":5,"enemies":"3 Darklings","floor":39,"turns":4},{"damage":3,"enemies":"Maw","floor":42,"turns":4},{"damage":24,"enemies":"Reptomancer","floor":43,"turns":2},{"damage":18,"enemies":"Jaw Worm Horde","floor":44,"turns":5},{"damage":0,"enemies":"Writhing Mass","floor":46,"turns":5},{"damage":30,"enemies":"Giant Head","floor":48,"turns":4},{"damage":1,"enemies":"4 Shapes","floor":49,"turns":5},{"damage":107,"enemies":"IC_BLOCK_ARCHETYPE","floor":50,"turns":8}],"seed_played":"2290654427509908793","potions_obtained":[{"floor":2.0,"key":"GamblersBrew"},{"floor":4.0,"key":"Swift Potion"},{"floor":5.0,"key":"GamblersBrew"},{"floor":14.0,"key":"FairyPotion"},{"floor":15,"key":"CultistPotion"},{"floor":19,"key":"PowerPotion"},{"floor":21,"key":"Regen Potion"},{"floor":25,"key":"BlessingOfTheForge"},{"floor":28,"key":"champ:CounterPotion"},{"floor":33,"key":"Energy Potion"},{"floor":36,"key":"SkillPotion"},{"floor":39,"key":"AttackPotion"},{"floor":43,"key":"hexamod:SoulburnPotion"},{"floor":44,"key":"Dexterity Potion"},{"floor":46,"key":"LiquidMemories"}],"is_trial":false,"path_per_floor":["R","M","M","M","?","R","T","?","$","?","M","E","R","M","M","B",null,"R","M","M","M","?","R","T","M","E","M","$","M","M","$","M","B",null,"R","M","T","?","M","R","T","M","E","M","$","M","R","E","M","B",null],"character_chosen":"THE_SNECKO","items_purchased":["sneckomod:MorePower","Vajra","Akabeko","Happy Flower","OrangePellets","expansioncontent:StudyTheSpire","Medical Kit","Anchor"],"campfire_rested":3,"item_purchase_floors":[9,9,28,28,28,31,45,45],"current_hp_per_floor":[99,97,94,94,82,82,82,82,82,82,64,54,83,83,65,48,99,99,89,83,72,72,99,99,99,99,99,97,77,74,74,65,55,99,99,98,98,98,93,93,93,90,81,63,63,63,92,92,91,29],"gold":89,"neow_bonus":"TEN_PERCENT_HP_BONUS","is_daily":false,"chose_seed":false,"campfire_upgraded":3,"win_rate":0.0,"timestamp":1612215287,"path_taken":["R","M","M","M","?","R","T","?","$","?","M","E","R","?","M","BOSS","R","M","M","M","?","R","T","M","E","M","$","M","M","$","M","BOSS","R","M","?","?","M","R","T","M","E","?","$","M","R","E","M","BOSS"],"items_purchased_type":["Card","Relic","Relic","Relic","Relic","Card","Relic","Relic"],"build_version":"2020-12-22","purchased_purges":1,"victory":true,"max_hp_per_floor":[99,99,99,99,99,99,99,99,99,99,99,99,99,99,99,99,99,99,99,99,99,99,99,99,99,99,99,99,99,99,99,99,99,99,99,99,99,99,99,99,99,99,99,99,99,99,99,99,99,99],"card_choices":[{"not_picked":["sneckomod:UnknownCommonAttack","sneckomod:SerpentIdol"],"picked":"sneckomod:QuickBite","floor":2.0},{"not_picked":["sneckomod:UnknownCommonSkill","sneckomod:TrashToTreasure"],"picked":"sneckomod:DiceBlock","floor":3.0},{"not_picked":["sneckomod:UnknownVulnerable","sneckomod:DefensiveFlair"],"picked":"sneckomod:UnknownCommonSkill","floor":4.0},{"not_picked":["sneckomod:QuickMove","sneckomod:WideSting"],"picked":"sneckomod:Nope","floor":5.0},{"not_picked":["sneckomod:UnknownCommonSkill","sneckomod:DiceCrush"],"picked":"sneckomod:SlitherStrike","floor":9.0},{"not_picked":["sneckomod:UnknownWeak+1","sneckomod:UnknownRareSkill+1"],"picked":"sneckomod:Unknown3Cost+1","floor":11.0},{"not_picked":["sneckomod:RainOfDice","sneckomod:ImprovisedGuard"],"picked":"sneckomod:MasterEye","floor":11.0},{"not_picked":["sneckomod:UnknownRareSkill+1","sneckomod:UnknownStrike+1"],"picked":"sneckomod:Unknown3Cost+1","floor":12.0},{"not_picked":["sneckomod:UnknownUncommonSkill","sneckomod:ImprovisedAttack","sneckomod:SoulDraw"],"picked":"SKIP","floor":12.0},{"not_picked":["sneckomod:QuickMove","sneckomod:DiceBlock","sneckomod:UnknownWeak"],"picked":"SKIP","floor":14.0},{"not_picked":["sneckomod:UnknownUncommonSkill+1","sneckomod:Unknown0Cost+1"],"picked":"sneckomod:UnknownCommonAttack+1","floor":15},{"not_picked":["sneckomod:Nope","sneckomod:QuickBite","sneckomod:DiceCrush"],"picked":"SKIP","floor":15},{"not_picked":["sneckomod:Unknown0Cost+1","sneckomod:UnknownRareSkill+1"],"picked":"sneckomod:UnknownBoss+1","floor":16},{"not_picked":["sneckomod:UnknownRareAttack","sneckomod:DangerNoodle"],"picked":"sneckomod:UnknownRarePower","floor":16},{"not_picked":["sneckomod:UnknownExhaust+1","sneckomod:UnknownWeak+1"],"picked":"sneckomod:Unknown2Cost+1","floor":19},{"not_picked":["sneckomod:UnknownCommonAttack","sneckomod:UnknownClassPURPLE","sneckomod:SerpentIdol"],"picked":"SKIP","floor":19},{"not_picked":["sneckomod:DiceBoulder","sneckomod:SnakeSap","sneckomod:UnknownClassGREEN"],"picked":"SKIP","floor":20},{"not_picked":["sneckomod:Rotation","sneckomod:UnknownUncommonAttack"],"picked":"sneckomod:UnknownClassPURPLE+1","floor":21},{"not_picked":["sneckomod:UnknownCommonSkill+1","sneckomod:UnknownX+1"],"picked":"sneckomod:UnknownStrength+1","floor":25},{"not_picked":["sneckomod:QuickBite","sneckomod:Unknown1Cost+1","sneckomod:UnknownDraw"],"picked":"SKIP","floor":25},{"not_picked":["sneckomod:WideSting+1","sneckomod:SnekBeam+1","sneckomod:UnknownDraw+1"],"picked":"SKIP","floor":26},{"not_picked":["sneckomod:UnknownClassGREEN+1","sneckomod:UnknownX+1"],"picked":"sneckomod:UnknownDexterity+1","floor":27},{"not_picked":["sneckomod:DiceBlock","sneckomod:ImprovisedGuard"],"picked":"sneckomod:UnendingSupply","floor":27},{"not_picked":["sneckomod:Unknown1Cost+1","sneckomod:UnknownBlock+1"],"picked":"sneckomod:UnknownRareAttack+1","floor":28},{"not_picked":["sneckomod:UnendingSupply+1","sneckomod:QuickMove+1","sneckomod:SoulExchange"],"picked":"SKIP","floor":28},{"not_picked":["sneckomod:UnknownWeak+1","sneckomod:Unknown1Cost+1"],"picked":"sneckomod:UnknownStrength+1","floor":29},{"not_picked":["sneckomod:SoulDraw","sneckomod:UnknownClassPURPLE+1","sneckomod:UnknownDraw+1"],"picked":"SKIP","floor":29},{"not_picked":["sneckomod:UnknownColorless+1","sneckomod:UnknownDexterity+1"],"picked":"sneckomod:UnknownX+1","floor":30},{"not_picked":["sneckomod:SoulRoll","sneckomod:Unknown0Cost+1"],"picked":"sneckomod:CheapStock+1","floor":30},{"not_picked":["sneckomod:UnknownUncommonPower+1","sneckomod:UnknownCommonSkill+1"],"picked":"sneckomod:Unknown3Cost+1","floor":32},{"not_picked":["sneckomod:QuickBite","sneckomod:UnknownClassPURPLE+1","sneckomod:DiceCrush"],"picked":"SKIP","floor":32},{"not_picked":["sneckomod:UnknownStrike+1","sneckomod:UnknownStrength+1"],"picked":"sneckomod:Unknown3Cost+1","floor":33},{"not_picked":["sneckomod:SerpentMind","sneckomod:UnknownRareAttack"],"picked":"sneckomod:UnknownRarePower","floor":33},{"not_picked":["sneckomod:UnknownClassSLIMEBOUND+1","sneckomod:UnknownExhaust+1"],"picked":"sneckomod:UnknownBoss+1","floor":36},{"not_picked":["sneckomod:UnknownClassPURPLE","sneckomod:UnknownVulnerable+1","sneckomod:QuickBite+1"],"picked":"SKIP","floor":36},{"not_picked":["sneckomod:Unknown1Cost","sneckomod:UnknownClassPURPLE"],"picked":"sneckomod:UnendingSupply+1","floor":39},{"not_picked":["sneckomod:UnknownDexterity","sneckomod:SoulDraw+1"],"picked":"sneckomod:SoulCleanse+1","floor":42},{"not_picked":["sneckomod:UnknownStrike+1","sneckomod:SnekBeam","sneckomod:DiceBlock+1"],"picked":"SKIP","floor":43},{"not_picked":["sneckomod:UnknownUncommonSkill+1","sneckomod:UnknownColorless+1"],"picked":"sneckomod:UnknownRarePower+1","floor":44},{"not_picked":["sneckomod:DiceCrush+1","sneckomod:Rotation+1","sneckomod:UnknownUncommonAttack"],"picked":"SKIP","floor":44},{"not_picked":["sneckomod:SoulDraw+1","sneckomod:UnknownClassGREEN+1","sneckomod:Rotation+1"],"picked":"SKIP","floor":46},{"not_picked":["sneckomod:UnknownStrength+1","sneckomod:UnknownBoss+1"],"picked":"sneckomod:UnknownClassSLIMEBOUND+1","floor":48},{"not_picked":["sneckomod:UnknownStrike","sneckomod:UnknownUncommonAttack","sneckomod:DiceCrush+1"],"picked":"SKIP","floor":48},{"not_picked":["sneckomod:DiceCrush","sneckomod:QuickMove+1","sneckomod:UnknownStrike"],"picked":"SKIP","floor":49}],"player_experience":1128771,"relics_obtained":[{"floor":7.0,"key":"StoneCalendar"},{"floor":12.0,"key":"Lantern"},{"floor":24,"key":"White Beast Statue"},{"floor":26,"key":"Omamori"},{"floor":37,"key":"Shovel"},{"floor":38,"key":"Ancient Tea Set"},{"floor":40,"key":"Art of War"},{"floor":41,"key":"Letter Opener"},{"floor":43,"key":"Potion Belt"},{"floor":48,"key":"Bronze Scales"}],"event_choices":[{"damage_healed":0.0,"max_hp_gain":0.0,"max_hp_loss":0.0,"gold_gain":0.0,"event_name":"Accursed Blacksmith","player_choice":"Rummage","floor":10.0,"gold_loss":0.0,"damage_taken":0.0,"relics_obtained":["WarpedTongs"],"cards_obtained":["Pain"]},{"cards_removed":["Pain"],"damage_healed":0,"gold_gain":0,"player_choice":"Offered Curse","damage_taken":0,"relics_obtained":["Spirit Poop"],"max_hp_gain":0,"max_hp_loss":0,"event_name":"Bonfire Elementals","floor":22,"gold_loss":0},{"damage_healed":0,"gold_gain":0,"player_choice":"Relic","damage_taken":0,"max_hp_gain":0,"max_hp_loss":0,"event_name":"Wheel of Change","floor":38,"gold_loss":0}],"is_beta":false,"boss_relics":[{"not_picked":["Busted Crown","SacredBark"],"picked":"Snecko Eye"},{"not_picked":["Calling Bell","Velvet Choker"],"picked":"Astrolabe"}],"items_purged_floors":[9],"is_endless":false,"potions_floor_spawned":[2,4,5,14,15,19,21,25,26,27,28,29,30,32,33,36,39,42,43,44,46,48,49],"ascension_level":0}}