{"host":"cd25ms2o8pjhjp7m","time":1612189728,"event":{"mods":["Aspiration","BaseMod","Bestiary","Better Third Choice","BetterRewards","Conspire","Curses Come First","Friendly Minions","GifTheSpireLib","Hubris","Minty Spire (QoL Compilation)","Rare Cards Sparkle","Relic Stats","Reliquary","Replay The Spire","Robot Space Explorer","StSLib","The Poker Player","Uncapped","[IsaacMod]????","??????REMEMod"],"gold_per_floor":[10,21,21,32,32,32,90,65,89,89,99,110,110,129,129,227,227,239,239,107,107,124,124,139,139,139,166,166,176,205,222,222,222,222],"floor_reached":33,"language":"DEU","playtime":1282,"items_purged":["hubris:Disease"],"score":312,"play_id":"da849dde-ded7-4694-a0d3-b95f35e3729c","local_time":"20210201152848","is_ascension_mode":false,"campfire_choices":[{"data":"ReplayTheSpireMod:Tripwire","floor":6,"key":"SMITH"},{"data":"Bane","floor":10,"key":"SMITH"},{"data":"Neutralize","floor":13,"key":"SMITH"},{"floor":15,"key":"REST"},{"data":"Poison Darts","floor":23,"key":"SMITH"},{"data":"Blur","floor":25,"key":"SMITH"},{"data":"Well Laid Plans","floor":28,"key":"SMITH"},{"floor":32,"key":"REST"}],"circlet_count":0,"master_deck":["Defend_G","Defend_G","Defend_G","Defend_G","Defend_G","Survivor","Neutralize+1","Mayhem+1","Poison Darts+1","ReplayTheSpireMod:Tripwire+1","Bane+1","Deadly Poison","Well Laid Plans+1","hubris:Despair","Blur+1","Dash","Dash","Poisoned Stab","Caltrops"],"relics":["Ring of the Snake","REME_ComplimentaryCards","HushsDoor","D6","reliquary:IridiumChain","Regal Pillow","Kintsugi","REME_PuzzleBoxRelic","Anchor","hubris:CuriousFeather"],"acts_visited":["Exordium","TheCity"],"potions_floor_usage":[7,11,14,30,30],"damage_taken":[{"damage":3,"enemies":"2 Louse","floor":1,"turns":3},{"damage":0,"enemies":"Cultist","floor":2,"turns":4},{"damage":0,"enemies":"Jaw Worm","floor":4,"turns":5},{"damage":17,"enemies":"Gremlin Nob","floor":7,"turns":5},{"damage":2,"enemies":"Exordium Thugs","floor":11,"turns":6},{"damage":8,"enemies":"Red Slaver","floor":12,"turns":3},{"damage":7,"enemies":"Large Slime","floor":14,"turns":3},{"damage":13,"enemies":"Slime Boss","floor":16,"turns":7},{"damage":3,"enemies":"Shell Parasite","floor":18,"turns":7},{"damage":0,"enemies":"Spheric Guardian","floor":22,"turns":3},{"damage":16,"enemies":"Snake Plant","floor":24,"turns":5},{"damage":0,"enemies":"conspire:SneckoGhost","floor":27,"turns":4},{"damage":0,"enemies":"Cultist and Chosen","floor":29,"turns":5},{"damage":35,"enemies":"Gremlin Leader","floor":30,"turns":6},{"damage":3,"enemies":"Shelled Parasite and Fungi","floor":31,"turns":7},{"damage":140,"enemies":"Automaton","floor":33,"turns":5}],"seed_played":"7523874492670364370","potions_obtained":[{"floor":1,"key":"Adrenaline Potion"},{"floor":5,"key":"Block Potion"},{"floor":5,"key":"Death Potion"},{"floor":11,"key":"Doom Potion"},{"floor":12,"key":"Energy Potion"},{"floor":18,"key":"EntropicBrew"}],"is_trial":false,"path_per_floor":["M","M","?","M","?","R","E","$","T","R","M","M","R","M","R","B",null,"M","?","$","?","M","R","M","R","T","E","R","M","E","M","R","B"],"character_chosen":"THE_SILENT","items_purchased":["Bane","Dash"],"campfire_rested":2,"item_purchase_floors":[8,20],"current_hp_per_floor":[67,67,67,67,67,67,50,50,50,50,48,40,40,33,69,56,70,67,67,67,67,67,67,51,51,51,51,51,51,16,13,49,0,0],"gold":222,"neow_bonus":"THREE_RARE_CARDS","is_daily":false,"chose_seed":false,"campfire_upgraded":6,"win_rate":0.0,"timestamp":1612189728,"path_taken":["M","M","?","?","?","R","E","$","T","R","?","M","R","M","R","BOSS","M","?","$","?","?","R","M","R","T","E","R","M","E","M","R","BOSS"],"items_purchased_type":["Card","Card"],"build_version":"2020-12-22","purchased_purges":1,"victory":false,"max_hp_per_floor":[70,70,70,70,70,70,70,70,70,70,70,70,70,70,70,70,70,70,70,70,70,70,70,70,70,70,70,70,70,70,70,70,70,70],"relic_stats":{"Regal Pillow":30,"counters":[28,147],"obtain_stats":[{"KeepersGift":0,"BookofShadows":21,"Regal Pillow":9,"Omamori":0,"reliquary:IridiumChain":7,"YumHeart":0,"Anchor":27,"hubris:Icosahedron":3,"Pandora\u0027s Box":17,"hubris:CuriousFeather":30,"Kintsugi":17,"REME_PuzzleBoxRelic":26,"HushsDoor":0,"Ring of the Snake":0,"REME_ComplimentaryCards":0},{"KeepersGift":0,"BookofShadows":9,"Regal Pillow":16,"Omamori":0,"reliquary:IridiumChain":16,"YumHeart":0,"Anchor":24,"hubris:Icosahedron":1,"Pandora\u0027s Box":7,"hubris:CuriousFeather":26,"Kintsugi":20,"REME_PuzzleBoxRelic":23,"HushsDoor":0,"Ring of the Snake":0,"REME_ComplimentaryCards":0},{"KeepersGift":0,"BookofShadows":54,"Regal Pillow":86,"Omamori":0,"reliquary:IridiumChain":86,"YumHeart":0,"Anchor":124,"hubris:Icosahedron":6,"Pandora\u0027s Box":44,"hubris:CuriousFeather":135,"Kintsugi":105,"REME_PuzzleBoxRelic":120,"HushsDoor":0,"Ring of the Snake":0,"REME_ComplimentaryCards":0}],"Ring of the Snake":[56]},"card_choices":[{"not_picked":[],"picked":"ChaosCard","floor":0},{"not_picked":["Tools of the Trade","Adrenaline"],"picked":"Poison Darts","floor":0},{"not_picked":["Underhanded Strike","Grand Finale","Hidden Blade"],"picked":"SKIP","floor":1},{"not_picked":["Reflex","Quick Slash","Slice"],"picked":"SKIP","floor":2},{"not_picked":["Setup","Underhanded Strike"],"picked":"ReplayTheSpireMod:Tripwire","floor":4},{"not_picked":["hubris:Sniper","Finisher","hubris:TrickCloak"],"picked":"SKIP","floor":7},{"not_picked":["Bomb","Cloak And Dagger"],"picked":"Deadly Poison","floor":11},{"not_picked":["Accuracy","Acrobatics"],"picked":"Well Laid Plans","floor":12},{"not_picked":["ReplayTheSpireMod:Speed Training","ReplayTheSpireMod:The Works","Slice"],"picked":"SKIP","floor":14},{"not_picked":["Infinite Blades","Flying Knee"],"picked":"Blur","floor":18},{"not_picked":["Hidden Blade+1","ReplayTheSpireMod:Tripwire","Deflect"],"picked":"SKIP","floor":22},{"not_picked":["Tactician+1","Sucker Punch"],"picked":"Poisoned Stab","floor":24},{"not_picked":["Accuracy","Riddle With Holes"],"picked":"Caltrops","floor":27},{"not_picked":["REME_CopyPotion","hubris:SlightOfHand","Prepared"],"picked":"SKIP","floor":29},{"not_picked":["Deadly Poison+1","Poisoned Stab","Wraith Form v2"],"picked":"SKIP","floor":30},{"not_picked":["Dagger Spray","Hidden Blade+1","Deflect"],"picked":"SKIP","floor":31}],"player_experience":457735,"relics_obtained":[{"floor":7,"key":"reliquary:IridiumChain"},{"floor":9,"key":"Regal Pillow"},{"floor":26,"key":"REME_PuzzleBoxRelic"},{"floor":27,"key":"Anchor"},{"floor":30,"key":"hubris:CuriousFeather"}],"event_choices":[{"damage_healed":0,"gold_gain":0,"player_choice":"Grow","damage_taken":0,"max_hp_gain":0,"max_hp_loss":0,"event_name":"Living Wall","floor":3,"gold_loss":0,"cards_upgraded":["Mayhem"]},{"damage_healed":0,"gold_gain":0,"player_choice":"Got Potions","damage_taken":0,"max_hp_gain":0,"max_hp_loss":0,"event_name":"Lab","floor":5,"gold_loss":0}],"is_beta":false,"boss_relics":[{"not_picked":["Snecko Scales","reliquary:KinkedSpring"],"picked":"Kintsugi"},{"not_picked":[]}],"items_purged_floors":[20],"is_endless":false,"potions_floor_spawned":[1,11,12,18,27,31],"killed_by":"Automaton","ascension_level":0}}