{"host":"0kk91h4bq4kgfj0u","time":1612195002,"event":{"mods":["BaseMod","Minty Spire (QoL Compilation)","StSLib"],"gold_per_floor":[113,128,138,154,169,169,204,204,204,156,174,174,195,48,48,48,48],"floor_reached":16,"language":"ENG","playtime":607,"items_purged":[],"score":135,"play_id":"5691a43c-e1ca-4bef-9216-316070a9fa7d","local_time":"20210201105642","is_ascension_mode":true,"campfire_choices":[{"floor":6.0,"key":"REST"},{"floor":15,"key":"REST"}],"circlet_count":0,"master_deck":["Strike_G","Strike_G","Strike_G","Strike_G","Strike_G","Defend_G","Defend_G","Defend_G","Defend_G","Defend_G","Survivor","Neutralize","Impatience","Backflip","Cloak And Dagger","Dodge and Roll","Dash","Dagger Spray","Dash","Sucker Punch","Injury","Deadly Poison"],"relics":["Ring of the Snake","Centennial Puzzle","Mercury Hourglass","Golden Idol","PreservedInsect"],"acts_visited":["Exordium"],"potions_floor_usage":[16,16,16],"damage_taken":[{"damage":0.0,"enemies":"2 Louse","floor":1.0,"turns":3.0},{"damage":2.0,"enemies":"Jaw Worm","floor":2.0,"turns":5.0},{"damage":2.0,"enemies":"Small Slimes","floor":3.0,"turns":5.0},{"damage":9.0,"enemies":"2 Fungi Beasts","floor":4.0,"turns":4.0},{"damage":7.0,"enemies":"Large Slime","floor":5.0,"turns":9.0},{"damage":54,"enemies":"Gremlin Nob","floor":7,"turns":6},{"damage":0,"enemies":"Gremlin Gang","floor":11,"turns":3},{"damage":0,"enemies":"Exordium Wildlife","floor":13,"turns":6},{"damage":44,"enemies":"Slime Boss","floor":16,"turns":8}],"seed_played":"3752748841384468050","potions_obtained":[{"floor":3.0,"key":"DuplicationPotion"},{"floor":5.0,"key":"SpeedPotion"},{"floor":7,"key":"LiquidBronze"},{"floor":13,"key":"PowerPotion"}],"is_trial":false,"path_per_floor":["M","M","M","M","M","R","E","?","T","?","M","?","M","$","R","B"],"character_chosen":"THE_SILENT","items_purchased":["PreservedInsect"],"campfire_rested":2,"item_purchase_floors":[14],"current_hp_per_floor":[63,61,59,50,43,64,10,15,15,15,15,15,15,15,37,0,0],"gold":48,"neow_bonus":"RANDOM_COLORLESS","is_daily":false,"chose_seed":false,"campfire_upgraded":0,"win_rate":0.0,"timestamp":1612195002,"path_taken":["M","M","M","M","M","R","E","?","T","?","M","?","M","?","R","BOSS"],"items_purchased_type":["Relic"],"build_version":"2020-12-22","purchased_purges":0,"victory":false,"max_hp_per_floor":[70,70,70,70,70,70,70,75,75,75,75,75,75,75,75,75,75],"card_choices":[{"not_picked":["Dramatic Entrance","Discovery"],"picked":"Impatience","floor":0.0},{"not_picked":["Flying Knee","Bane"],"picked":"Backflip","floor":1.0},{"not_picked":["Masterful Stab","All Out Attack"],"picked":"Cloak And Dagger","floor":2.0},{"not_picked":["Outmaneuver","Finisher"],"picked":"Dodge and Roll","floor":3.0},{"not_picked":["Skewer","Endless Agony"],"picked":"Dash","floor":4.0},{"not_picked":["Reflex","Heel Hook"],"picked":"Dagger Spray","floor":5.0},{"not_picked":["Catalyst","Leg Sweep"],"picked":"Dash","floor":7},{"not_picked":["Dagger Throw","Flying Knee"],"picked":"Sucker Punch","floor":11},{"not_picked":["Crippling Poison","Flechettes"],"picked":"Deadly Poison","floor":13}],"player_experience":834389,"relics_obtained":[{"floor":7,"key":"Centennial Puzzle"},{"floor":9,"key":"Mercury Hourglass"}],"event_choices":[{"damage_healed":0,"gold_gain":0,"player_choice":"Donut","damage_taken":0,"max_hp_gain":5,"max_hp_loss":0,"event_name":"Big Fish","floor":8,"gold_loss":0},{"damage_healed":0,"gold_gain":0,"player_choice":"Left Gold","damage_taken":0,"max_hp_gain":0,"max_hp_loss":0,"event_name":"World of Goop","floor":10,"gold_loss":48},{"damage_healed":0,"gold_gain":0,"player_choice":"Take Wound","damage_taken":0,"relics_obtained":["Golden Idol"],"max_hp_gain":0,"max_hp_loss":0,"event_name":"Golden Idol","floor":12,"gold_loss":0,"cards_obtained":["Injury"]}],"is_beta":false,"boss_relics":[],"items_purged_floors":[],"is_endless":false,"potions_floor_spawned":[3,5,7,13],"killed_by":"Slime Boss","ascension_level":6}}