{"host":"3jhxjeq8h3mqaq9s","time":1612150192,"event":{"mods":["BaseMod","Bestiary","Colored Map","Highlight Path","Minty Spire (QoL Compilation)","Rare Cards Sparkle","Relic Stats","StSLib","everything is the same but u backflip on backflip","slay the spire mod where everything is the same but ironclad has a cowboy hat"],"gold_per_floor":[209,14,32,32,42,76,1,1,1,31,41,76,96,109,109,211,211,230,245,258,258,9,38,38,57,104,439,261,261,287,298,298,400,400,420,420,432,443,492,492,520,531,531,531,566,583,597,597,597,597,597,597,48,74,74,74],"floor_reached":55,"language":"ENG","playtime":2638,"items_purged":["Strike_R","Defend_R","Defend_R"],"score":1037,"play_id":"f1dc5fc6-285d-4895-acc9-2e5e23a5f925","local_time":"20210131222952","is_ascension_mode":true,"campfire_choices":[{"data":"Perfected Strike","floor":8.0,"key":"SMITH"},{"data":"Perfected Strike","floor":15.0,"key":"SMITH"},{"data":"Shockwave","floor":24.0,"key":"SMITH"},{"data":"Disarm","floor":29.0,"key":"SMITH"},{"data":"Flame Barrier","floor":32.0,"key":"SMITH"},{"data":"Perfected Strike","floor":40.0,"key":"SMITH"},{"floor":49.0,"key":"RECALL"},{"data":"Pommel Strike","floor":52.0,"key":"SMITH"}],"circlet_count":0,"master_deck":["Strike_R","Strike_R+1","Strike_R","Strike_R","Defend_R","Defend_R","Bash","Shockwave+1","Shrug It Off+1","Perfected Strike+1","Pommel Strike+1","Disarm+1","Perfected Strike+1","Twin Strike","Reaper","Battle Trance+1","Flame Barrier+1","Feed+1","Shrug It Off","Whirlwind+1","Reaper","Perfected Strike+1","Inflame+1"],"relics":["Black Blood","PreservedInsect","Magic Flower","White Beast Statue","Oddly Smooth Stone","Bottled Lightning","Coffee Dripper","Bag of Marbles","Sling","Darkstone Periapt","Bag of Preparation","Old Coin","Tiny Chest","Meat on the Bone","Incense Burner","Bottled Flame","War Paint","Dream Catcher","Red Skull","Whetstone","Toolbox","Ginger"],"acts_visited":["Exordium","TheCity","TheBeyond","TheEnding"],"potions_floor_usage":[55,55,55],"damage_taken":[{"damage":1.0,"enemies":"Cultist","floor":1.0,"turns":3.0},{"damage":4.0,"enemies":"Jaw Worm","floor":3.0,"turns":5.0},{"damage":7.0,"enemies":"2 Louse","floor":5.0,"turns":4.0},{"damage":32.0,"enemies":"Lagavulin","floor":6.0,"turns":4.0},{"damage":6.0,"enemies":"Gremlin Nob","floor":10.0,"turns":3.0},{"damage":2.0,"enemies":"Blue Slaver","floor":11.0,"turns":3.0},{"damage":4.0,"enemies":"Lagavulin","floor":12.0,"turns":5.0},{"damage":11.0,"enemies":"Lots of Slimes","floor":13.0,"turns":5.0},{"damage":7.0,"enemies":"Large Slime","floor":14.0,"turns":5.0},{"damage":20.0,"enemies":"Slime Boss","floor":16.0,"turns":7.0},{"damage":0.0,"enemies":"Chosen","floor":18.0,"turns":3.0},{"damage":6.0,"enemies":"3 Byrds","floor":19.0,"turns":6.0},{"damage":0.0,"enemies":"Shelled Parasite and Fungi","floor":20.0,"turns":3.0},{"damage":19.0,"enemies":"Slavers","floor":23.0,"turns":3.0},{"damage":8.0,"enemies":"Chosen and Byrds","floor":25.0,"turns":3.0},{"damage":10.0,"enemies":"Book of Stabbing","floor":27.0,"turns":3.0},{"damage":20.0,"enemies":"Gremlin Leader","floor":30.0,"turns":5.0},{"damage":7.0,"enemies":"Snecko","floor":31.0,"turns":3.0},{"damage":73.0,"enemies":"Champ","floor":33.0,"turns":11.0},{"damage":26.0,"enemies":"3 Shapes","floor":35.0,"turns":6.0},{"damage":27.0,"enemies":"3 Darklings","floor":37.0,"turns":6.0},{"damage":51.0,"enemies":"Transient","floor":38.0,"turns":5.0},{"damage":42.0,"enemies":"2 Orb Walkers","floor":39.0,"turns":4.0},{"damage":25.0,"enemies":"Reptomancer","floor":41.0,"turns":4.0},{"damage":0.0,"enemies":"Sphere and 2 Shapes","floor":42.0,"turns":3.0},{"damage":34.0,"enemies":"Nemesis","floor":45.0,"turns":7.0},{"damage":9.0,"enemies":"3 Darklings","floor":46.0,"turns":4.0},{"damage":27.0,"enemies":"Transient","floor":47.0,"turns":5.0},{"damage":157.0,"enemies":"Donu and Deca","floor":50.0,"turns":11.0},{"damage":46.0,"enemies":"Shield and Spear","floor":54.0,"turns":4.0},{"damage":161,"enemies":"The Heart","floor":55,"turns":8}],"seed_played":"-7265503939082675169","potions_obtained":[{"floor":1.0,"key":"LiquidBronze"},{"floor":5.0,"key":"Strength Potion"},{"floor":10.0,"key":"SmokeBomb"},{"floor":11.0,"key":"DistilledChaos"},{"floor":14.0,"key":"LiquidMemories"},{"floor":16.0,"key":"DistilledChaos"},{"floor":20.0,"key":"AttackPotion"},{"floor":23.0,"key":"LiquidBronze"},{"floor":25.0,"key":"SpeedPotion"},{"floor":27.0,"key":"PowerPotion"},{"floor":31.0,"key":"Weak Potion"},{"floor":33.0,"key":"BloodPotion"},{"floor":35.0,"key":"SteroidPotion"},{"floor":38.0,"key":"Fire Potion"},{"floor":41.0,"key":"SkillPotion"},{"floor":42.0,"key":"Swift Potion"},{"floor":45.0,"key":"BloodPotion"},{"floor":46.0,"key":"Fruit Juice"},{"floor":47.0,"key":"Dexterity Potion"}],"is_trial":false,"path_per_floor":["M","$","M","$","M","E","$","R","T","E","M","E","M","M","R","B",null,"M","M","M","?","$","E","R","M","T","E","$","R","E","M","R","B",null,"M","T","M","M","?","R","E","M","T","T","E","M","M","?","R","B",null,"R","$","E","B"],"character_chosen":"IRONCLAD","items_purchased":["PreservedInsect","Shrug It Off","Sling","Shrug It Off","Red Skull","Whetstone","CultistPotion","Toolbox"],"campfire_rested":0,"item_purchase_floors":[2,2,22,28,53,53,53,53],"current_hp_per_floor":[77,77,79,79,78,52,52,52,52,55,62,67,65,67,67,56,74,80,80,80,80,80,80,80,80,80,79,79,79,73,83,83,24,71,89,89,85,78,68,68,92,92,92,92,95,95,91,91,91,60,89,89,89,90,0,0],"gold":74,"neow_bonus":"HUNDRED_GOLD","is_daily":false,"chose_seed":false,"campfire_upgraded":7,"win_rate":0.0,"timestamp":1612150192,"path_taken":["M","$","M","?","M","E","$","R","T","E","M","E","M","M","R","BOSS","M","M","?","?","$","E","R","M","T","E","$","R","E","M","R","BOSS","M","?","?","M","?","R","E","M","T","?","E","M","?","?","R","BOSS","R","$","E","BOSS"],"items_purchased_type":["Relic","Card","Relic","Card","Relic","Relic","Potion","Relic"],"build_version":"2020-12-22","purchased_purges":3,"victory":false,"max_hp_per_floor":[80,80,80,80,80,80,80,80,80,80,80,80,80,80,80,80,80,80,80,80,80,80,80,80,80,80,80,80,80,83,83,83,86,86,89,89,89,89,92,92,92,92,92,92,95,95,100,95,95,98,98,98,98,102,102,102],"relic_stats":{"Darkstone Periapt":0,"counters":[31,151],"Black Blood":273,"Magic Flower":[187],"PreservedInsect":375,"Bag of Preparation":[32],"Whetstone":["Strike_R","Feed"],"Ginger":[2],"War Paint":["Shrug It Off","Battle Trance"],"Dream Catcher":0,"Tiny Chest":1,"obtain_stats":[{"Darkstone Periapt":23,"Magic Flower":6,"Oddly Smooth Stone":10,"Black Blood":34,"PreservedInsect":2,"Bag of Preparation":26,"Incense Burner":39,"Whetstone":53,"Ginger":54,"War Paint":44,"Sling":22,"Burning Blood":0,"White Beast Statue":9,"Old Coin":27,"Bottled Flame":41,"Dream Catcher":45,"Toolbox":53,"Tiny Chest":30,"Coffee Dripper":17,"Bag of Marbles":21,"Bottled Lightning":12,"Red Skull":53,"Meat on the Bone":36},{"Darkstone Periapt":14,"Magic Flower":4,"Oddly Smooth Stone":5,"Black Blood":19,"PreservedInsect":1,"Bag of Preparation":15,"Incense Burner":23,"Whetstone":29,"Ginger":30,"War Paint":25,"Sling":13,"Burning Blood":0,"White Beast Statue":4,"Old Coin":16,"Bottled Flame":24,"Dream Catcher":26,"Toolbox":29,"Tiny Chest":17,"Coffee Dripper":10,"Bag of Marbles":13,"Bottled Lightning":7,"Red Skull":29,"Meat on the Bone":20},{"Darkstone Periapt":59,"Magic Flower":16,"Oddly Smooth Stone":19,"Black Blood":84,"PreservedInsect":3,"Bag of Preparation":62,"Incense Burner":105,"Whetstone":139,"Ginger":143,"War Paint":112,"Sling":56,"Burning Blood":0,"White Beast Statue":16,"Old Coin":65,"Bottled Flame":109,"Dream Catcher":119,"Toolbox":139,"Tiny Chest":70,"Coffee Dripper":44,"Bag of Marbles":56,"Bottled Lightning":27,"Red Skull":139,"Meat on the Bone":90}],"Meat on the Bone":18},"card_choices":[{"not_picked":["Armaments","Sentinel"],"picked":"Shockwave","floor":1.0},{"not_picked":["Cleave","Thunderclap"],"picked":"Perfected Strike","floor":3.0},{"not_picked":["Entrench","Thunderclap"],"picked":"Pommel Strike","floor":5.0},{"not_picked":["True Grit","Burning Pact","Wild Strike"],"picked":"SKIP","floor":6.0},{"not_picked":["Metallicize","Anger"],"picked":"Disarm","floor":10.0},{"not_picked":["Havoc","Power Through","Clash"],"picked":"SKIP","floor":11.0},{"not_picked":["Whirlwind","Dual Wield"],"picked":"Perfected Strike","floor":12.0},{"not_picked":["Flex","Fire Breathing","Rampage"],"picked":"SKIP","floor":13.0},{"not_picked":["Shockwave","Bloodletting"],"picked":"Twin Strike","floor":14.0},{"not_picked":["Brutality","Barricade"],"picked":"Reaper","floor":16.0},{"not_picked":["Wild Strike","Headbutt","True Grit"],"picked":"SKIP","floor":18.0},{"not_picked":["Heavy Blade","Dark Embrace"],"picked":"Battle Trance","floor":19.0},{"not_picked":["Warcry","Heavy Blade","Rupture"],"picked":"SKIP","floor":20.0},{"not_picked":["Infernal Blade","Wild Strike+1"],"picked":"Flame Barrier","floor":23.0},{"not_picked":["Flex","True Grit+1"],"picked":"Feed","floor":25.0},{"not_picked":["Reckless Charge","Headbutt","Thunderclap"],"picked":"SKIP","floor":27.0},{"not_picked":["Clash","True Grit"],"picked":"Whirlwind+1","floor":30.0},{"not_picked":["Thunderclap","Warcry","Rampage"],"picked":"SKIP","floor":31.0},{"not_picked":["Bludgeon","Immolate"],"picked":"Reaper","floor":33.0},{"not_picked":["Flex+1","Whirlwind+1","Anger"],"picked":"SKIP","floor":35.0},{"not_picked":["Flex+1","Iron Wave+1","Pummel"],"picked":"SKIP","floor":37.0},{"not_picked":["Clothesline+1","Intimidate+1","Warcry"],"picked":"SKIP","floor":38.0},{"not_picked":["True Grit+1","Flame Barrier"],"picked":"Perfected Strike","floor":39.0},{"not_picked":["Entrench","Corruption","Cleave"],"picked":"SKIP","floor":41.0},{"not_picked":["Entrench","Corruption","Cleave"],"picked":"SKIP","floor":41.0},{"not_picked":["Wild Strike+1","Clothesline","Thunderclap"],"picked":"SKIP","floor":42.0},{"not_picked":["Blood for Blood","Anger","Rampage"],"picked":"SKIP","floor":45.0},{"not_picked":["Pummel+1","Havoc","Dark Embrace"],"picked":"SKIP","floor":46.0},{"not_picked":["Headbutt+1","Heavy Blade"],"picked":"Inflame+1","floor":47.0},{"not_picked":["Hemokinesis","Bludgeon","Thunderclap+1"],"picked":"SKIP","floor":54.0}],"player_experience":2474276,"relics_obtained":[{"floor":6.0,"key":"Magic Flower"},{"floor":9.0,"key":"White Beast Statue"},{"floor":10.0,"key":"Oddly Smooth Stone"},{"floor":12.0,"key":"Bottled Lightning"},{"floor":23.0,"key":"Darkstone Periapt"},{"floor":26.0,"key":"Bag of Preparation"},{"floor":27.0,"key":"Old Coin"},{"floor":30.0,"key":"Tiny Chest"},{"floor":36.0,"key":"Meat on the Bone"},{"floor":39.0,"key":"Incense Burner"},{"floor":41.0,"key":"Bottled Flame"},{"floor":44.0,"key":"War Paint"},{"floor":45.0,"key":"Dream Catcher"},{"floor":54.0,"key":"Ginger"}],"event_choices":[{"damage_healed":0.0,"max_hp_gain":0.0,"max_hp_loss":0.0,"gold_gain":0.0,"event_name":"WeMeetAgain","player_choice":"Gave Potion","floor":21.0,"gold_loss":0.0,"damage_taken":0.0,"relics_obtained":["Bag of Marbles"]},{"damage_healed":0.0,"max_hp_gain":0.0,"max_hp_loss":0.0,"gold_gain":0.0,"event_name":"Mysterious Sphere","player_choice":"Fight","floor":39.0,"gold_loss":0.0,"damage_taken":0.0},{"damage_healed":0.0,"max_hp_gain":0.0,"max_hp_loss":5.0,"gold_gain":0.0,"event_name":"Winding Halls","player_choice":"Max HP","floor":48.0,"gold_loss":0.0,"damage_taken":0.0}],"is_beta":false,"boss_relics":[{"not_picked":["Cursed Key","Astrolabe"],"picked":"Coffee Dripper"},{"not_picked":["Velvet Choker","Mark of Pain"],"picked":"Black Blood"}],"items_purged_floors":[7,22,28],"is_endless":false,"potions_floor_spawned":[1,5,10,11,12,13,14,16,18,19,20,23,25,27,30,31,33,35,37,38,39,41,42,45,46,47,54],"killed_by":"The Heart","ascension_level":6}}