{"host":"wshh0nphwn6jv7vj","time":1612220668,"event":{"mods":["BaseMod","Bestiary","Minty Spire (QoL Compilation)","Relic Stats"],"gold_per_floor":[143,143,143,143,186,215,215,240,309,327,327,343,402,438,438,537,537,554,335,335,370,5,5,5],"floor_reached":23,"language":"ENG","playtime":1732,"items_purged":[],"score":387,"play_id":"edaf3fe6-87a6-4a99-b6e0-131eb34d02d1","local_time":"20210201180428","is_ascension_mode":true,"campfire_choices":[{"floor":7,"key":"REST"},{"data":"LikeWater","floor":11,"key":"SMITH"},{"floor":15,"key":"REST"}],"circlet_count":0,"master_deck":["AscendersBane","Eruption","Vigilance","CarveReality","Omniscience","Adaptation","ForeignInfluence","Consecrate","EmptyFist","Wish","SashWhip","WaveOfTheHand","WheelKick","Sanctity","Conclude","LikeWater+1","TalkToTheHand","SashWhip","Wallop","Alpha","Wireheading+1","BowlingBash","Writhe","EmptyBody","CutThroughFate"],"relics":["Pandora\u0027s Box","Orichalcum","Bird Faced Urn","Boot","Eternal Feather","Frozen Egg 2","Runic Pyramid","HandDrill","Strawberry","Lizard Tail"],"acts_visited":["Exordium","TheCity"],"potions_floor_usage":[14,23],"damage_taken":[{"damage":24,"enemies":"Small Slimes","floor":1,"turns":5},{"damage":4,"enemies":"Jaw Worm","floor":5,"turns":3},{"damage":15,"enemies":"Gremlin Nob","floor":6,"turns":4},{"damage":21,"enemies":"Lagavulin","floor":8,"turns":7},{"damage":2,"enemies":"2 Louse","floor":10,"turns":2},{"damage":6,"enemies":"Looter","floor":12,"turns":4},{"damage":12,"enemies":"3 Sentries","floor":13,"turns":12},{"damage":36,"enemies":"Lots of Slimes","floor":14,"turns":3},{"damage":28,"enemies":"The Guardian","floor":16,"turns":13},{"damage":30,"enemies":"2 Thieves","floor":18,"turns":4},{"damage":19,"enemies":"Chosen","floor":21,"turns":6},{"damage":100,"enemies":"Book of Stabbing","floor":23,"turns":6}],"seed_played":"-259731560348518718","potions_obtained":[{"floor":6,"key":"Ancient Potion"},{"floor":10,"key":"Fire Potion"},{"floor":12,"key":"Regen Potion"},{"floor":14,"key":"SpeedPotion"},{"floor":18,"key":"Explosive Potion"},{"floor":21,"key":"GamblersBrew"}],"is_trial":false,"path_per_floor":["M","?","?","?","M","E","R","E","T","M","R","M","E","M","R","B",null,"M","$","?","M","$","E"],"character_chosen":"WATCHER","items_purchased":["HandDrill","BowlingBash","Lizard Tail","CutThroughFate"],"campfire_rested":2,"item_purchase_floors":[19,19,22,22],"current_hp_per_floor":[37,37,59,54,50,35,55,36,36,34,43,41,33,6,35,11,54,26,26,33,22,22,0,0],"gold":5,"neow_bonus":"BOSS_RELIC","is_daily":false,"chose_seed":false,"campfire_upgraded":1,"win_rate":0.0,"timestamp":1612220668,"path_taken":["M","?","?","?","M","E","R","E","T","M","R","M","E","M","R","BOSS","M","$","?","M","$","E"],"items_purchased_type":["Relic","Card","Relic","Card"],"build_version":"2020-12-22","purchased_purges":0,"victory":false,"max_hp_per_floor":[68,68,68,68,68,68,68,68,68,68,68,68,68,68,68,68,68,68,68,75,75,75,75,75],"relic_stats":{"Lizard Tail":37,"counters":[12,69],"Bird Faced Urn":[30],"Pandora\u0027s Box":["Fasting2","CarveReality","Omniscience","Adaptation","ForeignInfluence","Consecrate","EmptyFist","Wish"],"Eternal Feather":18,"HandDrill":[0],"Orichalcum":[186],"Boot":[7],"obtain_stats":[{"Lizard Tail":22,"Bird Faced Urn":6,"Strawberry":20,"Pandora\u0027s Box":0,"Eternal Feather":9,"HandDrill":19,"PureWater":0,"Orichalcum":4,"Frozen Egg 2":13,"Boot":8,"Runic Pyramid":17},{"Lizard Tail":11,"Bird Faced Urn":3,"Strawberry":10,"Pandora\u0027s Box":0,"Eternal Feather":4,"HandDrill":10,"PureWater":0,"Orichalcum":1,"Frozen Egg 2":7,"Boot":4,"Runic Pyramid":9},{"Lizard Tail":63,"Bird Faced Urn":12,"Strawberry":57,"Pandora\u0027s Box":0,"Eternal Feather":19,"HandDrill":57,"PureWater":0,"Orichalcum":5,"Frozen Egg 2":37,"Boot":19,"Runic Pyramid":53}]},"card_choices":[{"not_picked":["Evaluate","Prostrate"],"picked":"SashWhip","floor":1},{"not_picked":["EmptyFist","Swivel"],"picked":"WheelKick","floor":5},{"not_picked":["Evaluate","Fasting2"],"picked":"Sanctity","floor":6},{"not_picked":["Crescendo","Consecrate"],"picked":"Conclude","floor":8},{"not_picked":["Protect","CutThroughFate"],"picked":"LikeWater","floor":10},{"not_picked":["Nirvana","Protect"],"picked":"TalkToTheHand","floor":12},{"not_picked":["CrushJoints","ReachHeaven"],"picked":"SashWhip","floor":13},{"not_picked":["CrushJoints","Pray"],"picked":"Wallop","floor":14},{"not_picked":["ConjureBlade","Devotion+1"],"picked":"Alpha","floor":16},{"not_picked":["FlurryOfBlows","Evaluate"],"picked":"Wireheading+1","floor":18},{"not_picked":["SashWhip","FollowUp+1"],"picked":"EmptyBody","floor":21}],"player_experience":1624140,"relics_obtained":[{"floor":6,"key":"Bird Faced Urn"},{"floor":8,"key":"Boot"},{"floor":9,"key":"Eternal Feather"},{"floor":13,"key":"Frozen Egg 2"}],"event_choices":[{"damage_healed":0,"gold_gain":0,"cards_transformed":["Fasting2"],"player_choice":"Change","damage_taken":0,"max_hp_gain":0,"max_hp_loss":0,"event_name":"Living Wall","floor":2,"gold_loss":0,"cards_obtained":["WaveOfTheHand"]},{"damage_healed":22,"gold_gain":0,"player_choice":"Banana","damage_taken":0,"max_hp_gain":0,"max_hp_loss":0,"event_name":"Big Fish","floor":3,"gold_loss":0},{"damage_healed":0,"gold_gain":0,"player_choice":"Success","damage_taken":5,"relics_obtained":["Orichalcum"],"max_hp_gain":0,"max_hp_loss":0,"event_name":"Scrap Ooze","floor":4,"gold_loss":0},{"damage_healed":0,"gold_gain":0,"player_choice":"Opened","damage_taken":0,"relics_obtained":["Strawberry"],"max_hp_gain":0,"max_hp_loss":0,"event_name":"The Mausoleum","floor":20,"gold_loss":0,"cards_obtained":["Writhe"]}],"is_beta":false,"boss_relics":[{"not_picked":["SlaversCollar","Sozu"],"picked":"Runic Pyramid"}],"items_purged_floors":[],"is_endless":false,"potions_floor_spawned":[6,10,12,14,18,21],"killed_by":"Book of Stabbing","ascension_level":17}}