{"host":"nowlnq08cups5y6x","time":1612203596,"event":{"mods":["2.2 Compatiblity","AchievementEnabler","Aspiration","BaseMod","Beaked The Cultist","Better Altar","Better Match","Better Note","Better Sensory Stone","Better Silent Start","Better Skull","Better Third Choice","BetterRewards","Card Forge","Colored Map","Colored Powertips","Conspire","Curses Come First","Defuse TimeMaze Blight","Energized Spire","Gold Saver","Grow up Mod","Halation","Highlight Path","Hubris","Infinite Spire","Minty Spire (QoL Compilation)","Permanent Neow","Rare Cards Sparkle","Reliquary","Remove Card Discount Mod","Replay The Spire","SacredBarkPlus","Shop Mod","Spicy Shops","StS++","StSLib","The Cursed","Transform Curses","UnlockEverythingMod"],"gold_per_floor":[1081,1081,1256,145,145,171,171,28,28,28,28,41,76,76,76,179,179,191,191,211,225,239,239,270,270,270,280,280,280,280,308,308,406,406,416,416,416,416,416,416,416,445,445],"floor_reached":44,"language":"ENG","playtime":2760,"items_purged":[],"score":1396,"play_id":"dee9fff1-f010-4779-b44a-601bbdcfaa51","local_time":"20210201131956","is_ascension_mode":false,"campfire_choices":[{"floor":7.0,"key":"RECALL"},{"floor":11.0,"key":"REST"},{"floor":15.0,"key":"DIG"},{"floor":23.0,"key":"REST"},{"floor":25.0,"key":"REST"},{"floor":28.0,"key":"REST"},{"floor":32.0,"key":"REST"},{"floor":40,"key":"REST"}],"circlet_count":0,"master_deck":["beaked:Strike_Y+1","beaked:Strike_Y+1","beaked:Strike_Y+1","beaked:Strike_Y+1","beaked:Strike_Y+1","beaked:Strike_Y+1","beaked:Defend_Y+1","beaked:Defend_Y+1","beaked:Defend_Y+1","beaked:Ceremony+1","beaked:Ceremony+1","beaked:Ceremony+1","beaked:Windmill+1","beaked:MimicHuntress+1","Good Instincts+1","beaked:Flinch+1","Violence+1","beaked:StickSmack+1","beaked:MaddeningMurmurs+1","beaked:HuntressEssence+1","Panache+1","beaked:DigDeep+1","beaked:MimicMachine+1","Apotheosis+1","beaked:LiftOff+1","beaked:DigDeep+1","infinitespire:NeuralNetwork+1","beaked:Overpower+1","beaked:TuckingFeathers+1","beaked:Evade+1","beaked:StickSmack+1","Insight+1","beaked:LiftOff+1","beaked:Negation+1","beaked:MimicMachine+1"],"relics":["beaked:MendingPlumage","Hammer of Thor","Seething Fire","Anvil of the Gods","Replay:Byrd Feeder","halation:ShiningIdol","Toy Ornithopter","ReplayTheSpireMod:Shallot","reliquary:Stiletto","reliquary:RosewoodLute","Medical Kit","Dead Branch","MerchantsRug","Replay:Rubber Ducky","halation:Jellyphish","Bag of Marbles","reliquary:RoseTintedGlasses","Fusion Hammer","aspiration:StickyExplosives_weak","hubris:BottledHeart","reliquary:OuijaBoard","Cursed Key","Replay:Bottled Eggs","Lantern"],"acts_visited":["Exordium","TheCity","TheBeyond","TheEnding"],"potions_floor_usage":[38,38,42,43],"damage_taken":[{"damage":4.0,"enemies":"Jaw Worm","floor":1.0,"turns":4.0},{"damage":0.0,"enemies":"Replay:BlueRogue","floor":6.0,"turns":4.0},{"damage":0.0,"enemies":"conspire:RoseBush","floor":12.0,"turns":1.0},{"damage":0.0,"enemies":"3 Sentries","floor":13.0,"turns":5.0},{"damage":0.0,"enemies":"Fading Forest","floor":16.0,"turns":11.0},{"damage":0.0,"enemies":"Chosen","floor":18.0,"turns":4.0},{"damage":0.0,"enemies":"3 Byrds","floor":20.0,"turns":5.0},{"damage":0.0,"enemies":"3 Cultists","floor":21.0,"turns":3.0},{"damage":9.0,"enemies":"Snake Plant","floor":22.0,"turns":2.0},{"damage":22.0,"enemies":"Slavers","floor":24.0,"turns":5.0},{"damage":0.0,"enemies":"Sentry and Sphere","floor":27.0,"turns":3.0},{"damage":0.0,"enemies":"Replay:Snechameleon","floor":31.0,"turns":7.0},{"damage":0.0,"enemies":"Collector","floor":33.0,"turns":8.0},{"damage":0,"enemies":"3 Darklings","floor":35,"turns":3},{"damage":0,"enemies":"Replay:Hell Engine","floor":38,"turns":10},{"damage":0,"enemies":"Shield and Spear","floor":42,"turns":6},{"damage":3,"enemies":"The Heart","floor":43,"turns":11}],"seed_played":"3781983459052909435","potions_obtained":[{"floor":5.0,"key":"SkillPotion"},{"floor":5.0,"key":"StSpp:ScatteredPotion"},{"floor":5.0,"key":"StSpp:ScatteredPotion"},{"floor":6.0,"key":"ColorlessPotion"},{"floor":16.0,"key":"Fire Potion"},{"floor":18.0,"key":"Milkshake"},{"floor":22.0,"key":"Elixir"},{"floor":24.0,"key":"LiquidBronze"},{"floor":27.0,"key":"StSpp:SecondWindPotion"},{"floor":42,"key":"Fire Potion"}],"is_trial":false,"path_per_floor":["M","?","?","$","?","E","R","$","T","$","R","M","E","?","R_BF","B",null,"M","?","M","M","M","R","E","R","T","M","R","?","?","E","R","B",null,"M","M","?","B",null,"R","$","E","B",null],"character_chosen":"BEAKED_THE_CULTIST","items_purchased":["ReplayTheSpireMod:Shallot","reliquary:Stiletto","Violence","reliquary:RosewoodLute","Medical Kit","Dead Branch","beaked:MaddeningMurmurs","beaked:HuntressEssence","MerchantsRug","Panache","halation:Jellyphish"],"campfire_rested":6,"item_purchase_floors":[0,0,0,4,4,4,4,4,4,4,8],"current_hp_per_floor":[46,56,66,76,86,116,126,136,146,156,170,180,190,200,210,220,230,240,250,260,270,276,290,300,310,320,330,340,11,21,31,41,51,61,71,81,91,101,111,121,131,141,151],"gold":445,"neow_bonus":"","is_daily":false,"chose_seed":false,"campfire_upgraded":0,"win_rate":0.0,"timestamp":1612203596,"path_taken":["M","?","?","$","?","E","R","$","T","$","R","?","E","?","R_BF","BOSS","M","?","M","M","M","R","E","R","T","M","R","?","?","E","R","BOSS","M","M","?","BOSS","R","$","E","BOSS"],"items_purchased_type":["Relic","Relic","Card","Relic","Relic","Relic","Card","Card","Relic","Card","Relic"],"build_version":"2020-12-22","purchased_purges":0,"victory":true,"max_hp_per_floor":[70,80,90,100,110,120,130,140,150,160,170,180,190,200,210,220,230,240,250,260,270,280,290,300,310,320,330,340,11,21,31,41,51,61,71,81,91,101,111,121,131,141,151],"card_choices":[{"not_picked":["beaked:Molting","beaked:BarbedWire"],"picked":"beaked:StickSmack","floor":1.0},{"not_picked":["beaked:Tradeoff","beaked:WarriorSpirit"],"picked":"beaked:DigDeep","floor":6.0},{"not_picked":["beaked:DigDeeper","beaked:Struggle","beaked:SurvivalInstinct"],"picked":"SKIP","floor":12.0},{"not_picked":["beaked:MachineSpirit","beaked:Sacrifice"],"picked":"beaked:MimicMachine","floor":13.0},{"not_picked":["beaked:DarkPact","beaked:Brainwash"],"picked":"beaked:LiftOff","floor":16.0},{"not_picked":["beaked:SacrificialAttack","beaked:SacrificialDive+1"],"picked":"beaked:DigDeep+1","floor":18.0},{"not_picked":["beaked:WarriorSpirit","beaked:SacrificialAttack"],"picked":"beaked:Overpower+1","floor":20.0},{"not_picked":["beaked:Cower","beaked:WarriorSpirit","beaked:CrazyRituals"],"picked":"SKIP","floor":21.0},{"not_picked":["beaked:DigDeep","beaked:Replenish"],"picked":"beaked:TuckingFeathers+1","floor":22.0},{"not_picked":["beaked:CrazyRituals","beaked:KnowThyFoe"],"picked":"beaked:Evade+1","floor":24.0},{"not_picked":["beaked:SacrificialDive+1","ReplayTheSpireMod:Prepare the Ceremony"],"picked":"beaked:StickSmack+1","floor":27.0},{"not_picked":["beaked:WarriorSpirit","beaked:Roost","ReplayTheSpireMod:Wings of Steel+1"],"picked":"SKIP","floor":31.0},{"not_picked":["beaked:VolatileMisfortune","beaked:Caw"],"picked":"beaked:LiftOff","floor":33.0},{"not_picked":["beaked:MimicHuntress+1","beaked:VigorBurst"],"picked":"beaked:Negation","floor":35},{"not_picked":["beaked:Daydream+1","beaked:SurvivalInstinct"],"picked":"beaked:MimicMachine+1","floor":42}],"player_experience":513235,"relics_obtained":[{"floor":6.0,"key":"Replay:Rubber Ducky"},{"floor":13.0,"key":"Bag of Marbles"},{"floor":15.0,"key":"reliquary:RoseTintedGlasses"},{"floor":24.0,"key":"aspiration:StickyExplosives_weak"},{"floor":31.0,"key":"reliquary:OuijaBoard"},{"floor":42,"key":"Lantern"}],"event_choices":[{"damage_healed":0.0,"max_hp_gain":0.0,"max_hp_loss":0.0,"gold_gain":0.0,"event_name":"Living Wall","player_choice":"Grow","floor":2.0,"gold_loss":0.0,"damage_taken":0.0,"cards_upgraded":["Violence"]},{"damage_healed":0.0,"max_hp_gain":0.0,"max_hp_loss":0.0,"gold_gain":175.0,"event_name":"betterThird:BetterSerpent","player_choice":"AGREE","floor":3.0,"gold_loss":0.0,"damage_taken":1081.0},{"damage_healed":0.0,"max_hp_gain":0.0,"max_hp_loss":0.0,"gold_gain":0.0,"event_name":"Lab","player_choice":"Got Potions","floor":5.0,"gold_loss":0.0,"damage_taken":0.0},{"damage_healed":190.0,"max_hp_gain":0.0,"max_hp_loss":190.0,"gold_gain":0.0,"event_name":"betterThird:BetterShining","player_choice":"Embrace","floor":14.0,"gold_loss":0.0,"damage_taken":0.0},{"cards_removed":["Panache"],"damage_healed":0.0,"max_hp_gain":0.0,"max_hp_loss":0.0,"gold_gain":0.0,"event_name":"betterNote:BetterNote","player_choice":"Take \u0026 Give","floor":19.0,"gold_loss":0.0,"damage_taken":0.0,"cards_obtained":["infinitespire:NeuralNetwork"]},{"damage_healed":0.0,"max_hp_gain":0.0,"max_hp_loss":0.0,"gold_gain":0.0,"event_name":"betterThird:BetterWriting","player_choice":"Insight","floor":30.0,"gold_loss":0.0,"damage_taken":0.0,"cards_obtained":["Insight"]},{"damage_healed":0,"gold_gain":0,"player_choice":"Portal","damage_taken":0,"max_hp_gain":0,"max_hp_loss":0,"event_name":"betterThird:BetterPortal","floor":37,"gold_loss":0}],"is_beta":false,"boss_relics":[{"not_picked":["hubris:Stopwatch","halation:SmartPhone"],"picked":"Fusion Hammer"},{"not_picked":["conspire:RoyalGoblet","Replay:Ancient Bell"],"picked":"Cursed Key"}],"items_purged_floors":[],"is_endless":false,"potions_floor_spawned":[6,12,16,18,22,24,27,35,42],"ascension_level":0}}