{"host":"dn6kke80v5f7isus","time":1612222299,"event":{"mods":["AchievementEnabler","Act Like it!","BaseMod","Colored Powertips","Custom Start","Defuse TimeMaze Blight","Gremlin Skip","Highlight Path","Hubris","Infinite Spire","Marisa????????","Minty Spire (QoL Compilation)","Rare Cards Sparkle","Reliquary","Replay The Spire","StSLib","The Servant 0.9.4","Uncapped","Unceasing Turn Reminder"],"gold_per_floor":[118,118,193,193,210,237,263,297,297,73,91,104,138,161,173,283,295,323,93,93,93,113,113,144,161,187,205,205,220,254,268,268,369,369,369,369],"floor_reached":35,"language":"ENG","playtime":1076,"items_purged":["Strike_MRS","GalacticHalo"],"score":490,"play_id":"3d9751ef-3e5c-4752-bba3-b8cb4b7113dd","local_time":"20210201183139","is_ascension_mode":true,"campfire_choices":[{"floor":15,"key":"REST"},{"data":"SporeBomb","floor":23,"key":"SMITH"},{"floor":32,"key":"REST"}],"circlet_count":0,"master_deck":["Strike_MRS","Strike_MRS","Strike_MRS","Defend_MRS","Defend_MRS","Defend_MRS","Defend_MRS","MasterSpark","UpSweep","EnergyFlow","Parasite","Parasite","ShootingEcho","ShootingEcho","EnergyFlow+1","ChargingUp+1","SporeBomb+1","WitchLeyline","SprinkleStarSeal","EventHorizon","DragonMeteor+1","6A","MillisecondPulsars"],"relics":["MiniHakkero","NeowsBlessing","Torii","InkBottle","Simple Rune","ShroomBag","StrikeDummy","BargainBundle","Onion Ring","Ancient Tea Set","MawBank","Honey Jar","reliquary:IridiumChain","hubris:PeanutButter","hubris:TenFootPole","Orichalcum","Turnip","Replay:Grab Bag","hubris:TerracottaHorce","reliquary:WritOfMandamus","hubris:Backtick","Omamori"],"acts_visited":["Exordium","TheCity","TheBeyond"],"potions_floor_usage":[8,13,13,16,30,33],"damage_taken":[{"damage":0,"enemies":"Jaw Worm","floor":1,"turns":1},{"damage":0,"enemies":"Small Slimes","floor":5,"turns":1},{"damage":0,"enemies":"3 Sentries","floor":6,"turns":1},{"damage":14,"enemies":"Gremlin Nob","floor":8,"turns":4},{"damage":0,"enemies":"2 Louse","floor":11,"turns":2},{"damage":1,"enemies":"Looter","floor":12,"turns":3},{"damage":23,"enemies":"Lagavulin","floor":13,"turns":5},{"damage":12,"enemies":"Blue Slaver","floor":14,"turns":2},{"damage":20,"enemies":"Hexaghost","floor":16,"turns":7},{"damage":21,"enemies":"2 Thieves","floor":18,"turns":3},{"damage":0,"enemies":"Shell Parasite","floor":22,"turns":2},{"damage":9,"enemies":"Replay:Snechameleon","floor":24,"turns":4},{"damage":8,"enemies":"Centurion and Healer","floor":25,"turns":3},{"damage":1,"enemies":"Snake Plant","floor":27,"turns":2},{"damage":0,"enemies":"Snecko","floor":29,"turns":3},{"damage":23,"enemies":"Gremlin Leader","floor":30,"turns":3},{"damage":1,"enemies":"Centurion and Healer","floor":31,"turns":4},{"damage":16,"enemies":"Automaton","floor":33,"turns":6},{"damage":0,"enemies":"3 Darklings","floor":35,"turns":1}],"seed_played":"3681188576619324689","potions_obtained":[{"floor":5,"key":"Toxic Potion"},{"floor":6,"key":"Flashbang"},{"floor":8,"key":"Fire Potion"},{"floor":11,"key":"Strength Potion"},{"floor":24,"key":"BlessingOfTheForge"},{"floor":27,"key":"LiquidBronze"},{"floor":31,"key":"PowerPotion"},{"floor":33,"key":"Fire Potion"}],"is_trial":false,"path_per_floor":["M","?","?","?","M","E","T","E","T","$","M","M","E","M","R","B",null,"M","$","?","?","M","R","E","M","T","M","AVR","M","E","M","R","B",null,"M"],"character_chosen":"MARISA","items_purchased":["BargainBundle","Onion Ring","Ancient Tea Set","ShootingEcho","reliquary:IridiumChain"],"campfire_rested":2,"item_purchase_floors":[10,10,10,10,19],"current_hp_per_floor":[75,72,61,61,61,61,61,47,47,47,51,54,35,27,49,33,75,56,56,56,56,60,60,55,51,51,54,54,58,39,42,64,52,69,71,71],"gold":369,"neow_bonus":"THREE_ENEMY_KILL","is_daily":false,"chose_seed":false,"campfire_upgraded":1,"win_rate":0.0,"timestamp":1612222299,"path_taken":["M","?","?","?","M","E","?","E","T","$","M","?","E","M","R","BOSS","M","$","?","?","M","R","E","?","T","M","AVR","?","E","?","R","BOSS","M"],"items_purchased_type":["Relic","Relic","Relic","Card","Relic"],"build_version":"2020-12-22","purchased_purges":2,"victory":false,"max_hp_per_floor":[75,75,75,75,75,75,75,75,75,75,75,75,75,75,75,75,75,75,75,75,75,75,75,75,75,75,75,75,75,75,75,75,75,75,75,75],"card_choices":[{"not_picked":["SporeBomb","SprinkleStarSeal"],"picked":"EnergyFlow","floor":1},{"not_picked":["GrandCross","IllusionStar","WitchOfGreed"],"picked":"SKIP","floor":5},{"not_picked":["NonDirectionalLaser","IllusionStar","Acceleration"],"picked":"SKIP","floor":6},{"not_picked":["EnergyFlow","AsteroidBelt"],"picked":"ShootingEcho","floor":8},{"not_picked":["EnergyRecoil","UnstableBomb","LuminesStrike"],"picked":"SKIP","floor":11},{"not_picked":["EnergyRecoil","ShootingEcho"],"picked":"EnergyFlow","floor":12},{"not_picked":["DeepEcoloBomb","ShootTheMoon","StarBarrage"],"picked":"SKIP","floor":13},{"not_picked":["GravityBeat","ShootingEcho","StarDustReverie"],"picked":"SKIP","floor":14},{"not_picked":["MysteriousBeam","OneTimeOff","Orbital"],"picked":"ChargingUp+1","floor":18},{"not_picked":["EventHorizon","6A","SprinkleStarSeal+1"],"picked":"SporeBomb","floor":22},{"not_picked":["GrandCross","6A","RefractionSpark"],"picked":"WitchLeyline","floor":24},{"not_picked":["MachineGunSpark","WitchOfGreed","GalacticHalo+1"],"picked":"SprinkleStarSeal","floor":25},{"not_picked":["DC+1","GravityBeat","EventHorizon+1"],"picked":"GalacticHalo","floor":27},{"not_picked":["GravityBeat+1","GalacticHalo+1","WitchOfGreed"],"picked":"EventHorizon","floor":29},{"not_picked":["GravityBeat","Orbital","Robbery+1"],"picked":"DragonMeteor+1","floor":30},{"not_picked":["UnstableBomb","WitchOfGreed","MaximisePower"],"picked":"6A","floor":31},{"not_picked":["CollectingQuirk","TreasureHunter","MaximisePower"],"picked":"MillisecondPulsars","floor":33}],"player_experience":418209,"relics_obtained":[{"floor":6,"key":"InkBottle"},{"floor":7,"key":"Simple Rune"},{"floor":8,"key":"ShroomBag"},{"floor":9,"key":"StrikeDummy"},{"floor":13,"key":"MawBank"},{"floor":24,"key":"hubris:PeanutButter"},{"floor":26,"key":"hubris:TenFootPole"},{"floor":30,"key":"Turnip"}],"event_choices":[{"damage_healed":0,"gold_gain":0,"player_choice":"Success","damage_taken":3,"relics_obtained":["Torii"],"max_hp_gain":0,"max_hp_loss":0,"event_name":"Scrap Ooze","floor":2,"gold_loss":0},{"damage_healed":0,"gold_gain":75,"player_choice":"Gather Gold","damage_taken":11,"max_hp_gain":0,"max_hp_loss":0,"event_name":"World of Goop","floor":3,"gold_loss":0},{"damage_healed":0,"gold_gain":0,"player_choice":"Forge","damage_taken":0,"max_hp_gain":0,"max_hp_loss":0,"event_name":"Accursed Blacksmith","floor":21,"gold_loss":0,"cards_upgraded":["EnergyFlow"]}],"is_beta":false,"boss_relics":[{"not_picked":["Ectoplasm","Busted Crown"],"picked":"Honey Jar"},{"not_picked":["hubris:CrackedHourglass","Calling Bell"],"picked":"Replay:Grab Bag"},{"not_picked":["infinitespire:Cupcake","Sozu"],"picked":"hubris:TerracottaHorce"},{"not_picked":["Velvet Choker","reliquary:Ember"],"picked":"reliquary:WritOfMandamus"},{"not_picked":["Pandora\u0027s Box","Runic Pyramid"],"picked":"hubris:Backtick"}],"items_purged_floors":[10,28],"is_endless":false,"potions_floor_spawned":[5,6,8,11,24,27,31,33],"killed_by":"3 Darklings","ascension_level":1}}