{"host":"fuszjwm6fqgjjp4d","time":1612159178,"event":{"mods":["BaseMod","Bestiary","Colored Map","DeckTracker","Minty Spire (QoL Compilation)","Permanent Neow","Relic Sorter","Relic Stats","StSLib"],"gold_per_floor":[110,110,75,75,89,124,124,139,164,164,198,198,198,198,198],"floor_reached":14,"language":"ENG","playtime":213,"items_purged":[],"score":196,"play_id":"f13f6da8-1898-4f97-8845-8434b8690a05","local_time":"20210131235938","is_ascension_mode":true,"campfire_choices":[{"data":"Self Repair","floor":7,"key":"SMITH"},{"data":"Streamline","floor":10,"key":"SMITH"}],"circlet_count":0,"master_deck":["AscendersBane","Strike_B","Strike_B","Strike_B","Defend_B","Defend_B","Defend_B","Defend_B","Zap+1","Dualcast","Ball Lightning","Self Repair+1","FTL","Streamline+1"],"relics":["Cracked Core","Boot","Nunchaku","Shovel"],"acts_visited":["Exordium"],"potions_floor_usage":[11,11,13],"damage_taken":[{"damage":4.0,"enemies":"2 Louse","floor":1.0,"turns":3.0},{"damage":3.0,"enemies":"Small Slimes","floor":5.0,"turns":3.0},{"damage":32.0,"enemies":"Gremlin Nob","floor":6.0,"turns":4.0},{"damage":1,"enemies":"Cultist","floor":8,"turns":3},{"damage":36,"enemies":"3 Sentries","floor":11,"turns":6},{"damage":0,"enemies":"2 Fungi Beasts","floor":13,"turns":1},{"damage":20,"enemies":"Lagavulin","floor":14,"turns":4}],"seed_played":"-2242087009387178949","potions_obtained":[{"floor":4.0,"key":"Dexterity Potion"},{"floor":4.0,"key":"LiquidBronze"},{"floor":6.0,"key":"Dexterity Potion"},{"floor":11,"key":"SmokeBomb"}],"is_trial":false,"path_per_floor":["M","?","?","?","M","E","R","M","T","R","E","?","M","E"],"character_chosen":"DEFECT","items_purchased":[],"campfire_rested":0,"item_purchase_floors":[],"current_hp_per_floor":[60,53,70,70,67,42,42,51,51,51,25,20,20,0,0],"gold":198,"neow_bonus":"UPGRADE_CARD","is_daily":false,"chose_seed":false,"campfire_upgraded":2,"win_rate":0.0,"timestamp":1612159178,"path_taken":["M","?","?","?","?","E","R","M","T","R","E","?","M","E"],"items_purchased_type":[],"build_version":"2020-12-22","purchased_purges":0,"victory":false,"max_hp_per_floor":[71,71,71,71,71,71,71,71,71,71,71,71,71,71,71],"relic_stats":{"Nunchaku":[1],"Shovel":0,"counters":[7,24],"Boot":[0],"obtain_stats":[{"Nunchaku":9,"Shovel":11,"Cracked Core":0,"Boot":6},{"Nunchaku":4,"Shovel":5,"Cracked Core":0,"Boot":3},{"Nunchaku":13,"Shovel":19,"Cracked Core":0,"Boot":10}]},"card_choices":[{"not_picked":["Heatsinks","Doom and Gloom"],"picked":"Ball Lightning","floor":1.0},{"not_picked":["Beam Cell","Redo"],"picked":"Self Repair","floor":5.0},{"not_picked":["Heatsinks","Aggregate"],"picked":"FTL","floor":6.0},{"not_picked":["Coolheaded","Hologram"],"picked":"Streamline","floor":8},{"not_picked":["Blizzard","Turbo","Aggregate"],"picked":"SKIP","floor":11}],"player_experience":1414447,"relics_obtained":[{"floor":6.0,"key":"Boot"},{"floor":9,"key":"Nunchaku"},{"floor":11,"key":"Shovel"}],"event_choices":[{"cards_removed":["Strike_B"],"damage_healed":0.0,"max_hp_gain":0.0,"max_hp_loss":0.0,"gold_gain":0.0,"event_name":"Golden Wing","player_choice":"Card Removal","floor":2.0,"gold_loss":0.0,"damage_taken":7.0},{"damage_healed":17.0,"max_hp_gain":0.0,"max_hp_loss":0.0,"gold_gain":0.0,"event_name":"The Cleric","player_choice":"Healed","floor":3.0,"gold_loss":35.0,"damage_taken":0.0},{"damage_healed":0.0,"max_hp_gain":0.0,"max_hp_loss":0.0,"gold_gain":0.0,"event_name":"Lab","player_choice":"Got Potions","floor":4.0,"gold_loss":0.0,"damage_taken":0.0},{"damage_healed":0,"gold_gain":0,"player_choice":"Fled","damage_taken":5,"max_hp_gain":0,"max_hp_loss":0,"event_name":"Scrap Ooze","floor":12,"gold_loss":0}],"is_beta":false,"boss_relics":[],"items_purged_floors":[],"is_endless":false,"potions_floor_spawned":[6,11],"killed_by":"Lagavulin","ascension_level":20}}