{"host":"1te4apcktyw9778t","time":1612222787,"event":{"mods":["BaseMod","Colored Powertips","Minty Spire (QoL Compilation)","Relic Stats"],"gold_per_floor":[117,131,147,164,45,45,75,86,86,86,121,84,111,126,126,197,197,216,216,103,103,122,157,157,170,246,246,246,273,273,286,286,365,365,377,377,394,394,410,436,456,484,511,526,545,545,306,306,306,306,306],"floor_reached":50,"language":"ENG","playtime":8280,"items_purged":["Strike_B"],"score":1071,"play_id":"3be75f1c-5577-4b4e-9374-5b227e2799ab","local_time":"20210201183947","is_ascension_mode":true,"campfire_choices":[{"data":"Doom and Gloom","floor":6.0,"key":"SMITH"},{"data":"Hologram","floor":10.0,"key":"SMITH"},{"data":"Darkness","floor":15.0,"key":"SMITH"},{"data":"Buffer","floor":24.0,"key":"SMITH"},{"data":"Hologram","floor":27.0,"key":"SMITH"},{"data":"Genetic Algorithm","floor":30.0,"key":"SMITH"},{"data":"Multi-Cast","floor":32.0,"key":"SMITH"},{"floor":46,"key":"RECALL"},{"data":"Glacier","floor":49,"key":"SMITH"}],"circlet_count":0,"master_deck":["AscendersBane","Strike_B+1","Defend_B+1","Defend_B+1","Defend_B+1","Defend_B+1","Zap+1","Dualcast","Doom and Gloom+1","Coolheaded","Steam","Hologram+1","Sweeping Beam","Buffer+1","Darkness+1","Leap","Ball Lightning","Multi-Cast+1","Defragment+1","Buffer+1","Storm+1","Hologram+1","Creative AI+1","Stack","Genetic Algorithm+1","Skim","Coolheaded+1","Turbo","Self Repair+1","Glacier+1","BootSequence"],"relics":["Cracked Core","Meat on the Bone","Oddly Smooth Stone","Anchor","Frozen Egg 2","Pantograph","Runic Dome","Omamori","InkBottle","Bag of Preparation","Inserter","Strawberry","MealTicket","Bottled Tornado"],"acts_visited":["Exordium","TheCity","TheBeyond"],"potions_floor_usage":[50,50],"damage_taken":[{"damage":7.0,"enemies":"Jaw Worm","floor":1.0,"turns":3.0},{"damage":1.0,"enemies":"Cultist","floor":2.0,"turns":3.0},{"damage":0.0,"enemies":"2 Louse","floor":3.0,"turns":3.0},{"damage":12.0,"enemies":"Large Slime","floor":4.0,"turns":5.0},{"damage":11.0,"enemies":"Lagavulin","floor":7.0,"turns":6.0},{"damage":11.0,"enemies":"2 Fungi Beasts","floor":8.0,"turns":5.0},{"damage":18.0,"enemies":"Gremlin Nob","floor":11.0,"turns":5.0},{"damage":9.0,"enemies":"3 Sentries","floor":13.0,"turns":6.0},{"damage":0.0,"enemies":"Lots of Slimes","floor":14.0,"turns":1.0},{"damage":32.0,"enemies":"Hexaghost","floor":16.0,"turns":10.0},{"damage":18.0,"enemies":"Chosen","floor":18.0,"turns":6.0},{"damage":0.0,"enemies":"Spheric Guardian","floor":22.0,"turns":2.0},{"damage":17.0,"enemies":"Slavers","floor":23.0,"turns":4.0},{"damage":0.0,"enemies":"Snecko","floor":25.0,"turns":4.0},{"damage":10.0,"enemies":"Gremlin Leader","floor":29.0,"turns":6.0},{"damage":0.0,"enemies":"Cultist and Chosen","floor":31.0,"turns":5.0},{"damage":5.0,"enemies":"Champ","floor":33.0,"turns":9.0},{"damage":40.0,"enemies":"3 Darklings","floor":35.0,"turns":6.0},{"damage":0.0,"enemies":"Orb Walker","floor":37.0,"turns":5.0},{"damage":26.0,"enemies":"Sphere and 2 Shapes","floor":39.0,"turns":4.0},{"damage":0.0,"enemies":"Nemesis","floor":40.0,"turns":9.0},{"damage":31.0,"enemies":"Writhing Mass","floor":41.0,"turns":7.0},{"damage":36.0,"enemies":"Giant Head","floor":42.0,"turns":13.0},{"damage":10,"enemies":"4 Shapes","floor":44,"turns":4},{"damage":0,"enemies":"Maw","floor":45,"turns":7},{"damage":95,"enemies":"Donu and Deca","floor":50,"turns":12}],"seed_played":"-1150550002727046949","potions_obtained":[{"floor":4.0,"key":"ColorlessPotion"},{"floor":8.0,"key":"Block Potion"},{"floor":13.0,"key":"PowerPotion"},{"floor":16.0,"key":"EntropicBrew"},{"floor":29.0,"key":"Energy Potion"},{"floor":31.0,"key":"DuplicationPotion"},{"floor":33.0,"key":"Dexterity Potion"},{"floor":44,"key":"EssenceOfSteel"}],"is_trial":false,"path_per_floor":["M","M","M","M","?","R","E","M","T","R","E","?","E","M","R","B",null,"M","?","$","?","M","E","R","M","T","R","?","E","R","M","R","B",null,"M","?","M","?","M","E","M","E","T","M","M","R","$","?","R","B"],"character_chosen":"DEFECT","items_purchased":["Defragment+1","Bottled Tornado"],"campfire_rested":0,"item_purchase_floors":[20,47],"current_hp_per_floor":[57,56,56,44,44,44,45,46,46,46,40,40,43,43,43,36,62,44,44,44,44,44,39,39,39,39,39,39,41,41,41,41,61,69,41,41,41,81,55,72,63,49,49,61,71,71,86,88,88,0,0],"gold":306,"neow_bonus":"UPGRADE_CARD","is_daily":false,"chose_seed":false,"campfire_upgraded":8,"win_rate":0.0,"timestamp":1612222787,"path_taken":["M","M","M","M","?","R","E","?","T","R","E","?","E","M","R","BOSS","M","?","$","?","M","E","R","M","T","R","?","E","R","M","R","BOSS","M","?","M","?","M","E","M","E","T","?","M","R","$","?","R","BOSS"],"items_purchased_type":["Card","Relic"],"build_version":"2020-12-22","purchased_purges":1,"victory":false,"max_hp_per_floor":[71,71,71,71,71,71,71,71,71,71,71,71,71,71,71,71,71,71,71,71,71,71,71,71,71,71,71,71,71,71,71,71,71,71,71,71,71,81,81,88,88,88,88,88,88,88,88,88,88,88,88],"relic_stats":{"Inserter":[29],"counters":[26,149],"Pantograph":50,"MealTicket":15,"Bag of Preparation":[22],"obtain_stats":[{"Inserter":34,"Oddly Smooth Stone":7,"Omamori":23,"Bag of Preparation":29,"Frozen Egg 2":11,"Bottled Tornado":47,"Runic Dome":17,"Anchor":9,"Pantograph":13,"Strawberry":40,"MealTicket":42,"Cracked Core":0,"InkBottle":26,"Meat on the Bone":5},{"Inserter":17,"Oddly Smooth Stone":5,"Omamori":13,"Bag of Preparation":15,"Frozen Egg 2":7,"Bottled Tornado":25,"Runic Dome":10,"Anchor":6,"Pantograph":8,"Strawberry":21,"MealTicket":23,"Cracked Core":0,"InkBottle":14,"Meat on the Bone":4},{"Inserter":83,"Oddly Smooth Stone":20,"Omamori":59,"Bag of Preparation":69,"Frozen Egg 2":30,"Bottled Tornado":137,"Runic Dome":47,"Anchor":25,"Pantograph":36,"Strawberry":106,"MealTicket":126,"Cracked Core":0,"InkBottle":63,"Meat on the Bone":14}],"InkBottle":[32],"Meat on the Bone":120},"card_choices":[{"not_picked":["Turbo","Coolheaded"],"picked":"Doom and Gloom","floor":1.0},{"not_picked":["Steam","Stack"],"picked":"Coolheaded","floor":2.0},{"not_picked":["Barrage","Stack"],"picked":"Steam","floor":3.0},{"not_picked":["Scrape","Streamline"],"picked":"Hologram","floor":4.0},{"not_picked":["Steam","Hello World"],"picked":"Sweeping Beam","floor":7.0},{"not_picked":["Conserve Battery","Stack"],"picked":"Buffer","floor":8.0},{"not_picked":["Leap","Conserve Battery"],"picked":"Darkness","floor":11.0},{"not_picked":["Turbo","Streamline"],"picked":"Leap","floor":13.0},{"not_picked":["Blizzard","Recycle"],"picked":"Ball Lightning","floor":14.0},{"not_picked":["Buffer+1","Biased Cognition+1"],"picked":"Multi-Cast","floor":16.0},{"not_picked":["Gash","Blizzard","Turbo"],"picked":"SKIP","floor":18.0},{"not_picked":["Rebound","Double Energy"],"picked":"Hologram","floor":22.0},{"not_picked":["Conserve Battery","Self Repair+1"],"picked":"Creative AI+1","floor":23.0},{"not_picked":["Go for the Eyes","Redo"],"picked":"Stack","floor":25.0},{"not_picked":["Hologram","Lockon"],"picked":"Genetic Algorithm","floor":29.0},{"not_picked":["Gash","Stack+1"],"picked":"Skim","floor":31.0},{"not_picked":["Rainbow","Multi-Cast"],"picked":"Thunder Strike","floor":33.0},{"not_picked":["Stack","Ball Lightning"],"picked":"Coolheaded+1","floor":35.0},{"not_picked":["White Noise","Rebound"],"picked":"Turbo","floor":37.0},{"not_picked":["Cold Snap","Sweeping Beam"],"picked":"Self Repair+1","floor":39.0},{"not_picked":["Aggregate","Stack+1","Storm+1"],"picked":"SKIP","floor":40.0},{"not_picked":["Coolheaded","Conserve Battery"],"picked":"Glacier","floor":41.0},{"not_picked":["Fusion+1","Gash"],"picked":"BootSequence","floor":42.0},{"not_picked":["Beam Cell","Self Repair+1","Steam+1"],"picked":"SKIP","floor":44},{"not_picked":["Go for the Eyes","Undo","BootSequence"],"picked":"SKIP","floor":45}],"player_experience":1081236,"relics_obtained":[{"floor":7.0,"key":"Oddly Smooth Stone"},{"floor":9.0,"key":"Anchor"},{"floor":11.0,"key":"Frozen Egg 2"},{"floor":13.0,"key":"Pantograph"},{"floor":23.0,"key":"Omamori"},{"floor":26.0,"key":"InkBottle"},{"floor":29.0,"key":"Bag of Preparation"},{"floor":40.0,"key":"Strawberry"},{"floor":42.0,"key":"MealTicket"}],"event_choices":[{"damage_healed":0.0,"max_hp_gain":0.0,"max_hp_loss":0.0,"gold_gain":0.0,"event_name":"WeMeetAgain","player_choice":"Paid Gold","floor":5.0,"gold_loss":119.0,"damage_taken":0.0,"relics_obtained":["Meat on the Bone"]},{"damage_healed":0.0,"max_hp_gain":0.0,"max_hp_loss":0.0,"gold_gain":0.0,"event_name":"World of Goop","player_choice":"Left Gold","floor":12.0,"gold_loss":37.0,"damage_taken":0.0},{"damage_healed":0.0,"max_hp_gain":0.0,"max_hp_loss":0.0,"gold_gain":0.0,"event_name":"Vampires","player_choice":"Ignored","floor":19.0,"gold_loss":0.0,"damage_taken":0.0},{"damage_healed":0.0,"max_hp_gain":0.0,"max_hp_loss":0.0,"gold_gain":0.0,"cards_transformed":["Strike_B","Strike_B"],"event_name":"Drug Dealer","player_choice":"Became Test Subject","floor":21.0,"gold_loss":0.0,"damage_taken":0.0,"cards_obtained":["Buffer","Storm"]},{"damage_healed":0.0,"max_hp_gain":0.0,"max_hp_loss":0.0,"gold_gain":0.0,"event_name":"Back to Basics","player_choice":"Simplicity","floor":28.0,"gold_loss":0.0,"damage_taken":0.0,"cards_upgraded":["Strike_B","Defend_B","Defend_B","Defend_B","Defend_B"]},{"damage_healed":0.0,"max_hp_gain":0.0,"max_hp_loss":0.0,"gold_gain":0.0,"event_name":"Tomb of Lord Red Mask","player_choice":"Ignored","floor":36.0,"gold_loss":0.0,"damage_taken":0.0},{"cards_removed":["Thunder Strike"],"damage_healed":30.0,"max_hp_gain":10.0,"max_hp_loss":0.0,"gold_gain":0.0,"event_name":"Bonfire Elementals","player_choice":"Offered Rare","floor":38.0,"gold_loss":0.0,"damage_taken":0.0},{"damage_healed":18,"gold_gain":0,"player_choice":"Writhe","damage_taken":0,"max_hp_gain":0,"max_hp_loss":0,"event_name":"Winding Halls","floor":48,"gold_loss":0,"cards_obtained":["Writhe"]}],"is_beta":false,"boss_relics":[{"not_picked":["Philosopher\u0027s Stone","FrozenCore"],"picked":"Runic Dome"},{"not_picked":["Calling Bell","Velvet Choker"],"picked":"Inserter"}],"items_purged_floors":[20],"is_endless":false,"potions_floor_spawned":[4,8,13,16,22,29,31,33,40,42,44],"killed_by":"Donu and Deca","ascension_level":15}}