{"host":"DrTrollPool","time":1612147057,"event":{"mods":["2.2 Compatiblity","BaseMod","BetterRewards","Colored Map","DeckTracker","Downfall","Googly Eyes","Hermit","HexUI Lib","Highlight Path","Hubris","Infinite Spire","Minty Spire (QoL Compilation)","Potionbrewer","Replay The Spire","StSLib","SuperFastMode","The Construct","The Cursed","The Disciple","The Hierophant","The Jungle","The Necromancer","The Runesmith","The Servant 0.9.4"],"gold_per_floor":[109,0,0,14,31,31,31,31,56,56,56,56,56,56,76,90,90,220,220,236,236,249,249,261,261,295,182,255,255,268,286,300,300,300],"floor_reached":33,"language":"ENG","playtime":1181,"items_purged":["Strike_W"],"score":257,"play_id":"420f6fd0-65aa-42cb-b07a-7794ab289917","local_time":"20210201033737","is_ascension_mode":false,"campfire_choices":[{"data":"TheCursedMod:Hemoplague","floor":6,"key":"SMITH"},{"data":"TheCursedMod:CursedBlade","floor":10,"key":"SMITH"},{"floor":17,"key":"REST"},{"data":"hermit:ShadowCloak","floor":25,"key":"SMITH"}],"circlet_count":0,"master_deck":["TheCursedMod:Strike_TheCursed","TheCursedMod:Strike_TheCursed","TheCursedMod:Strike_TheCursed","TheCursedMod:Strike_TheCursed","TheCursedMod:Defend_TheCursed","TheCursedMod:Defend_TheCursed","TheCursedMod:Defend_TheCursed","TheCursedMod:Defend_TheCursed","TheCursedMod:CursedWand","TheCursedMod:CleanUpWorkshop","TheCursedMod:Dregs","hermit:Defend_Hermit","TheCursedMod:Torture","TheCursedMod:SpitefulPlan+1","TheCursedMod:WearCloak","TheCursedMod:CursedBlade+1","TheCursedMod:Hemoplague+1","Injury","TheCursedMod:AbyssShockwave","Delirium","TheCursedMod:CursedShiv","hermit:ShadowCloak+1","CurseOfTheBell","TheCursedMod:CursedShiv","TheCursedMod:ReleasedKnowledge","TheCursedMod:HellfireBreathing","TheCursedMod:CircleOfFocus","TheCursedMod:SurpriseAttack"],"relics":["TheCursedMod:BlackMagic101","Bloody Idol","hubris:DisguiseKit","Calling Bell","potionbrewer:Torch","infinitespire:Broken Mirror","Torii","Omamori","infinitespire:EmpoweringShard"],"acts_visited":["Exordium","TheCity"],"potions_floor_usage":[18,18,20,24,30],"damage_taken":[{"damage":12,"enemies":"Cultist","floor":1,"turns":6},{"damage":1,"enemies":"Jaw Worm","floor":4,"turns":5},{"damage":6,"enemies":"2 Louse","floor":5,"turns":2},{"damage":10,"enemies":"2 Fungi Beasts","floor":15,"turns":3},{"damage":11,"enemies":"Large Slime","floor":16,"turns":4},{"damage":31,"enemies":"Slime Boss","floor":18,"turns":8},{"damage":10,"enemies":"2 Thieves","floor":20,"turns":4},{"damage":0,"enemies":"3 Byrds","floor":22,"turns":4},{"damage":8,"enemies":"Cultist and Chosen","floor":24,"turns":6},{"damage":57,"enemies":"Book of Stabbing","floor":26,"turns":7},{"damage":11,"enemies":"3 Cultists","floor":30,"turns":5},{"damage":10,"enemies":"Centurion and Healer","floor":31,"turns":8},{"damage":15,"enemies":"Shelled Parasite and Fungi","floor":32,"turns":5},{"damage":10,"enemies":"Chosen and Byrds","floor":33,"turns":2}],"seed_played":"-2149988525355681452","potions_obtained":[{"floor":5,"key":"champ:CounterPotion"},{"floor":16,"key":"SpeedPotion"},{"floor":18,"key":"champ:CounterPotion"},{"floor":22,"key":"SneckoOil"},{"floor":24,"key":"potionbrewer:CleansingPotion"},{"floor":26,"key":"Swift Potion"},{"floor":30,"key":"Ancient Potion"}],"is_trial":false,"path_per_floor":["M","$","$","M","M","R","?","$","T","R","?","PTL","PTL","?","M","M","R","B",null,"M","?","M","?","M","R","E","$","T","?","M","M","M","M"],"character_chosen":"THE_CURSED","items_purchased":["TheCursedMod:SpitefulPlan+1","TheCursedMod:WearCloak","TheCursedMod:HellfireBreathing"],"campfire_rested":1,"item_purchase_floors":[2,2,27],"current_hp_per_floor":[77,77,77,76,70,70,70,70,70,70,70,70,70,70,60,49,75,44,89,79,79,79,79,76,76,24,24,29,29,23,18,8,0,0],"gold":300,"neow_bonus":"TWENTY_PERCENT_HP_BONUS","is_daily":false,"chose_seed":false,"campfire_upgraded":3,"win_rate":0.0,"timestamp":1612147057,"path_taken":["M","?","$","M","M","R","?","$","T","R","?","PTL","PTL","?","M","?","R","BOSS","M","?","?","?","M","R","E","?","T","?","?","M","M","M"],"items_purchased_type":["Card","Card","Card"],"build_version":"2020-12-18","purchased_purges":1,"victory":false,"max_hp_per_floor":[89,89,89,89,89,89,89,89,89,89,89,89,89,89,89,89,89,89,89,89,89,89,89,89,89,89,89,89,89,89,89,89,89,89],"card_choices":[{"not_picked":["TheCursedMod:RapidMovement","TheCursedMod:Obscuration"],"picked":"TheCursedMod:Torture","floor":1},{"not_picked":["TheCursedMod:SoulReap","TheCursedMod:TroublousMinions"],"picked":"TheCursedMod:CursedBlade","floor":4},{"not_picked":["TheCursedMod:SmokeScreen","TheCursedMod:SpitefulPray"],"picked":"TheCursedMod:Hemoplague","floor":5},{"not_picked":["TheCursedMod:CircleOfCorruption","TheCursedMod:CircleOfAmplification","hermit:Roughhouse"],"picked":"TheCursedMod:CursedShiv","floor":15},{"not_picked":["TheCursedMod:VitalStrike","TheCursedMod:ReleasedStrength","TheCursedMod:BlessingInDisguise"],"picked":"hermit:ShadowCloak","floor":16},{"not_picked":["TheCursedMod:CursedBoomerang","TheCursedMod:SoulCrush+1","hermit:SprayPray"],"picked":"TheCursedMod:CursedShiv","floor":20},{"not_picked":["TheCursedMod:WearCloak","TheCursedMod:FleshFromBone","TheCursedMod:Wield","hermit:TakeAim"],"picked":"SKIP","floor":22},{"not_picked":["TheCursedMod:Wield+1","TheCursedMod:Obscuration+1","hermit:Misfire"],"picked":"TheCursedMod:ReleasedKnowledge","floor":24},{"not_picked":["TheCursedMod:CircleOfFocus","TheCursedMod:CursedBlade+1","TheCursedMod:SpitefulPray","hermit:Headshot"],"picked":"SKIP","floor":26},{"not_picked":["TheCursedMod:CircleOfAbyss","TheCursedMod:Wield","hermit:Feint"],"picked":"TheCursedMod:SurpriseAttack","floor":30},{"not_picked":["TheCursedMod:FleshFromBone","TheCursedMod:SpitefulPlan","TheCursedMod:ManaBullet+1","hermit:Feint"],"picked":"SKIP","floor":31},{"not_picked":["TheCursedMod:ReleasedStrength","TheCursedMod:Stretching+1","TheCursedMod:SpreadPlague+1","hermit:Feint"],"picked":"SKIP","floor":32}],"player_experience":116243,"relics_obtained":[{"floor":19,"key":"potionbrewer:Torch"},{"floor":19,"key":"infinitespire:Broken Mirror"},{"floor":19,"key":"Torii"},{"floor":26,"key":"Omamori"},{"floor":28,"key":"infinitespire:EmpoweringShard"}],"event_choices":[{"damage_healed":0,"gold_gain":0,"player_choice":"Take Wound","damage_taken":0,"relics_obtained":["Golden Idol"],"max_hp_gain":0,"max_hp_loss":0,"event_name":"Golden Idol","floor":7,"gold_loss":0,"cards_obtained":["Injury"]},{"damage_healed":0,"gold_gain":0,"player_choice":"Ignored","damage_taken":0,"max_hp_gain":0,"max_hp_loss":0,"event_name":"Transmorgrifier","floor":21,"gold_loss":0},{"damage_healed":0,"gold_gain":0,"player_choice":"Gave Idol","damage_taken":0,"relics_obtained":["Bloody Idol"],"max_hp_gain":0,"max_hp_loss":0,"event_name":"Forgotten Altar","floor":23,"relics_lost":["Golden Idol"],"gold_loss":0},{"damage_healed":0,"gold_gain":0,"player_choice":"1 cards matched","damage_taken":0,"max_hp_gain":0,"max_hp_loss":0,"event_name":"Match and Keep!","floor":29,"gold_loss":0,"cards_obtained":["TheCursedMod:CircleOfFocus"]}],"is_beta":true,"boss_relics":[{"not_picked":["Replay:Wanted Poster","Kintsugi"],"picked":"Calling Bell"}],"items_purged_floors":[27],"is_endless":false,"potions_floor_spawned":[5,16,18,22,24,26,30],"killed_by":"Chosen and Byrds","ascension_level":0}}