{"host":"d5i1qeb9dejicw1z","time":1612143148,"event":{"mods":["AchievementEnabler","BaseMod","Better Note","BetterRewards","Evolution","Gold Saver","Minty Spire (QoL Compilation)","Permanent Neow","Relic Filter Mod","Reliquary","StSLib"],"gold_per_floor":[479,479,125,144,144,144,158,192,228,267,279,301,313,345,357,448,460,425,437,459,483,510,522,549,561,647,659,323,323,343,176,176,254,254,264,264,264,59,69,69,69],"floor_reached":40,"language":"ENG","playtime":1705,"items_purged":[],"score":896,"play_id":"071834a7-79ea-4678-8345-611e5fe3cfda","local_time":"20210131173228","is_ascension_mode":true,"campfire_choices":[{"data":"Defragment","floor":6,"key":"SMITH"},{"data":"Chaos","floor":11,"key":"SMITH"},{"data":"Capacitor","floor":13,"key":"SMITH"},{"data":"Zap","floor":15,"key":"SMITH"},{"data":"Chaos","floor":23,"key":"SMITH"},{"floor":27,"key":"REST"},{"data":"Chill","floor":32,"key":"SMITH"}],"circlet_count":0,"master_deck":["AscendersBane","Cold Snap","Cold Snap","Cold Snap","Cold Snap","Leap","Leap","Leap","Leap","Zap+1","Trip+1","Chaos+1","Defragment+1","Capacitor+1","Glacier","Echo Form+1","Loop+1","Chill+1","Chaos+1","Chaos+1","Apotheosis+1"],"relics":["Cracked Core","EVO:Axolotl","Singing Bowl","MawBank","Pen Nib","Pantograph","Inserter","reliquary:FeatherDuster","Toxic Egg 2","Lee\u0027s Waffle","Black Star"],"acts_visited":["Exordium","TheCity","TheBeyond"],"potions_floor_usage":[8,16,16,21,21,24,24,33,33,39,40,40],"damage_taken":[{"damage":2,"enemies":"2 Louse","floor":1,"turns":3},{"damage":0,"enemies":"Jaw Worm","floor":4,"turns":4},{"damage":0,"enemies":"Cultist","floor":7,"turns":4},{"damage":7,"enemies":"3 Sentries","floor":8,"turns":12},{"damage":0,"enemies":"Lagavulin","floor":10,"turns":8},{"damage":0,"enemies":"Large Slime","floor":12,"turns":5},{"damage":2,"enemies":"3 Louse","floor":14,"turns":3},{"damage":25,"enemies":"Hexaghost","floor":16,"turns":15},{"damage":15,"enemies":"2 Thieves","floor":18,"turns":5},{"damage":0,"enemies":"Spheric Guardian","floor":20,"turns":6},{"damage":0,"enemies":"3 Cultists","floor":21,"turns":7},{"damage":11,"enemies":"Snake Plant","floor":22,"turns":6},{"damage":12,"enemies":"Centurion and Healer","floor":24,"turns":4},{"damage":14,"enemies":"3 Cultists","floor":30,"turns":6},{"damage":5,"enemies":"Automaton","floor":33,"turns":10},{"damage":32,"enemies":"Orb Walker","floor":35,"turns":7},{"damage":25,"enemies":"3 Darklings","floor":39,"turns":7},{"damage":51,"enemies":"Giant Head","floor":40,"turns":11}],"seed_played":"-4027699764098058650","potions_obtained":[{"floor":1,"key":"Regen Potion"},{"floor":10,"key":"Regen Potion"},{"floor":14,"key":"PowerPotion"},{"floor":16,"key":"Weak Potion"},{"floor":20,"key":"FocusPotion"},{"floor":21,"key":"EssenceOfDarkness"},{"floor":22,"key":"BlessingOfTheForge"},{"floor":25,"key":"PowerPotion"},{"floor":25,"key":"FocusPotion"},{"floor":33,"key":"EssenceOfSteel"},{"floor":35,"key":"Energy Potion"},{"floor":39,"key":"SteroidPotion"}],"is_trial":false,"path_per_floor":["M","?","$","M","?","R","M","E","T","E","R","M","R","M","R","B",null,"M","?","M","M","M","R","M","?","T","R","$","?","M","$","R","B",null,"M","?","?","$","M","E"],"character_chosen":"DEFECT","items_purchased":["Defragment","Singing Bowl","Toxic Egg 2","Chaos+1","Lee\u0027s Waffle","Apotheosis+1"],"campfire_rested":1,"item_purchase_floors":[3,3,28,28,31,38],"current_hp_per_floor":[62,62,62,62,62,62,62,72,72,74,74,76,76,76,76,69,77,64,64,64,64,53,53,43,43,43,67,67,67,55,92,92,89,93,63,63,65,65,42,0,0],"gold":69,"neow_bonus":"RANDOM_COLORLESS","is_daily":false,"chose_seed":false,"campfire_upgraded":6,"win_rate":0.0,"timestamp":1612143148,"path_taken":["M","?","$","M","?","R","M","E","T","E","R","?","R","M","R","BOSS","M","?","?","M","M","R","M","?","T","R","$","?","?","$","R","BOSS","M","?","?","$","?","E"],"items_purchased_type":["Card","Relic","Relic","Card","Relic","Card"],"build_version":"2020-12-22","purchased_purges":0,"victory":false,"max_hp_per_floor":[71,71,71,71,71,71,71,73,73,75,75,77,77,79,79,79,79,81,81,81,81,81,81,83,83,83,83,83,83,85,92,92,94,94,96,96,98,98,100,100,100],"card_choices":[{"not_picked":["Deep Breath","Swift Strike"],"picked":"Trip","floor":0},{"not_picked":["Cold Snap","Steam"],"picked":"Chaos","floor":1},{"not_picked":["Beam Cell","Force Field"],"picked":"Capacitor","floor":4},{"not_picked":["Sweeping Beam","Cold Snap"],"picked":"Glacier","floor":7},{"not_picked":["Darkness","Double Energy","Rebound"],"picked":"Singing Bowl","floor":8},{"not_picked":["Heatsinks","Lockon","Stack"],"picked":"Singing Bowl","floor":10},{"not_picked":["Steam","Coolheaded","Aggregate"],"picked":"Singing Bowl","floor":12},{"not_picked":["Cold Snap","FTL","Rebound"],"picked":"Singing Bowl","floor":14},{"not_picked":["Core Surge","Machine Learning"],"picked":"Echo Form","floor":16},{"not_picked":["Stack","Gash","Streamline"],"picked":"Singing Bowl","floor":18},{"not_picked":["Fusion","Auto Shields"],"picked":"Loop","floor":20},{"not_picked":["Consume+1","Turbo"],"picked":"Chill","floor":21},{"not_picked":["Stack","Loop"],"picked":"Chaos","floor":22},{"not_picked":["Coolheaded","Hologram","Gash"],"picked":"Singing Bowl","floor":24},{"not_picked":["Cold Snap+1","Turbo+1","Gash+1"],"picked":"Singing Bowl","floor":30},{"not_picked":["Seek+1","Creative AI","All For One"],"picked":"Singing Bowl","floor":33},{"not_picked":["Hologram+1","Go for the Eyes","Compile Driver"],"picked":"Singing Bowl","floor":35},{"not_picked":["Mind Blast","Sadistic Nature","Magnetism"],"picked":"Singing Bowl","floor":37},{"not_picked":["Undo+1","Hologram+1","Recycle+1"],"picked":"Singing Bowl","floor":39}],"player_experience":1207953,"relics_obtained":[{"floor":8,"key":"MawBank"},{"floor":9,"key":"Pen Nib"},{"floor":10,"key":"Pantograph"},{"floor":26,"key":"reliquary:FeatherDuster"}],"event_choices":[{"damage_healed":0,"gold_gain":0,"player_choice":"Grow","damage_taken":0,"max_hp_gain":0,"max_hp_loss":0,"event_name":"Living Wall","floor":2,"gold_loss":0,"cards_upgraded":["Trip"]},{"cards_removed":["Dualcast"],"damage_healed":0,"gold_gain":0,"player_choice":"Purged","damage_taken":0,"max_hp_gain":0,"max_hp_loss":0,"event_name":"Purifier","floor":5,"gold_loss":0},{"damage_healed":0,"gold_gain":0,"player_choice":"Forge","damage_taken":0,"max_hp_gain":0,"max_hp_loss":0,"event_name":"Accursed Blacksmith","floor":19,"gold_loss":0,"cards_upgraded":["Echo Form"]},{"damage_healed":0,"gold_gain":0,"player_choice":"Got Potions","damage_taken":0,"max_hp_gain":0,"max_hp_loss":0,"event_name":"Lab","floor":25,"gold_loss":0},{"damage_healed":0,"gold_gain":0,"player_choice":"Upgraded","damage_taken":0,"max_hp_gain":0,"max_hp_loss":0,"event_name":"Upgrade Shrine","floor":29,"gold_loss":0,"cards_upgraded":["Loop"]},{"damage_healed":0,"gold_gain":0,"player_choice":"Ignored","damage_taken":0,"max_hp_gain":0,"max_hp_loss":0,"event_name":"Tomb of Lord Red Mask","floor":36,"gold_loss":0},{"damage_healed":0,"gold_gain":0,"player_choice":"Memory 1","damage_taken":0,"max_hp_gain":0,"max_hp_loss":0,"event_name":"SensoryStone","floor":37,"gold_loss":0}],"is_beta":false,"boss_relics":[{"not_picked":["reliquary:Craggleroot","Ectoplasm"],"picked":"Inserter"},{"not_picked":["Empty Cage","reliquary:WritOfMandamus"],"picked":"Black Star"}],"items_purged_floors":[],"is_endless":false,"potions_floor_spawned":[1,10,14,16,20,21,22,33,35,39],"killed_by":"Giant Head","ascension_level":19}}