{"host":"g2cxjl8p6ktwsdvk","time":1612172791,"event":{"mods":["AchievementEnabler","BaseMod","Colored Map","DeckTracker","Minty Spire (QoL Compilation)","SuperFastMode"],"gold_per_floor":[114,114,39,51,65,65,75,75,98,98,134,152,165,181,181,304,604,624,83,99,30,30,68,0,0,0,38,63,63,79,104,104,233,233,257,257,273,273,297,330,330,663,713,713,713,733,749,769,769,769,769,769,338,368,368],"floor_reached":56,"language":"KOR","playtime":5600,"items_purged":["Pain","Strike_R","Strike_R"],"score":1343,"play_id":"2dbb1dcc-5506-4ad4-b37b-cebb1cd1876e","local_time":"20210201184631","is_ascension_mode":true,"campfire_choices":[{"data":"Entrench","floor":6.0,"key":"SMITH"},{"data":"True Grit","floor":8.0,"key":"SMITH"},{"data":"Barricade","floor":15.0,"key":"SMITH"},{"data":"Evolve","floor":25.0,"key":"SMITH"},{"data":"Headbutt","floor":32.0,"key":"SMITH"},{"floor":41.0,"key":"REST"},{"floor":49,"key":"RECALL"},{"data":"Body Slam","floor":52,"key":"SMITH"}],"circlet_count":0,"master_deck":["Defend_R","Defend_R","Defend_R","Defend_R+1","Bash+1","Headbutt+1","True Grit+1","Entrench+1","Iron Wave","Barricade+1","Entrench+1","Hemokinesis","Shrug It Off+1","Disarm+1","Warcry+1","True Grit+1","Sentinel+1","Power Through+1","Feel No Pain","Evolve+1","Armaments+1","Feel No Pain","Fiend Fire","Immolate+1","Writhe","Body Slam+1","Ghostly Armor+1"],"relics":["Burning Blood","WarpedTongs","Omamori","Happy Flower","Calling Bell","War Paint","Toxic Egg 2","Old Coin","Orrery","HornCleat","PreservedInsect","Kunai","Ancient Tea Set","Velvet Choker","Self Forming Clay","Anchor","Art of War","Strawberry"],"acts_visited":["Exordium","TheCity","TheBeyond","TheEnding"],"potions_floor_usage":[55],"damage_taken":[{"damage":9.0,"enemies":"2 Louse","floor":1.0,"turns":4.0},{"damage":1.0,"enemies":"Cultist","floor":4.0,"turns":3.0},{"damage":4.0,"enemies":"Jaw Worm","floor":5.0,"turns":4.0},{"damage":2.0,"enemies":"Exordium Wildlife","floor":7.0,"turns":5.0},{"damage":20.0,"enemies":"Lagavulin","floor":11.0,"turns":7.0},{"damage":6.0,"enemies":"3 Louse","floor":12.0,"turns":5.0},{"damage":10.0,"enemies":"Gremlin Gang","floor":13.0,"turns":5.0},{"damage":14.0,"enemies":"Red Slaver","floor":14.0,"turns":4.0},{"damage":21.0,"enemies":"Slime Boss","floor":16.0,"turns":5.0},{"damage":28.0,"enemies":"3 Byrds","floor":18.0,"turns":6.0},{"damage":4.0,"enemies":"Chosen","floor":20.0,"turns":11.0},{"damage":15.0,"enemies":"Slavers","floor":23.0,"turns":13.0},{"damage":9.0,"enemies":"Book of Stabbing","floor":27.0,"turns":15.0},{"damage":4.0,"enemies":"Centurion and Healer","floor":28.0,"turns":14.0},{"damage":3.0,"enemies":"Shelled Parasite and Fungi","floor":30.0,"turns":13.0},{"damage":2.0,"enemies":"Sentry and Sphere","floor":31.0,"turns":12.0},{"damage":6.0,"enemies":"Champ","floor":33.0,"turns":17.0},{"damage":32.0,"enemies":"3 Darklings","floor":35.0,"turns":5.0},{"damage":20.0,"enemies":"3 Shapes","floor":37.0,"turns":4.0},{"damage":33.0,"enemies":"Jaw Worm Horde","floor":39.0,"turns":7.0},{"damage":5.0,"enemies":"Reptomancer","floor":40.0,"turns":12.0},{"damage":1.0,"enemies":"Spire Growth","floor":46.0,"turns":8.0},{"damage":2,"enemies":"Maw","floor":47,"turns":9},{"damage":16,"enemies":"Jaw Worm Horde","floor":48,"turns":8},{"damage":12,"enemies":"Time Eater","floor":50,"turns":7},{"damage":10,"enemies":"Shield and Spear","floor":54,"turns":10},{"damage":37,"enemies":"The Heart","floor":55,"turns":13}],"seed_played":"-2249262000173343199","potions_obtained":[{"floor":11.0,"key":"Energy Potion"},{"floor":12.0,"key":"Explosive Potion"},{"floor":13.0,"key":"PowerPotion"},{"floor":20.0,"key":"BloodPotion"},{"floor":28.0,"key":"PowerPotion"},{"floor":30.0,"key":"ColorlessPotion"},{"floor":33.0,"key":"Energy Potion"},{"floor":35.0,"key":"Strength Potion"},{"floor":48,"key":"DuplicationPotion"}],"is_trial":false,"path_per_floor":["M","?","$","M","M","R","M","R","T","?","E","M","M","M","R","B",null,"M","$","M","$","?","E","?","R","T","E","M","?","M","M","R","B",null,"M","$","M","?","M","E","R","?","T","?","?","M","M","M","R","B",null,"R","$","E","B",null],"character_chosen":"IRONCLAD","items_purchased":["Orrery","Power Through+1","HornCleat","Feel No Pain","Anchor","Art of War"],"campfire_rested":1,"item_purchase_floors":[19,19,19,21,53,53],"current_hp_per_floor":[77,77,77,80,80,80,80,80,80,80,66,66,62,54,54,39,80,58,58,60,60,60,51,51,51,51,48,50,50,53,57,57,57,80,70,70,56,56,29,30,54,54,54,54,74,79,80,70,70,64,80,80,80,83,52],"gold":368,"neow_bonus":"UPGRADE_CARD","is_daily":false,"chose_seed":false,"campfire_upgraded":6,"win_rate":0.0,"timestamp":1612172791,"path_taken":["M","?","$","?","M","R","M","R","T","?","E","M","M","M","R","BOSS","M","$","M","$","?","E","?","R","T","E","M","?","?","M","R","BOSS","M","$","M","?","?","E","R","?","T","?","?","M","M","M","R","BOSS","R","$","E","BOSS"],"items_purchased_type":["Relic","Card","Relic","Card","Relic","Relic"],"build_version":"2020-12-22","purchased_purges":3,"victory":true,"max_hp_per_floor":[80,80,80,80,80,80,80,80,80,80,80,80,80,80,80,80,80,80,80,80,80,80,80,80,80,80,80,80,80,80,80,80,80,80,80,80,80,80,80,80,80,80,80,80,80,80,80,80,80,80,80,80,80,87,87],"card_choices":[{"not_picked":["Heavy Blade","Ghostly Armor"],"picked":"Headbutt","floor":1.0},{"not_picked":["Infernal Blade","Metallicize"],"picked":"True Grit","floor":4.0},{"not_picked":["Warcry","Shockwave"],"picked":"Entrench","floor":5.0},{"not_picked":["Twin Strike","Perfected Strike"],"picked":"Iron Wave","floor":7.0},{"not_picked":["Havoc","Feel No Pain"],"picked":"Barricade","floor":11.0},{"not_picked":["Sentinel","Clothesline"],"picked":"Entrench","floor":12.0},{"not_picked":["Hemokinesis","Havoc","Perfected Strike"],"picked":"SKIP","floor":13.0},{"not_picked":["Intimidate","Bloodletting"],"picked":"Hemokinesis","floor":14.0},{"not_picked":["Pommel Strike","Seeing Red+1"],"picked":"Shrug It Off+1","floor":18.0},{"not_picked":["Uppercut","Rampage"],"picked":"Disarm+1","floor":19.0},{"not_picked":["Spot Weakness+1","Shockwave+1"],"picked":"Warcry+1","floor":19.0},{"not_picked":["Exhume+1","Inflame"],"picked":"True Grit+1","floor":19.0},{"not_picked":["Clash","Twin Strike"],"picked":"Sentinel+1","floor":19.0},{"not_picked":["Headbutt","Combust","Havoc+1"],"picked":"SKIP","floor":20.0},{"not_picked":["Havoc+1","Inflame"],"picked":"Feel No Pain","floor":23.0},{"not_picked":["Heavy Blade+1","Armaments+1"],"picked":"Fiend Fire","floor":27.0},{"not_picked":["Rage+1","Havoc+1","Perfected Strike+1"],"picked":"SKIP","floor":28.0},{"not_picked":["Cleave","Armaments+1","Rupture"],"picked":"SKIP","floor":30.0},{"not_picked":["Thunderclap+1","Reckless Charge","Clothesline"],"picked":"SKIP","floor":31.0},{"not_picked":["Fiend Fire","Exhume+1"],"picked":"Immolate","floor":33.0},{"not_picked":["Searing Blow","Sword Boomerang+1","Thunderclap+1"],"picked":"SKIP","floor":35.0},{"not_picked":["Searing Blow","Sword Boomerang+1","Thunderclap+1"],"picked":"SKIP","floor":35.0},{"not_picked":["Reckless Charge","Armaments+1","Flex+1"],"picked":"SKIP","floor":37.0},{"not_picked":["Perfected Strike","Clothesline","Twin Strike"],"picked":"SKIP","floor":39.0},{"not_picked":["Rage+1","Power Through+1","Clash+1"],"picked":"SKIP","floor":40.0},{"not_picked":["Shockwave+1","Rage+1"],"picked":"Body Slam","floor":46.0},{"not_picked":["Entrench+1","Uppercut+1","Shrug It Off+1"],"picked":"SKIP","floor":47},{"not_picked":["Inflame+1","Bludgeon","Headbutt"],"picked":"SKIP","floor":48},{"not_picked":["Headbutt+1","Evolve"],"picked":"Ghostly Armor+1","floor":54}],"player_experience":174615,"relics_obtained":[{"floor":9.0,"key":"Omamori"},{"floor":11.0,"key":"Happy Flower"},{"floor":17.0,"key":"War Paint"},{"floor":17.0,"key":"Toxic Egg 2"},{"floor":17.0,"key":"Old Coin"},{"floor":23.0,"key":"PreservedInsect"},{"floor":26.0,"key":"Kunai"},{"floor":27.0,"key":"Ancient Tea Set"},{"floor":40.0,"key":"Self Forming Clay"},{"floor":54,"key":"Strawberry"}],"event_choices":[{"damage_healed":0.0,"max_hp_gain":0.0,"max_hp_loss":0.0,"gold_gain":0.0,"event_name":"Accursed Blacksmith","player_choice":"Rummage","floor":2.0,"gold_loss":0.0,"damage_taken":0.0,"relics_obtained":["WarpedTongs"],"cards_obtained":["Pain"]},{"damage_healed":0.0,"max_hp_gain":0.0,"max_hp_loss":0.0,"gold_gain":0.0,"event_name":"Golden Idol","player_choice":"Take Wound","floor":10.0,"gold_loss":0.0,"damage_taken":0.0,"relics_obtained":["Golden Idol"],"cards_obtained":["Injury"]},{"damage_healed":0.0,"max_hp_gain":0.0,"max_hp_loss":0.0,"gold_gain":0.0,"cards_transformed":["Strike_R","Strike_R"],"event_name":"Drug Dealer","player_choice":"Became Test Subject","floor":22.0,"gold_loss":0.0,"damage_taken":0.0,"cards_obtained":["Evolve","Armaments"]},{"damage_healed":0.0,"max_hp_gain":0.0,"max_hp_loss":0.0,"gold_gain":0.0,"event_name":"Masked Bandits","player_choice":"Paid Fearfully","floor":24.0,"gold_loss":68.0,"damage_taken":0.0},{"cards_removed":["Strike_R"],"damage_healed":0.0,"max_hp_gain":0.0,"max_hp_loss":0.0,"gold_gain":0.0,"event_name":"Purifier","player_choice":"Purged","floor":29.0,"gold_loss":0.0,"damage_taken":0.0},{"damage_healed":0.0,"max_hp_gain":0.0,"max_hp_loss":0.0,"gold_gain":0.0,"event_name":"Upgrade Shrine","player_choice":"Upgraded","floor":38.0,"gold_loss":0.0,"damage_taken":0.0,"cards_upgraded":["Immolate"]},{"damage_healed":0.0,"max_hp_gain":0.0,"max_hp_loss":0.0,"gold_gain":333.0,"event_name":"The Moai Head","player_choice":"Gave Idol","floor":42.0,"relics_lost":["Golden Idol"],"gold_loss":0.0,"damage_taken":0.0},{"damage_healed":0.0,"max_hp_gain":0.0,"max_hp_loss":0.0,"gold_gain":0.0,"event_name":"Mysterious Sphere","player_choice":"Ignored","floor":44.0,"gold_loss":0.0,"damage_taken":0.0},{"damage_healed":20.0,"max_hp_gain":0.0,"max_hp_loss":0.0,"gold_gain":0.0,"event_name":"Winding Halls","player_choice":"Writhe","floor":45.0,"gold_loss":0.0,"damage_taken":0.0,"cards_obtained":["Writhe"]}],"is_beta":false,"boss_relics":[{"not_picked":["Cursed Key","Pandora\u0027s Box"],"picked":"Calling Bell"},{"not_picked":["Mark of Pain","Black Blood"],"picked":"Velvet Choker"}],"items_purged_floors":[3,19,53],"is_endless":false,"potions_floor_spawned":[11,12,13,14,20,28,30,31,33,35,40,47,48,54],"ascension_level":2}}