{"host":"x730sfaw5rd1mxd8","time":1612137996,"event":{"mods":["BaseMod","BetterRewards","Colored Powertips","Highlight Path","Minty Spire (QoL Compilation)","Relic Sorter","Relic Stats","Replay The Spire","StSLib"],"gold_per_floor":[118,135,153,164,178,91,108,137,137,165,165,165,165,199,199,294,294,308,323,341,341,364,400,400,434,434,468,468,511,534,534,534,625,625,649,599,256,280,280,280,324,324,349,349,368,407,430,465,465,465,465,465,465,18,62,62],"floor_reached":57,"language":"ENG","playtime":4164,"items_purged":["Strike_G","Strike_G","Strike_G","Strike_G","Strike_G","Dagger Spray+1"],"score":3405,"play_id":"225d380b-0314-465f-99f4-845b22a2ce29","local_time":"20210131190636","is_ascension_mode":true,"campfire_choices":[{"data":"Catalyst","floor":11,"key":"SMITH"},{"data":"Footwork","floor":15,"key":"SMITH"},{"data":"Night Terror","floor":24,"key":"SMITH"},{"floor":28,"key":"REST"},{"data":"Replay:Bag of Tricks","floor":32,"key":"SMITH"},{"floor":40,"key":"RECALL"},{"floor":42,"key":"REST"},{"data":"Noxious Fumes","floor":49,"key":"SMITH"},{"data":"Neutralize","floor":53,"key":"SMITH"}],"circlet_count":0,"master_deck":["AscendersBane","Defend_G","Defend_G","Defend_G+1","Defend_G","Defend_G+2","Survivor+1","Neutralize+1","Catalyst+1","Noxious Fumes+1","Deadly Poison","Blur","Footwork","Backstab+1","Blade Dance","Deadly Poison","Bane","Flying Knee","Dodge and Roll","Dodge and Roll+1","Footwork+1","Replay:Bag of Tricks+1","ReplayTheSpireMod:Speed Training","Crippling Poison+1","PiercingWail","Night Terror+1","Acrobatics","Blur","Catalyst+1","Tools of the Trade","Hidden Blade+1","Malaise+1","Parasite","Acrobatics+1","Footwork","Deflect+1"],"relics":["Ring of the Serpent","Iron Hammer","Orrery","ReplayTheSpireMod:TigerMarble","Regal Pillow","War Paint","Sundial","Golden Idol","HornCleat","Sozu","Toxic Egg 2","Replay:Bottled Flurry","Darkstone Periapt","Snack Pack","Tiny Chest","Replay:Grab Bag","ReplayTheSpireMod:Onyx Gauntlets","Busted Crown","Replay:Rubber Ducky","Mummified Hand","Whetstone","Snake Skull","Simple Rune","Replay:Ringing Soul","Lee\u0027s Waffle","Nunchaku"],"acts_visited":["Exordium","TheCity","TheBeyond","TheEnding"],"potions_floor_usage":[7,8],"damage_taken":[{"damage":0,"enemies":"Cultist","floor":1,"turns":3},{"damage":0,"enemies":"2 Louse","floor":2,"turns":1},{"damage":0,"enemies":"Small Slimes","floor":3,"turns":2},{"damage":0,"enemies":"Blue Slaver","floor":4,"turns":2},{"damage":0,"enemies":"3 Louse","floor":5,"turns":2},{"damage":0,"enemies":"Red Slaver","floor":7,"turns":1},{"damage":15,"enemies":"Lagavulin","floor":8,"turns":5},{"damage":0,"enemies":"Replay:BlueRogue","floor":10,"turns":7},{"damage":18,"enemies":"3 Sentries","floor":14,"turns":6},{"damage":0,"enemies":"Hexaghost","floor":16,"turns":7},{"damage":13,"enemies":"2 Thieves","floor":18,"turns":3},{"damage":4,"enemies":"Spheric Guardian","floor":19,"turns":5},{"damage":8,"enemies":"Snake Plant","floor":20,"turns":4},{"damage":0,"enemies":"Chosen and Byrds","floor":22,"turns":7},{"damage":0,"enemies":"Gremlin Leader","floor":23,"turns":7},{"damage":0,"enemies":"Book of Stabbing","floor":25,"turns":4},{"damage":0,"enemies":"Gremlin Leader","floor":27,"turns":4},{"damage":15,"enemies":"Slavers","floor":29,"turns":5},{"damage":0,"enemies":"Snecko","floor":30,"turns":4},{"damage":4,"enemies":"Champ","floor":33,"turns":5},{"damage":0,"enemies":"3 Shapes","floor":35,"turns":3},{"damage":11,"enemies":"3 Darklings","floor":38,"turns":5},{"damage":48,"enemies":"Reptomancer","floor":41,"turns":9},{"damage":1,"enemies":"Writhing Mass","floor":45,"turns":5},{"damage":0,"enemies":"R_Hoarder","floor":46,"turns":6},{"damage":0,"enemies":"Sphere and 2 Shapes","floor":47,"turns":4},{"damage":0,"enemies":"Nemesis","floor":48,"turns":3},{"damage":13,"enemies":"Replay:Hell Engine","floor":50,"turns":6},{"damage":15,"enemies":"Time Eater","floor":51,"turns":5},{"damage":0,"enemies":"Shield and Spear","floor":55,"turns":5},{"damage":39,"enemies":"The Heart","floor":56,"turns":9}],"seed_played":"4538095105710900035","potions_obtained":[{"floor":1,"key":"AttackPotion"},{"floor":2,"key":"SteroidPotion"},{"floor":8,"key":"Elixir"}],"is_trial":false,"path_per_floor":["M","M","M","M","M","$","M","E","T","E","R","?","?","E","R","B",null,"M","M","M","?","M","E","R","E","T","E","R","E","M","?","R","B",null,"M","?","$","M","T","R","E","R","T","?","M","E","M","E","R","B","B",null,"R","$","E","B",null],"character_chosen":"THE_SILENT","items_purchased":["Iron Hammer","Orrery","ReplayTheSpireMod:TigerMarble","Blur","Dagger Spray","Footwork","Regal Pillow","Backstab","Blade Dance","Deadly Poison","Poison Potion","Footwork","Replay:Rubber Ducky","Footwork","Lee\u0027s Waffle"],"campfire_rested":2,"item_purchase_floors":[0,0,0,0,0,0,0,0,0,0,0,6,37,54,54],"current_hp_per_floor":[59,59,59,59,59,59,59,44,44,44,44,49,49,31,31,31,56,43,39,31,31,35,35,35,35,35,35,64,51,51,51,51,49,60,62,62,62,55,55,55,19,53,53,43,52,62,70,70,70,61,46,64,64,80,83,48],"gold":62,"neow_bonus":"","is_daily":false,"chose_seed":false,"campfire_upgraded":6,"win_rate":0.0,"timestamp":1612137996,"path_taken":["M","M","M","M","?","$","M","E","T","E","R","?","?","E","R","BOSS","M","M","M","?","M","E","R","E","T","E","R","E","?","?","R","BOSS","M","?","$","M","?","R","E","R","T","?","M","E","M","E","R","BOSS","BOSS","R","$","E","BOSS"],"items_purchased_type":["Relic","Relic","Relic","Card","Card","Card","Relic","Card","Card","Card","Potion","Card","Relic","Card","Relic"],"build_version":"2020-12-22","purchased_purges":6,"victory":true,"max_hp_per_floor":[66,66,66,66,66,66,66,66,66,66,66,71,64,64,64,64,64,64,64,64,64,64,64,64,64,64,64,64,64,64,64,64,64,64,64,64,64,64,64,64,64,64,64,64,70,70,70,70,70,70,70,70,70,80,83,83],"relic_stats":{"Darkstone Periapt":6,"Regal Pillow":25,"Lee\u0027s Waffle":13,"counters":[279,1218],"Golden Idol":202,"Snake Skull":[82],"Whetstone":["ReplayTheSpireMod:From All Sides","Neutralize","Dagger Spray","Backstab"],"War Paint":["Survivor","Defend_G","Defend_G","Survivor"],"Sozu":8,"Nunchaku":[1],"Busted Crown":22,"Sundial":[8],"Mummified Hand":[66],"Tiny Chest":1,"obtain_stats":[{"TwistedFunnel":0,"Vampiric Spirits":0,"Whetstone":55,"Bottled Tornado":54,"Boot":55,"Sling":55,"Blood Vial":20,"Replay:Ringing Soul":48,"Sundial":10,"MealTicket":27,"Fusion Hammer":36,"Necronomicon":22,"Replay:Bottled Flurry":30,"Kunai":26,"Replay:Wax Seal":10,"Electric Blood":17,"Replay:Bottled Steam":43,"Pear":46,"Blue Candle":30,"Tingsha":0,"Eternal Feather":21,"Pen Nib":48,"Paper Crane":8,"Akabeko":43,"SlaversCollar":17,"Snecko Scales":34,"Bird Faced Urn":12,"Mark of Pain":0,"StrikeDummy":6,"Unceasing Top":27,"Abe\u0027s Treasure":17,"Ring of the Serpent":34,"Regal Pillow":0,"Singing Bowl":10,"Torii":0,"Magic Flower":11,"Painkiller Herb":19,"StoneCalendar":30,"Bag of Preparation":55,"Replay:Multitool":44,"Cursed Key":34,"Smiling Mask":41,"Burning Blood":0,"Pet Ghost":23,"Replay:Rubber Ducky":55,"Matryoshka":0,"Chemical X":21,"Replay:Bottled Eggs":48,"InkBottle":0,"Ring of the Snake":0,"Potion Belt":0,"Lee\u0027s Waffle":54,"The Specimen":25,"Golden Idol":11,"Basket Of Snakes":39,"The Courier":14,"PreservedInsect":22,"Frozen Egg 2":0,"MawBank":31,"Replay:Arrowhead":9,"Busted Crown":17,"Ornamental Fan":55,"Orrery":0,"Turnip":46,"Art of War":40,"Durian":0,"ReplayTheSpireMod:Ring of Challenge":38,"ReplayTheSpireMod:Onyx Gauntlets":34,"ReplayTheSpireMod:Lightbulb":30,"Toy Ornithopter":26,"Ice Cream":14,"Divine Protection":45,"Gremlin Horn":9,"Nilry\u0027s Codex":23,"Vajra":28,"Sozu":17,"Centennial Puzzle":9,"HornCleat":14,"DollysMirror":30,"Strawberry":28,"Honey Jar":34,"Prayer Wheel":0,"Iron Hammer":0,"Toxic Egg 2":0,"Byrd Skull":11,"Happy Flower":55,"Replay:Grab Bag":34,"Oddly Smooth Stone":26,"Ring of Chaos":47,"Replay:Kaleidoscope":25,"War Paint":54,"Question Card":0,"OrangePellets":0,"Bottled Flame":15,"Replay:Baseball":0,"Shuriken":12,"Bronze Scales":12,"Simple Rune":55,"Onion Ring":54,"ReplayTheSpireMod:TigerMarble":17,"Grinning Jar":23,"Pocketwatch":0,"Meat on the Bone":38,"Darkstone Periapt":5,"ReplayFunnel":55,"Mango":6,"Snake Skull":29,"Incense Burner":45,"ClockworkSouvenir":45,"Dream Catcher":43,"Nunchaku":24,"Replay:Bandana":10,"Mummified Hand":48,"Pantograph":23,"Gambling Chip":24,"Tiny Chest":29,"Red Mask":22,"Replay:Bottled Snecko":8,"Red Skull":6,"Gremlin Food":44,"BargainBundle":7,"ReplayTheSpireMod:Ninjato":40,"Replay:Towering Pillar of Hats":10,"Quantum Egg":46,"Guide Book":0,"Replay:WaspNest":0,"Orichalcum":56,"Medical Kit":42,"Mercury Hourglass":0,"Calling Bell":17,"Anchor":11,"CaptainsWheel":43,"Pondfish Scales":55,"ChewingGum":34,"Snack Pack":8,"Coffee Dripper":17,"Bag of Marbles":11,"Membership Card":0},{"TwistedFunnel":186,"Vampiric Spirits":61,"Whetstone":91,"Bottled Tornado":218,"Boot":91,"Sling":91,"Blood Vial":26,"Replay:Ringing Soul":275,"Sundial":256,"MealTicket":58,"Fusion Hammer":80,"Necronomicon":168,"Replay:Bottled Flurry":236,"Kunai":142,"Replay:Wax Seal":224,"Electric Blood":51,"Replay:Bottled Steam":119,"Pear":122,"Blue Candle":30,"Tingsha":93,"Eternal Feather":200,"Pen Nib":153,"Paper Crane":66,"Akabeko":212,"SlaversCollar":24,"Snecko Scales":115,"Bird Faced Urn":22,"Mark of Pain":0,"StrikeDummy":98,"Unceasing Top":143,"Abe\u0027s Treasure":229,"Ring of the Serpent":268,"Regal Pillow":93,"Singing Bowl":21,"Torii":186,"Magic Flower":49,"Painkiller Herb":72,"StoneCalendar":174,"Bag of Preparation":91,"Replay:Multitool":120,"Cursed Key":31,"Smiling Mask":211,"Burning Blood":0,"Pet Ghost":56,"Replay:Rubber Ducky":91,"Matryoshka":61,"Chemical X":200,"Replay:Bottled Eggs":245,"InkBottle":219,"Ring of the Snake":0,"Potion Belt":126,"Lee\u0027s Waffle":277,"The Specimen":76,"Golden Idol":5,"Basket Of Snakes":82,"The Courier":7,"PreservedInsect":11,"Frozen Egg 2":14,"MawBank":79,"Replay:Arrowhead":131,"Busted Crown":8,"Ornamental Fan":91,"Orrery":126,"Turnip":38,"Art of War":36,"Durian":186,"ReplayTheSpireMod:Ring of Challenge":81,"ReplayTheSpireMod:Onyx Gauntlets":268,"ReplayTheSpireMod:Lightbulb":205,"Toy Ornithopter":171,"Ice Cream":23,"Divine Protection":182,"Gremlin Horn":20,"Nilry\u0027s Codex":75,"Vajra":77,"Sozu":258,"Centennial Puzzle":5,"HornCleat":257,"DollysMirror":144,"Strawberry":13,"Honey Jar":237,"Prayer Wheel":93,"Iron Hammer":248,"Toxic Egg 2":156,"Byrd Skull":66,"Happy Flower":91,"Replay:Grab Bag":268,"Oddly Smooth Stone":57,"Ring of Chaos":122,"Replay:Kaleidoscope":204,"War Paint":185,"Question Card":186,"OrangePellets":93,"Bottled Flame":70,"Replay:Baseball":93,"Shuriken":226,"Bronze Scales":6,"Simple Rune":91,"Onion Ring":247,"ReplayTheSpireMod:TigerMarble":164,"Grinning Jar":169,"Pocketwatch":41,"Meat on the Bone":117,"Darkstone Periapt":18,"ReplayFunnel":91,"Mango":19,"Snake Skull":78,"Incense Burner":87,"ClockworkSouvenir":151,"Dream Catcher":37,"Nunchaku":75,"Replay:Bandana":100,"Mummified Hand":183,"Pantograph":12,"Gambling Chip":27,"Tiny Chest":266,"Red Mask":140,"Replay:Bottled Snecko":161,"Red Skull":47,"Gremlin Food":87,"BargainBundle":223,"ReplayTheSpireMod:Ninjato":149,"Replay:Towering Pillar of Hats":66,"Quantum Egg":87,"Guide Book":93,"Replay:WaspNest":61,"Orichalcum":92,"Medical Kit":119,"Mercury Hourglass":61,"Calling Bell":164,"Anchor":66,"CaptainsWheel":86,"Pondfish Scales":91,"ChewingGum":176,"Snack Pack":48,"Coffee Dripper":137,"Bag of Marbles":161,"Membership Card":61},{"TwistedFunnel":766,"Vampiric Spirits":244,"Whetstone":364,"Bottled Tornado":916,"Boot":364,"Sling":364,"Blood Vial":107,"Replay:Ringing Soul":1193,"Sundial":1097,"MealTicket":230,"Fusion Hammer":315,"Necronomicon":684,"Replay:Bottled Flurry":1006,"Kunai":570,"Replay:Wax Seal":943,"Electric Blood":208,"Replay:Bottled Steam":471,"Pear":484,"Blue Candle":123,"Tingsha":376,"Eternal Feather":815,"Pen Nib":627,"Paper Crane":257,"Akabeko":879,"SlaversCollar":100,"Snecko Scales":459,"Bird Faced Urn":86,"Mark of Pain":0,"StrikeDummy":392,"Unceasing Top":574,"Abe\u0027s Treasure":971,"Ring of the Serpent":1158,"Regal Pillow":376,"Singing Bowl":82,"Torii":766,"Magic Flower":200,"Painkiller Herb":279,"StoneCalendar":706,"Bag of Preparation":364,"Replay:Multitool":475,"Cursed Key":130,"Smiling Mask":874,"Burning Blood":0,"Pet Ghost":224,"Replay:Rubber Ducky":364,"Matryoshka":244,"Chemical X":815,"Replay:Bottled Eggs":1055,"InkBottle":925,"Ring of the Snake":0,"Potion Belt":505,"Lee\u0027s Waffle":1204,"The Specimen":292,"Golden Idol":17,"Basket Of Snakes":325,"The Courier":25,"PreservedInsect":40,"Frozen Egg 2":51,"MawBank":304,"Replay:Arrowhead":520,"Busted Crown":30,"Ornamental Fan":364,"Orrery":505,"Turnip":156,"Art of War":146,"Durian":766,"ReplayTheSpireMod:Ring of Challenge":318,"ReplayTheSpireMod:Onyx Gauntlets":1158,"ReplayTheSpireMod:Lightbulb":842,"Toy Ornithopter":696,"Ice Cream":93,"Divine Protection":740,"Gremlin Horn":78,"Nilry\u0027s Codex":288,"Vajra":296,"Sozu":1110,"Centennial Puzzle":17,"HornCleat":1103,"DollysMirror":580,"Strawberry":48,"Honey Jar":1014,"Prayer Wheel":376,"Iron Hammer":1074,"Toxic Egg 2":649,"Byrd Skull":257,"Happy Flower":364,"Replay:Grab Bag":1158,"Oddly Smooth Stone":226,"Ring of Chaos":484,"Replay:Kaleidoscope":837,"War Paint":758,"Question Card":766,"OrangePellets":376,"Bottled Flame":268,"Replay:Baseball":376,"Shuriken":952,"Bronze Scales":20,"Simple Rune":364,"Onion Ring":1066,"ReplayTheSpireMod:TigerMarble":674,"Grinning Jar":689,"Pocketwatch":170,"Meat on the Bone":463,"Darkstone Periapt":65,"ReplayFunnel":364,"Mango":73,"Snake Skull":300,"Incense Burner":344,"ClockworkSouvenir":618,"Dream Catcher":151,"Nunchaku":288,"Replay:Bandana":399,"Mummified Hand":745,"Pantograph":44,"Gambling Chip":111,"Tiny Chest":1149,"Red Mask":561,"Replay:Bottled Snecko":663,"Red Skull":189,"Gremlin Food":344,"BargainBundle":937,"ReplayTheSpireMod:Ninjato":609,"Replay:Towering Pillar of Hats":257,"Quantum Egg":344,"Guide Book":376,"Replay:WaspNest":244,"Orichalcum":369,"Medical Kit":471,"Mercury Hourglass":244,"Calling Bell":674,"Anchor":257,"CaptainsWheel":341,"Pondfish Scales":364,"ChewingGum":717,"Snack Pack":196,"Coffee Dripper":549,"Bag of Marbles":663,"Membership Card":244}]},"card_choices":[{"not_picked":["Quick Slash","Dagger Spray"],"picked":"Footwork","floor":0},{"not_picked":["Underhanded Strike","Burst"],"picked":"Catalyst","floor":0},{"not_picked":["Dodge and Roll","Toxin Wave"],"picked":"Noxious Fumes","floor":0},{"not_picked":["ReplayTheSpireMod:Scrap Shanks","Backflip"],"picked":"Deadly Poison","floor":0},{"not_picked":["Sucker Punch","Expertise"],"picked":"Flying Knee","floor":1},{"not_picked":["Dagger Spray","Slice","Cloak And Dagger"],"picked":"SKIP","floor":2},{"not_picked":["Underhanded Strike","Bane"],"picked":"Dodge and Roll","floor":3},{"not_picked":["Blade Dance","Underhanded Strike","Endless Agony"],"picked":"SKIP","floor":4},{"not_picked":["Infinite Blades","Poisoned Stab"],"picked":"Dodge and Roll","floor":5},{"not_picked":["ReplayTheSpireMod:Tripwire","Hidden Blade"],"picked":"Replay:Bag of Tricks","floor":7},{"not_picked":["Dodge and Roll","Deflect"],"picked":"ReplayTheSpireMod:Speed Training","floor":8},{"not_picked":["Deadly Poison","All Out Attack"],"picked":"Crippling Poison","floor":10},{"not_picked":["Choke","Acrobatics"],"picked":"PiercingWail","floor":14},{"not_picked":["Doppelganger","A Thousand Cuts"],"picked":"Night Terror","floor":16},{"not_picked":["Outmaneuver","Prepared","PiercingWail"],"picked":"SKIP","floor":18},{"not_picked":["Flechettes","Poisoned Stab"],"picked":"Acrobatics","floor":19},{"not_picked":["Deflect","Cloak And Dagger"],"picked":"Blur","floor":20},{"not_picked":["Terror+1","Outmaneuver+1","Sucker Punch"],"picked":"SKIP","floor":22},{"not_picked":["Sucker Punch","Outmaneuver+1","PiercingWail+1"],"picked":"SKIP","floor":23},{"not_picked":["Slice","ReplayTheSpireMod:Speed Training+1"],"picked":"Catalyst+1","floor":25},{"not_picked":["Bouncing Flask+1","ReplayTheSpireMod:Scrap Shanks","Accuracy"],"picked":"SKIP","floor":27},{"not_picked":["Wraith Form v2","Deadly Poison+1"],"picked":"Tools of the Trade","floor":29},{"not_picked":["Deflect+1","ReplayTheSpireMod:Shiv Toss+1"],"picked":"Hidden Blade+1","floor":30},{"not_picked":["After Image","ReplayTheSpireMod:From All Sides"],"picked":"Malaise+1","floor":33},{"not_picked":["PiercingWail+1"],"picked":"SKIP","floor":35},{"not_picked":["Dodge and Roll+1"],"picked":"SKIP","floor":38},{"not_picked":["Outmaneuver+1"],"picked":"SKIP","floor":41},{"not_picked":["Slice"],"picked":"SKIP","floor":45},{"not_picked":["Underhanded Strike+1"],"picked":"SKIP","floor":46},{"not_picked":[],"picked":"Acrobatics+1","floor":47},{"not_picked":["Distraction+1"],"picked":"SKIP","floor":48},{"not_picked":["Distraction+1"],"picked":"SKIP","floor":48},{"not_picked":[],"picked":"Deflect+1","floor":55}],"player_experience":4062592,"relics_obtained":[{"floor":8,"key":"War Paint"},{"floor":10,"key":"Sundial"},{"floor":14,"key":"HornCleat"},{"floor":23,"key":"Replay:Bottled Flurry"},{"floor":25,"key":"Darkstone Periapt"},{"floor":27,"key":"Snack Pack"},{"floor":29,"key":"Tiny Chest"},{"floor":39,"key":"Mummified Hand"},{"floor":41,"key":"Whetstone"},{"floor":43,"key":"Snake Skull"},{"floor":46,"key":"Simple Rune"},{"floor":48,"key":"Replay:Ringing Soul"},{"floor":55,"key":"Nunchaku"}],"event_choices":[{"damage_healed":0,"gold_gain":0,"player_choice":"Donut","damage_taken":0,"max_hp_gain":5,"max_hp_loss":0,"event_name":"Big Fish","floor":12,"gold_loss":0},{"damage_healed":0,"gold_gain":0,"player_choice":"Lose Max HP","damage_taken":0,"relics_obtained":["Golden Idol"],"max_hp_gain":0,"max_hp_loss":7,"event_name":"Golden Idol","floor":13,"gold_loss":0},{"damage_healed":0,"gold_gain":0,"player_choice":"Gave Potion","damage_taken":0,"relics_obtained":["Toxic Egg 2"],"max_hp_gain":0,"max_hp_loss":0,"event_name":"WeMeetAgain","floor":21,"gold_loss":0},{"damage_healed":0,"gold_gain":0,"player_choice":"Ignored","damage_taken":0,"max_hp_gain":0,"max_hp_loss":0,"event_name":"Vampires","floor":31,"gold_loss":0},{"damage_healed":0,"gold_gain":0,"player_choice":"Upgraded Two","damage_taken":0,"max_hp_gain":0,"max_hp_loss":0,"event_name":"Designer","floor":36,"gold_loss":50,"cards_upgraded":["Dodge and Roll","Crippling Poison"]},{"damage_healed":0,"gold_gain":0,"player_choice":"Memory 3","damage_taken":10,"max_hp_gain":0,"max_hp_loss":0,"event_name":"SensoryStone","floor":44,"gold_loss":0}],"is_beta":false,"boss_relics":[{"not_picked":["ChewingGum","ReplayTheSpireMod:DimensionalGlitch"],"picked":"Sozu"},{"not_picked":["Fusion Hammer","Replay:Drink Me"],"picked":"Replay:Grab Bag"},{"not_picked":["Philosopher\u0027s Stone","Coffee Dripper"],"picked":"ReplayTheSpireMod:Onyx Gauntlets"},{"not_picked":["Cursed Key","Runic Dome"],"picked":"Busted Crown"},{"not_picked":["Runic Pyramid","HoveringKite"],"picked":"Ring of the Serpent"}],"items_purged_floors":[0,0,0,0,37,54],"is_endless":false,"potions_floor_spawned":[1,2,4,8,22,23,29,33,41,47,48,55],"ascension_level":20}}