{"host":"o67iw34xdwlyp80a","time":1612175734,"event":{"mods":["BaseMod","Colored Map","Minty Spire (QoL Compilation)","Relic Stats","StSLib"],"gold_per_floor":[114,189,33,33,44,74,74,93,93,112,125,152,171,187,187,288,288,307,326,326,340,355,355,384,397,477,477,477],"floor_reached":27,"language":"ENG","playtime":1641,"items_purged":["Strike_R"],"score":370,"play_id":"7596f3a8-5add-4ebd-b38e-86c9963de668","local_time":"20210201103534","is_ascension_mode":true,"campfire_choices":[{"data":"Fire Breathing","floor":7.0,"key":"SMITH"},{"data":"Metallicize","floor":15.0,"key":"SMITH"},{"floor":23,"key":"REST"}],"circlet_count":0,"master_deck":["Strike_R","Strike_R","Strike_R","Strike_R","Defend_R","Defend_R","Defend_R","Defend_R","Bash","Cleave","Metallicize+1","Fire Breathing+1","Inflame","Cleave","Thunderclap","Ghostly Armor","Feed","Shrug It Off","Iron Wave","Limit Break","Pommel Strike+1","Armaments"],"relics":["Burning Blood","NeowsBlessing","Torii","Question Card","Mercury Hourglass","Busted Crown","Akabeko","HornCleat"],"acts_visited":["Exordium","TheCity"],"potions_floor_usage":[25],"damage_taken":[{"damage":0.0,"enemies":"2 Louse","floor":1.0,"turns":1.0},{"damage":0.0,"enemies":"Jaw Worm","floor":5.0,"turns":1.0},{"damage":0.0,"enemies":"Gremlin Nob","floor":6.0,"turns":1.0},{"damage":1.0,"enemies":"Cultist","floor":8.0,"turns":5.0},{"damage":20.0,"enemies":"Exordium Thugs","floor":10.0,"turns":5.0},{"damage":1.0,"enemies":"2 Fungi Beasts","floor":11.0,"turns":3.0},{"damage":14.0,"enemies":"Lagavulin","floor":12.0,"turns":7.0},{"damage":2.0,"enemies":"Blue Slaver","floor":13.0,"turns":4.0},{"damage":0.0,"enemies":"Gremlin Gang","floor":14.0,"turns":1.0},{"damage":23.0,"enemies":"Hexaghost","floor":16.0,"turns":10.0},{"damage":23.0,"enemies":"Chosen","floor":18.0,"turns":6.0},{"damage":26.0,"enemies":"2 Thieves","floor":19.0,"turns":4.0},{"damage":24.0,"enemies":"Chosen and Byrds","floor":21.0,"turns":7.0},{"damage":11,"enemies":"Centurion and Healer","floor":22,"turns":7},{"damage":38,"enemies":"Gremlin Leader","floor":24,"turns":8},{"damage":12,"enemies":"3 Cultists","floor":25,"turns":4},{"damage":15,"enemies":"Book of Stabbing","floor":27,"turns":4}],"seed_played":"-7373651664854627484","potions_obtained":[{"floor":4.0,"key":"SpeedPotion"},{"floor":4.0,"key":"Swift Potion"},{"floor":4.0,"key":"Swift Potion"},{"floor":8.0,"key":"Weak Potion"},{"floor":10.0,"key":"SkillPotion"},{"floor":13.0,"key":"Explosive Potion"},{"floor":19.0,"key":"ElixirPotion"},{"floor":24,"key":"Dexterity Potion"}],"is_trial":false,"path_per_floor":["M","?","$","?","M","E","R","M","T","M","M","E","M","M","R","B",null,"M","M","?","M","M","R","E","M","T","E"],"character_chosen":"IRONCLAD","items_purchased":["Metallicize"],"campfire_rested":1,"item_purchase_floors":[3],"current_hp_per_floor":[78,67,67,67,73,79,79,80,80,66,71,63,67,73,73,59,77,60,43,43,25,23,49,17,11,11,0,0],"gold":477,"neow_bonus":"THREE_ENEMY_KILL","is_daily":false,"chose_seed":false,"campfire_upgraded":2,"win_rate":0.0,"timestamp":1612175734,"path_taken":["M","?","$","?","M","E","R","M","T","?","M","E","M","M","R","BOSS","M","M","?","M","M","R","E","M","T","E"],"items_purchased_type":["Card"],"build_version":"2020-12-22","purchased_purges":1,"victory":false,"max_hp_per_floor":[80,80,80,80,80,80,80,80,80,80,80,80,80,80,80,83,83,83,86,86,86,89,89,89,89,89,89,89],"relic_stats":{"Busted Crown":12,"Torii":55,"counters":[17,77],"Question Card":12,"obtain_stats":[{"Busted Crown":17,"HornCleat":26,"NeowsBlessing":0,"Torii":6,"Question Card":9,"Burning Blood":0,"Akabeko":24,"Mercury Hourglass":12},{"Busted Crown":10,"HornCleat":16,"NeowsBlessing":0,"Torii":3,"Question Card":4,"Burning Blood":0,"Akabeko":15,"Mercury Hourglass":7},{"Busted Crown":38,"HornCleat":73,"NeowsBlessing":0,"Torii":3,"Question Card":8,"Burning Blood":0,"Akabeko":69,"Mercury Hourglass":23}],"Burning Blood":92,"Mercury Hourglass":[217]},"card_choices":[{"not_picked":["Armaments","Hemokinesis"],"picked":"Cleave","floor":1.0},{"not_picked":["Intimidate","Pommel Strike"],"picked":"Fire Breathing","floor":5.0},{"not_picked":["Burning Pact","Sword Boomerang"],"picked":"Inflame","floor":6.0},{"not_picked":["Twin Strike","True Grit"],"picked":"Cleave","floor":8.0},{"not_picked":["Heavy Blade","Burning Pact","Anger"],"picked":"Thunderclap","floor":10.0},{"not_picked":["Clothesline","Whirlwind","Headbutt"],"picked":"Ghostly Armor","floor":11.0},{"not_picked":["Corruption","Headbutt","Evolve"],"picked":"Feed","floor":12.0},{"not_picked":["Perfected Strike","Clash","Twin Strike"],"picked":"Shrug It Off","floor":13.0},{"not_picked":["Feed","Anger","Body Slam"],"picked":"Iron Wave","floor":14.0},{"not_picked":["Impervious","Corruption","Bludgeon"],"picked":"Limit Break","floor":16.0},{"not_picked":["Iron Wave","Combust"],"picked":"SKIP","floor":18.0},{"not_picked":["Warcry"],"picked":"Pommel Strike+1","floor":19.0},{"not_picked":["Dropkick","Second Wind"],"picked":"SKIP","floor":21.0},{"not_picked":["Flame Barrier"],"picked":"Armaments","floor":22},{"not_picked":["Perfected Strike","Heavy Blade"],"picked":"SKIP","floor":24},{"not_picked":["Pommel Strike+1","Carnage"],"picked":"SKIP","floor":25}],"player_experience":1155575,"relics_obtained":[{"floor":6.0,"key":"Torii"},{"floor":9.0,"key":"Question Card"},{"floor":12.0,"key":"Mercury Hourglass"},{"floor":24,"key":"Akabeko"},{"floor":26,"key":"HornCleat"}],"event_choices":[{"damage_healed":0.0,"max_hp_gain":0.0,"max_hp_loss":0.0,"gold_gain":75.0,"event_name":"World of Goop","player_choice":"Gather Gold","floor":2.0,"gold_loss":0.0,"damage_taken":11.0},{"damage_healed":0.0,"max_hp_gain":0.0,"max_hp_loss":0.0,"gold_gain":0.0,"event_name":"Lab","player_choice":"Got Potions","floor":4.0,"gold_loss":0.0,"damage_taken":0.0},{"damage_healed":0.0,"max_hp_gain":0.0,"max_hp_loss":0.0,"gold_gain":0.0,"event_name":"Ghosts","player_choice":"Ignored","floor":20.0,"gold_loss":0.0,"damage_taken":0.0}],"is_beta":false,"boss_relics":[{"not_picked":["Astrolabe","Philosopher\u0027s Stone"],"picked":"Busted Crown"}],"items_purged_floors":[3],"is_endless":false,"potions_floor_spawned":[8,10,11,13,19,24],"killed_by":"Book of Stabbing","ascension_level":7}}