{"host":"y3h3n3f7seyagppx","time":1612202831,"event":{"mods":["AlwaysNeverKeys","BaseMod","Better Vampires","Colored Powertips","DeckTracker","Emptier Cage","Minty Spire (QoL Compilation)","Permanent Neow","Quick Restart","Rare Cards Sparkle","Relic Sorter","Relic Stats","StSLib","Transform Curses"],"gold_per_floor":[10,10,21,38,48,75,85,117,141,141,168,185,219,219,219,291,291,303,314,76,76,76,110,130,150,201,217,243,243,271,289,289,362,362,378,403,418,418,81,81,99,124,196,29,74,74,108,122,122,122,122,122,122,37,66,66],"floor_reached":57,"language":"ENG","playtime":7624,"items_purged":["Strike_R"],"score":3029,"play_id":"1e5c8f9c-df6d-437e-9934-a1bbcb9cfa22","local_time":"20210201130711","is_ascension_mode":true,"campfire_choices":[{"data":"Armaments","floor":10.0,"key":"SMITH"},{"data":"Sword Boomerang","floor":15.0,"key":"SMITH"},{"floor":29,"key":"REST"},{"floor":32,"key":"REST"}],"circlet_count":0,"master_deck":["AscendersBane","Strike_R","Defend_R","Defend_R","Defend_R","Defend_R","Bash","Flex","Sever Soul","Twin Strike","Battle Trance","Armaments+1","Shockwave","Sword Boomerang+1","Double Tap","Reaper","Impervious","J.A.X.","Pain","Barricade","Battle Trance","Evolve","Flame Barrier","Offering","Power Through","Feel No Pain+1","Havoc+1","Body Slam","Feel No Pain","Dark Shackles","Secret Technique","Flash of Steel","True Grit+1","Uppercut","Shockwave","Impervious"],"relics":["Burning Blood","Happy Flower","TungstenRod","Potion Belt","Akabeko","PreservedInsect","Fusion Hammer","Lantern","WarpedTongs","Kunai","Vajra","Meat on the Bone","Oddly Smooth Stone","Coffee Dripper","Mango","Bag of Preparation","Medical Kit","Blue Candle","StrikeDummy","Nunchaku","Bird Faced Urn","White Beast Statue","Bag of Marbles"],"acts_visited":["Exordium","TheCity","TheBeyond","TheEnding"],"potions_floor_usage":[24,47,56,56,56,56,56,56,56],"damage_taken":[{"damage":7.0,"enemies":"Small Slimes","floor":1.0,"turns":4.0},{"damage":1.0,"enemies":"Cultist","floor":3.0,"turns":3.0},{"damage":4.0,"enemies":"Jaw Worm","floor":4.0,"turns":3.0},{"damage":2.0,"enemies":"Looter","floor":5.0,"turns":4.0},{"damage":0.0,"enemies":"Lagavulin","floor":6.0,"turns":2.0},{"damage":2.0,"enemies":"Exordium Thugs","floor":7.0,"turns":4.0},{"damage":1.0,"enemies":"3 Sentries","floor":8.0,"turns":10.0},{"damage":6.0,"enemies":"Lagavulin","floor":11.0,"turns":5.0},{"damage":0.0,"enemies":"3 Louse","floor":12.0,"turns":1.0},{"damage":7.0,"enemies":"Gremlin Nob","floor":13.0,"turns":3.0},{"damage":37.0,"enemies":"Hexaghost","floor":16.0,"turns":9.0},{"damage":0.0,"enemies":"Chosen","floor":18.0,"turns":3.0},{"damage":15.0,"enemies":"Shell Parasite","floor":19.0,"turns":2.0},{"damage":39.0,"enemies":"Slavers","floor":23.0,"turns":4.0},{"damage":0,"enemies":"Snake Plant","floor":24,"turns":1},{"damage":12,"enemies":"3 Cultists","floor":25,"turns":4},{"damage":0,"enemies":"Cultist and Chosen","floor":27,"turns":3},{"damage":10,"enemies":"Book of Stabbing","floor":28,"turns":4},{"damage":32,"enemies":"Slavers","floor":30,"turns":5},{"damage":7,"enemies":"Snake Plant","floor":31,"turns":5},{"damage":11,"enemies":"Champ","floor":33,"turns":13},{"damage":0,"enemies":"Orb Walker","floor":35,"turns":1},{"damage":9,"enemies":"Mind Bloom Boss Battle","floor":36,"turns":6},{"damage":8,"enemies":"3 Shapes","floor":37,"turns":5},{"damage":21,"enemies":"Sphere and 2 Shapes","floor":41,"turns":6},{"damage":7,"enemies":"Giant Head","floor":42,"turns":9},{"damage":7,"enemies":"2 Orb Walkers","floor":45,"turns":4},{"damage":7,"enemies":"Reptomancer","floor":47,"turns":2},{"damage":23,"enemies":"Spire Growth","floor":48,"turns":3},{"damage":9,"enemies":"Donu and Deca","floor":50,"turns":7},{"damage":35,"enemies":"Awakened One","floor":51,"turns":11},{"damage":81,"enemies":"Shield and Spear","floor":55,"turns":26},{"damage":67,"enemies":"The Heart","floor":56,"turns":13}],"seed_played":"5110056485373774564","potions_obtained":[{"floor":1.0,"key":"SneckoOil"},{"floor":5.0,"key":"HeartOfIron"},{"floor":11.0,"key":"Weak Potion"},{"floor":12.0,"key":"SteroidPotion"},{"floor":16.0,"key":"Strength Potion"},{"floor":19.0,"key":"SmokeBomb"},{"floor":23.0,"key":"DuplicationPotion"},{"floor":30,"key":"Swift Potion"},{"floor":33,"key":"Energy Potion"},{"floor":35,"key":"CultistPotion"},{"floor":42,"key":"EntropicBrew"},{"floor":47,"key":"Weak Potion"}],"is_trial":false,"path_per_floor":["M","?","M","M","M","E","M","E","T","R","E","M","E","?","R","B",null,"M","M","$","?","?","E","M","M","T","M","E","R","E","M","R","B",null,"M","?","M","?","$","?","M","E","T","$","?","?","E","M","R","B","B",null,"R","$","E","B",null],"character_chosen":"IRONCLAD","items_purchased":["Lantern","Bag of Preparation","Medical Kit","Nunchaku","Shockwave"],"campfire_rested":2,"item_purchase_floors":[20,39,39,44,54],"current_hp_per_floor":[67,67,72,74,75,75,75,75,75,75,75,75,74,79,79,48,72,78,69,69,69,69,49,55,80,80,80,78,80,64,79,80,80,80,80,94,92,89,89,89,89,89,89,89,89,80,89,72,72,89,89,89,89,89,52,21],"gold":66,"neow_bonus":"TRANSFORM_TWO_CARDS","is_daily":false,"chose_seed":false,"campfire_upgraded":2,"win_rate":0.0,"timestamp":1612202831,"path_taken":["M","?","?","M","M","E","M","E","T","R","E","?","E","?","R","BOSS","M","M","$","?","?","E","?","M","T","M","E","R","E","M","R","BOSS","M","?","M","?","?","?","M","E","T","$","?","?","E","M","R","BOSS","BOSS","R","$","E","BOSS"],"items_purchased_type":["Relic","Relic","Relic","Relic","Card"],"build_version":"2020-12-22","purchased_purges":1,"victory":true,"max_hp_per_floor":[75,75,75,75,75,75,75,75,75,75,75,75,75,80,80,80,80,80,80,80,80,80,80,80,80,80,80,80,80,80,80,80,80,80,80,94,94,89,89,89,89,89,89,89,89,89,89,89,89,89,89,89,89,89,89,89],"relic_stats":{"Happy Flower":[56],"counters":[33,185],"Blue Candle":[7],"PreservedInsect":391,"Bag of Preparation":[18],"Medical Kit":[42],"Burning Blood":121,"WarpedTongs":[115],"Nunchaku":[9],"Bird Faced Urn":[32],"Kunai":[27],"obtain_stats":[{"Potion Belt":9,"Lantern":20,"Happy Flower":6,"Blue Candle":42,"Vajra":26,"Oddly Smooth Stone":30,"Mango":36,"PreservedInsect":13,"Bag of Preparation":39,"Medical Kit":39,"Burning Blood":0,"Akabeko":11,"White Beast Statue":47,"WarpedTongs":22,"Nunchaku":44,"Bird Faced Urn":45,"Fusion Hammer":17,"Coffee Dripper":34,"Bag of Marbles":55,"Kunai":23,"StrikeDummy":43,"TungstenRod":8,"Meat on the Bone":28},{"Potion Belt":7,"Lantern":13,"Happy Flower":5,"Blue Candle":26,"Vajra":16,"Oddly Smooth Stone":19,"Mango":23,"PreservedInsect":10,"Bag of Preparation":24,"Medical Kit":24,"Burning Blood":0,"Akabeko":8,"White Beast Statue":28,"WarpedTongs":13,"Nunchaku":26,"Bird Faced Urn":27,"Fusion Hammer":11,"Coffee Dripper":21,"Bag of Marbles":32,"Kunai":14,"StrikeDummy":26,"TungstenRod":7,"Meat on the Bone":18},{"Potion Belt":30,"Lantern":53,"Happy Flower":16,"Blue Candle":119,"Vajra":62,"Oddly Smooth Stone":74,"Mango":99,"PreservedInsect":39,"Bag of Preparation":104,"Medical Kit":104,"Burning Blood":0,"Akabeko":35,"White Beast Statue":125,"WarpedTongs":53,"Nunchaku":119,"Bird Faced Urn":123,"Fusion Hammer":48,"Coffee Dripper":92,"Bag of Marbles":172,"Kunai":57,"StrikeDummy":119,"TungstenRod":30,"Meat on the Bone":69}],"TungstenRod":201,"Meat on the Bone":12},"card_choices":[{"not_picked":["Bloodletting","Whirlwind"],"picked":"Twin Strike","floor":1.0},{"not_picked":["Havoc","Wild Strike","Warcry"],"picked":"SKIP","floor":3.0},{"not_picked":["Clash","Headbutt"],"picked":"Battle Trance","floor":4.0},{"not_picked":["Perfected Strike","Wild Strike"],"picked":"Armaments","floor":5.0},{"not_picked":["Perfected Strike","Burning Pact","Sentinel"],"picked":"SKIP","floor":6.0},{"not_picked":["Headbutt","Heavy Blade"],"picked":"Anger","floor":7.0},{"not_picked":["Armaments","Rampage"],"picked":"Shockwave","floor":8.0},{"not_picked":["Hemokinesis","Cleave"],"picked":"Sword Boomerang","floor":11.0},{"not_picked":["Power Through","Clash"],"picked":"Double Tap","floor":12.0},{"not_picked":["Armaments","Warcry"],"picked":"Reaper","floor":13.0},{"not_picked":["Bludgeon","Fiend Fire"],"picked":"Impervious","floor":16.0},{"not_picked":["Clash+1","Iron Wave","Clothesline"],"picked":"SKIP","floor":18.0},{"not_picked":["Heavy Blade","Pommel Strike","Cleave"],"picked":"SKIP","floor":19.0},{"not_picked":["Second Wind","Shrug It Off"],"picked":"Barricade","floor":23.0},{"not_picked":["Pommel Strike","Clash","Second Wind"],"picked":"SKIP","floor":24},{"not_picked":["Intimidate","Shockwave"],"picked":"Battle Trance","floor":25},{"not_picked":["Clash+1","Shrug It Off"],"picked":"Evolve","floor":27},{"not_picked":["Clash","Clothesline","Cleave"],"picked":"SKIP","floor":28},{"not_picked":["Clash","Clothesline","Cleave"],"picked":"SKIP","floor":28},{"not_picked":["Second Wind","Dark Embrace"],"picked":"Flame Barrier","floor":30},{"not_picked":["Clothesline","Headbutt","Blood for Blood"],"picked":"SKIP","floor":31},{"not_picked":["Exhume","Immolate"],"picked":"Offering","floor":33},{"not_picked":["Havoc","Pommel Strike"],"picked":"Power Through","floor":35},{"not_picked":["Havoc","Twin Strike"],"picked":"Feel No Pain+1","floor":37},{"not_picked":["Sword Boomerang","Pummel"],"picked":"Havoc+1","floor":41},{"not_picked":["Demon Form","Clash+1"],"picked":"Body Slam","floor":42},{"not_picked":["Warcry","Burning Pact"],"picked":"Feel No Pain","floor":45},{"not_picked":["Transmutation","The Bomb"],"picked":"Dark Shackles","floor":46},{"not_picked":["Mayhem","Panacea"],"picked":"Secret Technique","floor":46},{"not_picked":["Trip","Good Instincts"],"picked":"Flash of Steel","floor":46},{"not_picked":["Headbutt","Wild Strike"],"picked":"True Grit+1","floor":47},{"not_picked":["Intimidate","Cleave"],"picked":"Uppercut","floor":48},{"not_picked":["Thunderclap","Ghostly Armor"],"picked":"Impervious","floor":55}],"player_experience":21883619,"relics_obtained":[{"floor":6.0,"key":"Happy Flower"},{"floor":8.0,"key":"TungstenRod"},{"floor":9.0,"key":"Potion Belt"},{"floor":11.0,"key":"Akabeko"},{"floor":13.0,"key":"PreservedInsect"},{"floor":23.0,"key":"Kunai"},{"floor":26,"key":"Vajra"},{"floor":28,"key":"Meat on the Bone"},{"floor":30,"key":"Oddly Smooth Stone"},{"floor":36,"key":"Mango"},{"floor":42,"key":"Blue Candle"},{"floor":43,"key":"StrikeDummy"},{"floor":45,"key":"Bird Faced Urn"},{"floor":47,"key":"White Beast Statue"},{"floor":55,"key":"Bag of Marbles"}],"event_choices":[{"cards_removed":["Strike_R"],"damage_healed":0.0,"max_hp_gain":0.0,"max_hp_loss":0.0,"gold_gain":0.0,"event_name":"Bonfire Elementals","player_choice":"Offered Basic","floor":2.0,"gold_loss":0.0,"damage_taken":0.0},{"damage_healed":0.0,"max_hp_gain":5.0,"max_hp_loss":0.0,"gold_gain":0.0,"event_name":"Big Fish","player_choice":"Donut","floor":14.0,"gold_loss":0.0,"damage_taken":0.0},{"damage_healed":0.0,"max_hp_gain":0.0,"max_hp_loss":0.0,"gold_gain":0.0,"event_name":"Drug Dealer","player_choice":"Obtain J.A.X.","floor":21.0,"gold_loss":0.0,"damage_taken":0.0,"cards_obtained":["J.A.X."]},{"damage_healed":0.0,"max_hp_gain":0.0,"max_hp_loss":0.0,"gold_gain":0.0,"event_name":"Accursed Blacksmith","player_choice":"Rummage","floor":22.0,"gold_loss":0.0,"damage_taken":0.0,"relics_obtained":["WarpedTongs"],"cards_obtained":["Pain"]},{"damage_healed":0,"gold_gain":0,"player_choice":"Fight","damage_taken":0,"max_hp_gain":0,"max_hp_loss":0,"event_name":"MindBloom","floor":36,"gold_loss":0},{"damage_healed":0,"gold_gain":0,"player_choice":"Max HP","damage_taken":0,"max_hp_gain":0,"max_hp_loss":5,"event_name":"Winding Halls","floor":38,"gold_loss":0},{"cards_removed":["Anger"],"damage_healed":0,"gold_gain":0,"player_choice":"Removed Attack","damage_taken":0,"max_hp_gain":0,"max_hp_loss":0,"event_name":"Falling","floor":40,"gold_loss":0},{"damage_healed":0,"gold_gain":0,"player_choice":"Fight","damage_taken":0,"max_hp_gain":0,"max_hp_loss":0,"event_name":"Mysterious Sphere","floor":45,"gold_loss":0},{"damage_healed":0,"gold_gain":0,"player_choice":"Memory 3","damage_taken":10,"max_hp_gain":0,"max_hp_loss":0,"event_name":"SensoryStone","floor":46,"gold_loss":0}],"is_beta":false,"boss_relics":[{"not_picked":["Sozu","Runic Pyramid"],"picked":"Fusion Hammer"},{"not_picked":["Velvet Choker","Pandora\u0027s Box"],"picked":"Coffee Dripper"}],"items_purged_floors":[20],"is_endless":false,"potions_floor_spawned":[1,5,11,12,16,19,23,30,33,35,37,42,47,48,55],"ascension_level":20}}