{"host":"8u7tvcybuv0u72fd","time":1612153634,"event":{"mods":["BaseMod","BetterRewards","Colored Map","Colored Powertips","Minty Spire (QoL Compilation)","Quick Restart","Shop Mod"],"gold_per_floor":[115,131,141,216,216,216,232,264,288,300,369,419,431,458,458,564,564,546,574,635,650,700,729,729,760,760,784,784,798,458,607,607,717,717,735,755,774,850,336,336,361,380,450,500,500,526,526,591,591,591,591,591,26,54,54,54],"floor_reached":55,"language":"ENG","playtime":2761,"items_purged":["Strike_R","Strike_R","Strike_R"],"score":863,"play_id":"0661b188-f5b5-46db-bf08-0fb51914e014","local_time":"20210131232714","is_ascension_mode":false,"campfire_choices":[{"data":"Uppercut","floor":6.0,"key":"SMITH"},{"data":"Rage","floor":15.0,"key":"SMITH"},{"data":"Rampage","floor":24.0,"key":"SMITH"},{"data":"Feed","floor":28.0,"key":"SMITH"},{"data":"Double Tap","floor":32.0,"key":"SMITH"},{"data":"Defend_R","floor":40.0,"key":"SMITH"},{"data":"Defend_R","floor":45.0,"key":"SMITH"},{"floor":47.0,"key":"RECALL"},{"data":"Defend_R","floor":49,"key":"SMITH"},{"data":"Offering","floor":52,"key":"SMITH"}],"circlet_count":0,"master_deck":["Strike_R","Strike_R+1","Defend_R+1","Defend_R+1","Defend_R+1","Defend_R+1","Bash+1","Rage+1","Uppercut+1","Shrug It Off+1","Feed+1","Double Tap+1","Rampage+1","Clash+1","Body Slam+1","Offering+1"],"relics":["Burning Blood","Lee\u0027s Waffle","Tiny Chest","MealTicket","CaptainsWheel","SsserpentHead","Centennial Puzzle","CeramicFish","War Paint","Matryoshka","Nunchaku","Strawberry","Ornamental Fan","Kunai","Coffee Dripper","Oddly Smooth Stone","Whetstone","MerchantsRug","Boot","White Beast Statue","Gremlin Horn","Bottled Flame","Singing Bowl","Shuriken","Sling","Pantograph"],"acts_visited":["Exordium","TheCity","TheBeyond","TheEnding"],"potions_floor_usage":[55,55,55],"damage_taken":[{"damage":2.0,"enemies":"2 Louse","floor":1.0,"turns":3.0},{"damage":4.0,"enemies":"Cultist","floor":2.0,"turns":3.0},{"damage":0.0,"enemies":"Jaw Worm","floor":3.0,"turns":3.0},{"damage":7.0,"enemies":"Exordium Wildlife","floor":7.0,"turns":7.0},{"damage":19.0,"enemies":"Lagavulin","floor":8.0,"turns":7.0},{"damage":6.0,"enemies":"3 Louse","floor":10.0,"turns":4.0},{"damage":2.0,"enemies":"Exordium Thugs","floor":11.0,"turns":6.0},{"damage":7.0,"enemies":"Lots of Slimes","floor":13.0,"turns":7.0},{"damage":7.0,"enemies":"Gremlin Nob","floor":14.0,"turns":3.0},{"damage":57.0,"enemies":"The Guardian","floor":16.0,"turns":15.0},{"damage":4.0,"enemies":"2 Thieves","floor":18.0,"turns":4.0},{"damage":10.0,"enemies":"Shell Parasite","floor":19.0,"turns":4.0},{"damage":2.0,"enemies":"Chosen and Byrds","floor":20.0,"turns":5.0},{"damage":8.0,"enemies":"Snake Plant","floor":21.0,"turns":3.0},{"damage":2.0,"enemies":"Centurion and Healer","floor":23.0,"turns":7.0},{"damage":11.0,"enemies":"Book of Stabbing","floor":25.0,"turns":5.0},{"damage":8.0,"enemies":"Shelled Parasite and Fungi","floor":27.0,"turns":5.0},{"damage":0.0,"enemies":"Snake Plant","floor":29.0,"turns":4.0},{"damage":50.0,"enemies":"Automaton","floor":33.0,"turns":10.0},{"damage":0.0,"enemies":"Orb Walker","floor":35.0,"turns":3.0},{"damage":3.0,"enemies":"3 Shapes","floor":36.0,"turns":3.0},{"damage":6.0,"enemies":"3 Darklings","floor":37.0,"turns":4.0},{"damage":6.0,"enemies":"Reptomancer","floor":41.0,"turns":4.0},{"damage":6.0,"enemies":"Spire Growth","floor":42.0,"turns":1.0},{"damage":22.0,"enemies":"Nemesis","floor":46.0,"turns":7.0},{"damage":3,"enemies":"4 Shapes","floor":48,"turns":3},{"damage":90,"enemies":"Donu and Deca","floor":50,"turns":11},{"damage":39,"enemies":"Shield and Spear","floor":54,"turns":6},{"damage":168,"enemies":"The Heart","floor":55,"turns":12}],"seed_played":"-4757325550826317009","potions_obtained":[{"floor":2.0,"key":"DuplicationPotion"},{"floor":3.0,"key":"Energy Potion"},{"floor":13.0,"key":"Strength Potion"},{"floor":14.0,"key":"LiquidBronze"},{"floor":16.0,"key":"FearPotion"},{"floor":21.0,"key":"EssenceOfSteel"},{"floor":23.0,"key":"Block Potion"},{"floor":37.0,"key":"BloodPotion"},{"floor":42.0,"key":"DuplicationPotion"}],"is_trial":false,"path_per_floor":["M","M","M","?","?","R","M","E","T","M","M","T","M","E","R","B",null,"M","M","M","M","?","M","R","E","T","M","R","M","$","?","R","B",null,"M","M","M","T","$","R","E","M","T","?","R","E","R","M","R","B",null,"R","$","E","B"],"character_chosen":"IRONCLAD","items_purchased":["Lee\u0027s Waffle","Tiny Chest","MealTicket","Rage","SpeedPotion","SpeedPotion","Kunai","HeartOfIron","MerchantsRug","Boot","White Beast Statue","Shuriken","Sling","LiquidBronze"],"campfire_rested":0,"item_purchase_floors":[0,0,0,0,0,0,30,30,39,39,39,53,53,53],"current_hp_per_floor":[87,87,87,76,76,76,75,62,62,65,72,72,74,73,73,22,96,99,98,105,103,103,108,108,106,113,114,114,120,121,121,121,77,121,125,129,133,133,133,133,133,133,133,133,133,123,123,132,132,48,145,145,145,114,0,0],"gold":54,"neow_bonus":"","is_daily":false,"chose_seed":false,"campfire_upgraded":9,"win_rate":0.0,"timestamp":1612153634,"path_taken":["M","M","M","?","?","R","M","E","T","M","?","?","M","E","R","BOSS","M","M","?","M","?","M","R","E","T","M","R","M","$","?","R","BOSS","M","M","M","?","$","R","E","M","T","?","R","E","R","?","R","BOSS","R","$","E","BOSS"],"items_purchased_type":["Relic","Relic","Relic","Card","Potion","Potion","Relic","Potion","Relic","Relic","Relic","Relic","Relic","Potion"],"build_version":"2020-12-22","purchased_purges":3,"victory":false,"max_hp_per_floor":[87,87,87,87,87,87,87,87,87,90,93,93,96,96,96,96,96,99,102,105,105,105,108,108,111,118,121,121,121,121,121,121,121,121,125,129,133,133,133,133,133,133,133,133,133,139,139,145,145,145,145,145,145,147,147,147],"card_choices":[{"not_picked":["Armaments","Pommel Strike"],"picked":"Uppercut","floor":1.0},{"not_picked":["Power Through","Sever Soul"],"picked":"Shrug It Off","floor":2.0},{"not_picked":["Entrench","Iron Wave","Second Wind"],"picked":"SKIP","floor":3.0},{"not_picked":["Pummel","Flex","Sword Boomerang"],"picked":"SKIP","floor":7.0},{"not_picked":["Spot Weakness","Feel No Pain"],"picked":"Feed","floor":8.0},{"not_picked":["Flex","Feel No Pain","Clash"],"picked":"SKIP","floor":10.0},{"not_picked":["Dropkick","Hemokinesis","Warcry"],"picked":"SKIP","floor":11.0},{"not_picked":["Iron Wave","Pommel Strike","Havoc"],"picked":"SKIP","floor":13.0},{"not_picked":["Inflame","Entrench","Rupture"],"picked":"SKIP","floor":14.0},{"not_picked":["Corruption","Demon Form"],"picked":"Double Tap","floor":16.0},{"not_picked":["Pummel+1","Anger","Clothesline"],"picked":"SKIP","floor":18.0},{"not_picked":["Pummel+1","Anger","Clothesline"],"picked":"SKIP","floor":18.0},{"not_picked":["Clash+1","Flex"],"picked":"Rampage","floor":19.0},{"not_picked":["Heavy Blade+1","Clash","Feel No Pain"],"picked":"SKIP","floor":20.0},{"not_picked":["Seeing Red","Bloodletting","Havoc+1"],"picked":"SKIP","floor":21.0},{"not_picked":["Perfected Strike+1","Heavy Blade+1"],"picked":"Clash+1","floor":23.0},{"not_picked":["Juggernaut","Perfected Strike","True Grit"],"picked":"SKIP","floor":25.0},{"not_picked":["Combust+1","Battle Trance"],"picked":"Body Slam+1","floor":27.0},{"not_picked":["Perfected Strike","Thunderclap+1","Headbutt"],"picked":"SKIP","floor":29.0},{"not_picked":["Fiend Fire","Demon Form"],"picked":"Offering","floor":33.0},{"not_picked":["Flex+1","Inflame","Dark Embrace"],"picked":"SKIP","floor":35.0},{"not_picked":["Twin Strike+1","Body Slam","True Grit+1"],"picked":"SKIP","floor":36.0},{"not_picked":["Armaments+1","Cleave","Pommel Strike"],"picked":"SKIP","floor":37.0},{"not_picked":["Battle Trance+1","Burning Pact+1","Perfected Strike+1"],"picked":"SKIP","floor":41.0},{"not_picked":["Rampage","Wild Strike","Clash+1"],"picked":"SKIP","floor":42.0},{"not_picked":["Thunderclap","Ghostly Armor+1","Twin Strike"],"picked":"Singing Bowl","floor":46.0},{"not_picked":["Shrug It Off+1","Iron Wave","Flex"],"picked":"Singing Bowl","floor":48},{"not_picked":["Armaments","Whirlwind+1","Searing Blow"],"picked":"Singing Bowl","floor":54}],"player_experience":1473888,"relics_obtained":[{"floor":8.0,"key":"Centennial Puzzle"},{"floor":12.0,"key":"CeramicFish"},{"floor":14.0,"key":"War Paint"},{"floor":25.0,"key":"Nunchaku"},{"floor":26.0,"key":"Strawberry"},{"floor":26.0,"key":"Ornamental Fan"},{"floor":38.0,"key":"Oddly Smooth Stone"},{"floor":38.0,"key":"Whetstone"},{"floor":41.0,"key":"Gremlin Horn"},{"floor":43.0,"key":"Bottled Flame"},{"floor":46.0,"key":"Singing Bowl"},{"floor":54,"key":"Pantograph"}],"event_choices":[{"damage_healed":0.0,"max_hp_gain":0.0,"max_hp_loss":0.0,"gold_gain":75.0,"event_name":"World of Goop","player_choice":"Gather Gold","floor":4.0,"gold_loss":0.0,"damage_taken":11.0},{"damage_healed":0.0,"max_hp_gain":0.0,"max_hp_loss":0.0,"gold_gain":0.0,"event_name":"FaceTrader","player_choice":"Trade","floor":5.0,"gold_loss":0.0,"damage_taken":0.0,"relics_obtained":["SsserpentHead"]},{"damage_healed":0.0,"max_hp_gain":0.0,"max_hp_loss":0.0,"gold_gain":0.0,"event_name":"The Mausoleum","player_choice":"Opened","floor":22.0,"gold_loss":0.0,"damage_taken":0.0,"relics_obtained":["Matryoshka"]},{"damage_healed":0.0,"max_hp_gain":0.0,"max_hp_loss":0.0,"gold_gain":99.0,"event_name":"Nest","player_choice":"Stole From Cult","floor":31.0,"gold_loss":0.0,"damage_taken":0.0},{"damage_healed":0.0,"max_hp_gain":0.0,"max_hp_loss":0.0,"gold_gain":0.0,"event_name":"Tomb of Lord Red Mask","player_choice":"Ignored","floor":44.0,"gold_loss":0.0,"damage_taken":0.0}],"is_beta":false,"boss_relics":[{"not_picked":["Tiny House","Runic Dome"],"picked":"Philosopher\u0027s Stone"},{"not_picked":["Mark of Pain","Snecko Eye"],"picked":"Coffee Dripper"}],"items_purged_floors":[0,39,53],"is_endless":false,"potions_floor_spawned":[2,3,13,14,16,18,19,21,23,37,41,42,46,48,54],"killed_by":"The Heart","ascension_level":0}}