{"host":"yqw1zpryoutrnocq","time":1612210709,"event":{"mods":["2.2 Compatiblity","AchievementEnabler","BaseMod","Colored Map","Custom Start","DeckTracker","Minty Spire (QoL Compilation)","StSLib","SuperFastMode"],"gold_per_floor":[109,124,124,143,143,143,157,177,251,262,262,262,437,447,447,447,447],"floor_reached":16,"language":"KOR","playtime":387,"items_purged":[],"score":122,"play_id":"f9f85e4d-96a7-4bd9-b9a6-139e1c373932","local_time":"20210201141829","is_ascension_mode":true,"campfire_choices":[{"data":"Mayhem","floor":6,"key":"SMITH"},{"floor":11,"key":"REST"},{"data":"Backstab","floor":15,"key":"SMITH"}],"circlet_count":0,"master_deck":["Strike_G","Strike_G","Strike_G","Strike_G","Strike_G","Defend_G","Defend_G","Defend_G","Defend_G","Defend_G","Survivor","Neutralize","Mayhem+1","Backstab+1","Acrobatics","Sucker Punch","Prepared","Outmaneuver","Infinite Blades","Doubt","Well Laid Plans"],"relics":["Ring of the Snake","Ninja Scroll"],"acts_visited":[],"potions_floor_usage":[7,12,12,16],"damage_taken":[{"damage":4,"enemies":"2 Louse","floor":1,"turns":2},{"damage":3,"enemies":"Jaw Worm","floor":2,"turns":4},{"damage":4,"enemies":"Cultist","floor":4,"turns":5},{"damage":1,"enemies":"Gremlin Gang","floor":7,"turns":3},{"damage":18,"enemies":"3 Louse","floor":8,"turns":3},{"damage":4,"enemies":"2 Fungi Beasts","floor":10,"turns":2},{"damage":0,"enemies":"The Mushroom Lair","floor":12,"turns":2},{"damage":7,"enemies":"Blue Slaver","floor":14,"turns":3},{"damage":33,"enemies":"The Guardian","floor":16,"turns":11}],"seed_played":"3196352089173052967","potions_obtained":[{"floor":1,"key":"Swift Potion"},{"floor":5,"key":"Explosive Potion"},{"floor":5,"key":"PowerPotion"},{"floor":7,"key":"SmokeBomb"}],"is_trial":false,"path_per_floor":["M","M","?","M","?","R","M","M","T","M","R","?","?","M","R","B"],"character_chosen":"THE_SILENT","items_purchased":[],"campfire_rested":1,"item_purchase_floors":[],"current_hp_per_floor":[41,38,43,39,39,39,38,20,20,16,38,38,38,31,31,0,0],"gold":447,"neow_bonus":"RANDOM_COLORLESS_2","is_daily":false,"chose_seed":false,"campfire_upgraded":2,"win_rate":0.0,"timestamp":1612210709,"path_taken":["M","M","?","M","?","R","M","?","T","?","R","?","?","M","R","BOSS"],"items_purchased_type":[],"build_version":"2020-12-22","purchased_purges":0,"victory":false,"max_hp_per_floor":[70,70,75,75,75,75,75,75,75,75,75,75,75,75,75,75,75],"card_choices":[{"not_picked":["Transmutation","Metamorphosis"],"picked":"Mayhem","floor":0},{"not_picked":["Prepared","Dagger Spray"],"picked":"Backstab","floor":1},{"not_picked":["Eviscerate","Heel Hook"],"picked":"Acrobatics","floor":2},{"not_picked":["Flechettes","Tactician"],"picked":"Sucker Punch","floor":4},{"not_picked":["Heel Hook","Poisoned Stab"],"picked":"Prepared","floor":7},{"not_picked":["Prepared","Blur"],"picked":"Outmaneuver","floor":8},{"not_picked":["Prepared","Poisoned Stab"],"picked":"Infinite Blades","floor":10},{"not_picked":["Blade Dance","Quick Slash"],"picked":"Well Laid Plans","floor":14}],"player_experience":255778,"relics_obtained":[{"floor":9,"key":"Ninja Scroll"}],"event_choices":[{"damage_healed":0,"gold_gain":0,"player_choice":"Donut","damage_taken":0,"max_hp_gain":5,"max_hp_loss":0,"event_name":"Big Fish","floor":3,"gold_loss":0},{"damage_healed":0,"gold_gain":0,"player_choice":"Got Potions","damage_taken":0,"max_hp_gain":0,"max_hp_loss":0,"event_name":"Lab","floor":5,"gold_loss":0},{"damage_healed":0,"gold_gain":0,"player_choice":"Fought Mushrooms","damage_taken":0,"max_hp_gain":0,"max_hp_loss":0,"event_name":"Mushrooms","floor":12,"gold_loss":0},{"damage_healed":0,"gold_gain":175,"player_choice":"AGREE","damage_taken":0,"max_hp_gain":0,"max_hp_loss":0,"event_name":"Liars Game","floor":13,"gold_loss":0,"cards_obtained":["Doubt"]}],"is_beta":false,"boss_relics":[],"items_purged_floors":[],"is_endless":false,"potions_floor_spawned":[1,7,10],"killed_by":"The Guardian","ascension_level":6}}