{"host":"dmx5z5o7si81zeeg","time":1612170150,"event":{"mods":["Act Like it!","BaseMod","Downfall","Gensokyo","Marisa£®ÏF”Í°°ƒß¿Ì…≥£©","Minty Spire (QoL Compilation)","StSLib"],"gold_per_floor":[119,119,119,119,131,163,163,163,212,225,42,52,63,63,63,158,158,158,158],"floor_reached":18,"language":"ZHS","playtime":1434,"items_purged":[],"score":185,"play_id":"cba1d87f-0e15-46f9-a2ef-c57cc095e6cc","local_time":"20210201170230","is_ascension_mode":false,"campfire_choices":[{"data":"Gensokyo:CrescentMoonSlash","floor":8,"key":"SMITH"},{"data":"EscapeVelocity","floor":15,"key":"SMITH"}],"circlet_count":0,"master_deck":["Strike_MRS","Strike_MRS","Strike_MRS","Strike_MRS","Defend_MRS","Defend_MRS","Defend_MRS","Defend_MRS","MasterSpark","UpSweep","FairyDestructionRay","MilkyWay","Gensokyo:CrescentMoonSlash+1","DarkMatter","EscapeVelocity+1","StarBarrage","Gensokyo:TarnishedGold","Gensokyo:RustyChest","MilkyWay+1","CasketOfStar"],"relics":["BewitchedHakkero","NeowsBlessing","Gensokyo:Justice","Toxic Egg 2","Gensokyo:CelestialsFlawlessClothing","Gensokyo:MarisaIngredientList","Strawberry"],"acts_visited":["Gensokyo:Gensokyo","TheCity"],"potions_floor_usage":[],"damage_taken":[{"damage":0,"enemies":"Gensokyo:2_Kodama","floor":1,"turns":1},{"damage":0,"enemies":"Gensokyo:Gryphon","floor":5,"turns":1},{"damage":0,"enemies":"Gensokyo:Aya","floor":6,"turns":1},{"damage":0,"enemies":"Gensokyo:3_Fairies","floor":10,"turns":2},{"damage":23,"enemies":"Gensokyo:2_Rabbits","floor":12,"turns":5},{"damage":0,"enemies":"Gensokyo:LivingMonolith","floor":13,"turns":3},{"damage":7,"enemies":"Gensokyo:Reimu","floor":16,"turns":10},{"damage":0,"enemies":"Shell Parasite","floor":18,"turns":1}],"seed_played":"-6600595750527593439","potions_obtained":[{"floor":1,"key":"ColorlessPotion"},{"floor":6,"key":"GamblersBrew"},{"floor":10,"key":"EssenceOfSteel"},{"floor":16,"key":"Energy Potion"}],"is_trial":false,"path_per_floor":["M","?","?","?","M","E","?","R","T","M","COS","M","M","?","R","B",null,"M"],"character_chosen":"MARISA","items_purchased":[],"campfire_rested":0,"item_purchase_floors":[],"current_hp_per_floor":[75,75,75,64,64,64,46,46,46,46,46,23,23,23,23,23,82,82,82],"gold":158,"neow_bonus":"THREE_ENEMY_KILL","is_daily":false,"chose_seed":false,"campfire_upgraded":2,"win_rate":0.0,"timestamp":1612170150,"path_taken":["M","?","?","?","M","E","?","R","T","?","COS","M","M","?","R","BOSS","M"],"items_purchased_type":[],"build_version":"2020-12-22","purchased_purges":0,"victory":false,"max_hp_per_floor":[75,75,75,75,75,75,75,75,75,75,75,75,75,75,75,82,82,82,82],"card_choices":[{"not_picked":["GrandCross","DarkSpark"],"picked":"FairyDestructionRay","floor":1},{"not_picked":["NonDirectionalLaser","ChargeUpSpray"],"picked":"MilkyWay","floor":2},{"not_picked":["OpenUniverse","UnstableBomb"],"picked":"EnergyRecoil","floor":2},{"not_picked":["WitchOfGreed","MeteoricShower"],"picked":"DarkMatter","floor":5},{"not_picked":["LuminesStrike","ManaConvection+1"],"picked":"EscapeVelocity","floor":6},{"not_picked":["DoubleSpark","LuminesStrike"],"picked":"StarBarrage","floor":10},{"not_picked":["WitchOfGreed","EnergyRecoil+1"],"picked":"MilkyWay+1","floor":12},{"not_picked":["WitchLeyline","DarkSpark","UnstableBomb"],"picked":"SKIP","floor":13},{"not_picked":["StarDustReverie+1","BinaryStars+1"],"picked":"CasketOfStar","floor":16}],"player_experience":129503,"relics_obtained":[{"floor":6,"key":"Toxic Egg 2"}],"event_choices":[],"is_beta":false,"boss_relics":[{"not_picked":["SacredBark","Philosopher\u0027s Stone"],"picked":"BewitchedHakkero"}],"items_purged_floors":[],"is_endless":false,"potions_floor_spawned":[1,6,10,16],"killed_by":"Shell Parasite","ascension_level":0}}