{"host":"w8jq41i5zn1fudf9","time":1612163685,"event":{"mods":["AchievementEnabler","BaseMod","Colored Map","Colored Powertips","Curses Come First","GifTheSpireLib","Googly Eyes","Minty Spire (QoL Compilation)","Quick Restart","Rare Cards Sparkle","Relic Stats","StSLib","The Awakened One except there are too many feathers","egg","everything is the same but u backflip on backflip","slay the spire mod where everything is the same but ironclad has a cowboy hat"],"gold_per_floor":[111,111,125,144,158,158,158,175,175,208,220,243,255,296,308,320,320],"floor_reached":16,"language":"ENG","playtime":602,"items_purged":[],"score":134,"play_id":"db1208c4-6168-4f4d-90f6-fe163a4bc2b7","local_time":"20210201001445","is_ascension_mode":true,"campfire_choices":[{"data":"Dualcast","floor":6,"key":"SMITH"},{"data":"Rip and Tear","floor":13,"key":"SMITH"},{"floor":15,"key":"REST"}],"circlet_count":0,"master_deck":["Strike_B","Strike_B","Strike_B","Strike_B","Defend_B","Defend_B","Defend_B","Defend_B","Zap+1","Dualcast+1","Ball Lightning","BootSequence","Conserve Battery","Core Surge+1","Rip and Tear+1","Melter"],"relics":["Cracked Core","Art of War","Bag of Marbles","MawBank","HornCleat"],"acts_visited":["Exordium"],"potions_floor_usage":[10,14,14,16],"damage_taken":[{"damage":7,"enemies":"Jaw Worm","floor":1,"turns":4},{"damage":0,"enemies":"Cultist","floor":3,"turns":3},{"damage":0,"enemies":"2 Louse","floor":4,"turns":2},{"damage":23,"enemies":"Large Slime","floor":5,"turns":5},{"damage":3,"enemies":"3 Louse","floor":8,"turns":3},{"damage":3,"enemies":"Gremlin Nob","floor":10,"turns":3},{"damage":0,"enemies":"Blue Slaver","floor":12,"turns":3},{"damage":20,"enemies":"Lagavulin","floor":14,"turns":4},{"damage":47,"enemies":"The Guardian","floor":16,"turns":7}],"seed_played":"-4075623682239663536","potions_obtained":[{"floor":3,"key":"EssenceOfSteel"},{"floor":8,"key":"Strength Potion"},{"floor":10,"key":"Strength Potion"},{"floor":12,"key":"DuplicationPotion"},{"floor":14,"key":"Explosive Potion"}],"is_trial":false,"path_per_floor":["M","?","M","M","M","R","$","M","T","E","?","M","R","E","R","B"],"character_chosen":"DEFECT","items_purchased":[],"campfire_rested":1,"item_purchase_floors":[],"current_hp_per_floor":[68,68,68,68,45,45,45,42,42,39,39,39,39,19,41,0,0],"gold":320,"neow_bonus":"RANDOM_COMMON_RELIC","is_daily":false,"chose_seed":false,"campfire_upgraded":2,"win_rate":0.0,"timestamp":1612163685,"path_taken":["M","?","M","M","?","R","$","M","T","E","?","M","R","E","R","BOSS"],"items_purchased_type":[],"build_version":"2020-12-22","purchased_purges":0,"victory":false,"max_hp_per_floor":[75,75,75,75,75,75,75,75,75,75,75,75,75,75,75,75,75],"relic_stats":{"counters":[9,34],"Art of War":[3],"MawBank":72,"obtain_stats":[{"HornCleat":14,"Art of War":0,"Bag of Marbles":9,"Cracked Core":0,"MawBank":10},{"HornCleat":8,"Art of War":0,"Bag of Marbles":5,"Cracked Core":0,"MawBank":6},{"HornCleat":27,"Art of War":0,"Bag of Marbles":17,"Cracked Core":0,"MawBank":20}]},"card_choices":[{"not_picked":["Compile Driver","Go for the Eyes"],"picked":"Ball Lightning","floor":1},{"not_picked":["Beam Cell","Capacitor"],"picked":"BootSequence","floor":3},{"not_picked":["Streamline","Go for the Eyes","Genetic Algorithm"],"picked":"SKIP","floor":4},{"not_picked":["Heatsinks","Tempest","Beam Cell"],"picked":"SKIP","floor":5},{"not_picked":["Stack","Turbo"],"picked":"Conserve Battery","floor":8},{"not_picked":["Coolheaded","Cold Snap"],"picked":"Core Surge","floor":10},{"not_picked":["Stack","Self Repair"],"picked":"Rip and Tear","floor":12},{"not_picked":["Conserve Battery","Redo"],"picked":"Melter","floor":14}],"player_experience":77826,"relics_obtained":[{"floor":9,"key":"Bag of Marbles"},{"floor":10,"key":"MawBank"},{"floor":14,"key":"HornCleat"}],"event_choices":[{"damage_healed":0,"gold_gain":0,"player_choice":"Upgraded","damage_taken":0,"max_hp_gain":0,"max_hp_loss":0,"event_name":"Upgrade Shrine","floor":2,"gold_loss":0,"cards_upgraded":["Zap"]},{"damage_healed":0,"gold_gain":0,"player_choice":"Grow","damage_taken":0,"max_hp_gain":0,"max_hp_loss":0,"event_name":"Living Wall","floor":11,"gold_loss":0,"cards_upgraded":["Core Surge"]}],"is_beta":false,"boss_relics":[],"items_purged_floors":[],"is_endless":false,"potions_floor_spawned":[3,8,10,12,14],"killed_by":"The Guardian","ascension_level":4}}