{"host":"z5bn7jsck728mmiq","time":1612168556,"event":{"mods":["BaseMod","Bestiary","DeckTracker","Minty Spire (QoL Compilation)","StSLib"],"gold_per_floor":[117,117,90,165,181,181,129,129,129,129,159,178,178,198,198,298,298,316,74,149,163,163,163],"floor_reached":22,"language":"ENG","playtime":530,"items_purged":[],"score":172,"play_id":"dc599b70-3273-4c0a-ad1c-677326202aae","local_time":"20210201003556","is_ascension_mode":false,"campfire_choices":[{"data":"Eruption","floor":6,"key":"SMITH"},{"data":"PathToVictory","floor":8,"key":"SMITH"},{"data":"Halt","floor":10,"key":"SMITH"},{"data":"SandsOfTime","floor":13,"key":"SMITH"},{"floor":15,"key":"REST"}],"circlet_count":0,"master_deck":["Strike_P","Strike_P","Defend_P","Defend_P+1","Defend_P","Defend_P+1","Eruption+1","Halt+1","Vengeance","PathToVictory+1","SandsOfTime+1","SashWhip","LessonLearned","CurseOfTheBell","SignatureMove","Ragnarok","ThirdEye"],"relics":["PureWater","Frozen Egg 2","Calling Bell","Dream Catcher","Letter Opener","TungstenRod"],"acts_visited":["Exordium","TheCity"],"potions_floor_usage":[5,16,18,21,21],"damage_taken":[{"damage":0,"enemies":"Small Slimes","floor":1,"turns":2},{"damage":6,"enemies":"Jaw Worm","floor":5,"turns":4},{"damage":0,"enemies":"Cultist","floor":12,"turns":2},{"damage":9,"enemies":"3 Louse","floor":14,"turns":3},{"damage":32,"enemies":"The Guardian","floor":16,"turns":6},{"damage":23,"enemies":"3 Byrds","floor":18,"turns":6},{"damage":19,"enemies":"2 Thieves","floor":21,"turns":3},{"damage":45,"enemies":"Centurion and Healer","floor":22,"turns":4}],"seed_played":"-1819958619598797494","potions_obtained":[{"floor":1,"key":"Explosive Potion"},{"floor":5,"key":"DistilledChaos"},{"floor":16,"key":"Energy Potion"},{"floor":18,"key":"Regen Potion"}],"is_trial":false,"path_per_floor":["M","?","$","?","M","R","$","R","T","R","?","M","R","M","R","B",null,"M","$","?","M","M"],"character_chosen":"WATCHER","items_purchased":["Halt","PathToVictory","Ragnarok","Ambrosia"],"campfire_rested":1,"item_purchase_floors":[3,7,19,19],"current_hp_per_floor":[65,58,58,47,41,41,41,41,41,41,41,41,41,32,51,19,65,42,42,37,27,0,0],"gold":163,"neow_bonus":"REMOVE_TWO","is_daily":false,"chose_seed":false,"campfire_upgraded":4,"win_rate":0.0,"timestamp":1612168556,"path_taken":["M","?","$","?","M","R","$","R","T","R","?","M","R","M","R","BOSS","M","$","?","?","M"],"items_purchased_type":["Card","Card","Card","Potion"],"build_version":"2020-12-22","purchased_purges":0,"victory":false,"max_hp_per_floor":[65,65,65,65,65,65,65,65,65,65,65,65,65,65,65,65,65,65,65,65,65,65,65],"card_choices":[{"not_picked":["MentalFortress","FollowUp","Consecrate"],"picked":"SKIP","floor":1},{"not_picked":["CrushJoints","PathToVictory"],"picked":"Vengeance","floor":5},{"not_picked":["BowlingBash","Weave"],"picked":"SandsOfTime","floor":12},{"not_picked":["LikeWater+1","ConjureBlade"],"picked":"SashWhip","floor":14},{"not_picked":["Vault","Establishment+1"],"picked":"LessonLearned","floor":16},{"not_picked":["Adaptation+1","EmptyFist+1"],"picked":"SignatureMove","floor":18},{"not_picked":["Adaptation+1","InnerPeace"],"picked":"ThirdEye","floor":21}],"player_experience":89732,"relics_obtained":[{"floor":9,"key":"Frozen Egg 2"},{"floor":17,"key":"Dream Catcher"},{"floor":17,"key":"Letter Opener"},{"floor":17,"key":"TungstenRod"}],"event_choices":[{"cards_removed":["Strike_P"],"damage_healed":0,"gold_gain":0,"player_choice":"Card Removal","damage_taken":7,"max_hp_gain":0,"max_hp_loss":0,"event_name":"Golden Wing","floor":2,"gold_loss":0},{"damage_healed":0,"gold_gain":75,"player_choice":"Gather Gold","damage_taken":11,"max_hp_gain":0,"max_hp_loss":0,"event_name":"World of Goop","floor":4,"gold_loss":0},{"damage_healed":0,"gold_gain":30,"player_choice":"Searched \u00271\u0027 times","damage_taken":0,"max_hp_gain":0,"max_hp_loss":0,"event_name":"Dead Adventurer","floor":11,"gold_loss":0},{"damage_healed":0,"gold_gain":75,"player_choice":"Touch","damage_taken":6,"max_hp_gain":0,"max_hp_loss":0,"event_name":"FaceTrader","floor":20,"gold_loss":0}],"is_beta":false,"boss_relics":[{"not_picked":["Pandora\u0027s Box","VioletLotus"],"picked":"Calling Bell"}],"items_purged_floors":[],"is_endless":false,"potions_floor_spawned":[1,5,16,18],"killed_by":"Centurion and Healer","ascension_level":0}}