{"host":"rxio6krf4h2xy923","time":1612190108,"event":{"mods":["Act Like it!","Arknights","BaseMod","Colored Powertips","Hallownest","Lobotomy","LobotomyExtend","Minty Spire (QoL Compilation)","StSLib","The Administrix","Waifu the Spire","WarShipGirlsR/’ΩΩ¢…Ÿ≈ÆR mod"],"gold_per_floor":[112,123,21,21,21,53,72,72,72,91,106,106,184,218,218,322,322,352,41,73,104,133,133,133,133],"floor_reached":24,"language":"ZHS","playtime":1756,"items_purged":[],"score":258,"play_id":"1e75f411-b713-4d28-bd43-1d212fdfd399","local_time":"20210201223508","is_ascension_mode":false,"campfire_choices":[{"data":"rmod:expedition","floor":8.0,"key":"SMITH"},{"data":"rmod:maingunfire","floor":12.0,"key":"SMITH"},{"data":"rmod:rockthrower","floor":15.0,"key":"SMITH"},{"floor":23,"key":"REST"}],"circlet_count":0,"master_deck":["QueenOfHatred","rmod:strick","rmod:strick","rmod:strick","rmod:defend","rmod:defend","rmod:defend","rmod:defend","rmod:basicallowance","rmod:maingunfire+1","rmod:launchingtorpedo","rmod:expedition+1","rmod:rockthrower+1","Scarecrow","rmod:openingtorpedo","Wellcheers","rmod:supportaircraftcarrier","BigBadWolf","rmod:smokecover","Laetitia","rmod:intelligenceanalysis","rmod:secretscript","DespairKnight","rmod:generalist","Murderer","rmod:secretscript","rmod:mineteam+1","OldLady","Freischutz","rmod:heivgo"],"relics":["rmod:firstchargereward","CogitoBucket","LetterFromLob","Letter Opener","Potion Belt","Shuriken","LuminousBracelet","CeramicFish","Cursed Key","InTheNameOfLoveAndHate_r","rmod:quickrepair","AdjustmentMirror","MagicBullet_r"],"acts_visited":["Exordium","TheCity"],"potions_floor_usage":[16,18,18],"damage_taken":[{"damage":0.0,"enemies":"Cultist","floor":1.0,"turns":4.0},{"damage":0.0,"enemies":"Jaw Worm","floor":2.0,"turns":4.0},{"damage":12.0,"enemies":"Lagavulin","floor":6.0,"turns":5.0},{"damage":5.0,"enemies":"2 Louse","floor":7.0,"turns":3.0},{"damage":18.0,"enemies":"Large Slime","floor":10.0,"turns":6.0},{"damage":10.0,"enemies":"Blue Slaver","floor":11.0,"turns":5.0},{"damage":0.0,"enemies":"Gremlin Nob","floor":14.0,"turns":3.0},{"damage":56,"enemies":"Hexaghost","floor":16,"turns":10},{"damage":38,"enemies":"Shell Parasite","floor":18,"turns":7},{"damage":26,"enemies":"Chosen","floor":20,"turns":5},{"damage":41,"enemies":"Shelled Parasite and Fungi","floor":21,"turns":3},{"damage":18,"enemies":"Centurion and Healer","floor":22,"turns":6},{"damage":96,"enemies":"Book of Stabbing","floor":24,"turns":3}],"seed_played":"-3010790939530589611","potions_obtained":[{"floor":1.0,"key":"Weak Potion"},{"floor":2.0,"key":"Fruit Juice"},{"floor":7.0,"key":"Fire Potion"},{"floor":10.0,"key":"Weak Potion"},{"floor":16,"key":"Dexterity Potion"},{"floor":18,"key":"AttackPotion"},{"floor":20,"key":"SpeedPotion"}],"is_trial":false,"path_per_floor":["M","M","$","T","?","E","M","R","T","M","M","R","?","E","R","B",null,"M","$","M","M","M","R","E"],"character_chosen":"PRAEFECT","items_purchased":["rmod:expedition","rmod:rockthrower","rmod:quickrepair"],"campfire_rested":1,"item_purchase_floors":[3,3,19],"current_hp_per_floor":[75,80,80,80,80,68,63,63,63,61,78,78,78,81,81,87,95,95,95,71,52,57,85,0,0],"gold":133,"neow_bonus":"","is_daily":false,"chose_seed":false,"campfire_upgraded":3,"win_rate":0.0,"timestamp":1612190108,"path_taken":["M","?","?","?","?","E","M","R","T","M","M","R","?","E","R","BOSS","M","$","M","M","M","R","E"],"items_purchased_type":["Card","Card","Relic"],"build_version":"2020-12-22","purchased_purges":0,"victory":false,"max_hp_per_floor":[75,80,80,80,80,80,80,80,80,80,95,95,95,95,95,95,95,95,95,95,95,95,95,95,95],"card_choices":[{"not_picked":["Bloodbath","PunishingBird"],"picked":"QueenOfHatred","floor":1.0},{"not_picked":["rmod:unsinkable","rmod:fletcherpendant","rmod:aluminumsupply"],"picked":"SKIP","floor":1.0},{"not_picked":["rmod:goodfighter","rmod:unsinkable"],"picked":"rmod:launchingtorpedo","floor":2.0},{"not_picked":["Scorched","QueenBee"],"picked":"Scarecrow","floor":6.0},{"not_picked":["rmod:aviationdawn","rmod:luckystar"],"picked":"rmod:openingtorpedo","floor":6.0},{"not_picked":["Yin","WallGazer"],"picked":"Wellcheers","floor":7.0},{"not_picked":["rmod:aviationdawn","rmod:circuitoustactics"],"picked":"rmod:supportaircraftcarrier","floor":7.0},{"not_picked":["FairyFestival","ShyLook"],"picked":"BigBadWolf","floor":10.0},{"not_picked":["rmod:unsinkable","rmod:gendarmerie"],"picked":"rmod:smokecover","floor":10.0},{"not_picked":["rmod:goodsister","rmod:firesupport","rmod:unsinkable"],"picked":"SKIP","floor":11.0},{"not_picked":["Alriune","OSAHOGD"],"picked":"Laetitia","floor":14.0},{"not_picked":["rmod:rockthrower","rmod:sl"],"picked":"rmod:intelligenceanalysis","floor":14.0},{"not_picked":["rmod:fletcher","rmod:u235"],"picked":"rmod:secretscript","floor":16},{"not_picked":["HeroicMonk","HappyTeddy"],"picked":"DespairKnight","floor":18},{"not_picked":["rmod:goodsister","rmod:firesupport"],"picked":"rmod:generalist","floor":18},{"not_picked":["DreamingCurrent","UniverseFragment"],"picked":"Murderer","floor":20},{"not_picked":["rmod:openingtorpedo","rmod:ammunitionsupply+1"],"picked":"rmod:secretscript","floor":20},{"not_picked":["rmod:diamondstrike","rmod:fletcherpendant"],"picked":"rmod:mineteam+1","floor":21},{"not_picked":["Bloodbath","NakedNest"],"picked":"OldLady","floor":21},{"not_picked":["Alriune","RedShoes"],"picked":"Freischutz","floor":22},{"not_picked":["rmod:diamondstrike","rmod:aviationdawn"],"picked":"rmod:heivgo","floor":22}],"player_experience":50425,"relics_obtained":[{"floor":1.0,"key":"LetterFromLob"},{"floor":4.0,"key":"Letter Opener"},{"floor":6.0,"key":"Potion Belt"},{"floor":9.0,"key":"Shuriken"},{"floor":14.0,"key":"CeramicFish"}],"event_choices":[{"cards_removed":["rmod:strick"],"damage_healed":0.0,"max_hp_gain":0.0,"max_hp_loss":0.0,"gold_gain":0.0,"event_name":"Bonfire Elementals","player_choice":"Offered Basic","floor":5.0,"gold_loss":0.0,"damage_taken":0.0},{"damage_healed":0.0,"max_hp_gain":0.0,"max_hp_loss":0.0,"gold_gain":78.0,"event_name":"Golden Wing","player_choice":"Gained Gold","floor":13.0,"gold_loss":0.0,"damage_taken":0.0}],"is_beta":false,"boss_relics":[{"not_picked":["SlaversCollar","Empty Cage"],"picked":"Cursed Key"}],"items_purged_floors":[],"is_endless":false,"potions_floor_spawned":[1,2,7,10,16,18,20],"killed_by":"Book of Stabbing","ascension_level":0}}