{"host":"neeznpvpgo0qgfkd","time":1612149159,"event":{"mods":["AchievementEnabler","BaseMod","BetterRewards","Colored Map","Colored Powertips","Exacting","Minty Spire (QoL Compilation)","Permanent Neow","Quick Restart","Shop Mod"],"gold_per_floor":[127,127,142,217,59,89,36,90,90,136,163,191,201,232,232,306,306,324,324,524,534,566,591,591,642,642,642,642,671,704,722,722,801,801,818,850,850,865,879,914,926,972,995,995,995,995],"floor_reached":45,"language":"ENG","playtime":2475,"items_purged":[],"score":1758,"play_id":"7cff1c2f-4250-44b6-a86c-5cce7140644c","local_time":"20210131221239","is_ascension_mode":true,"campfire_choices":[{"floor":15.0,"key":"REST"},{"data":"Accuracy","floor":24.0,"key":"SMITH"},{"data":"Flying Knee","floor":27.0,"key":"SMITH"},{"floor":32.0,"key":"REST"}],"circlet_count":0,"master_deck":["AscendersBane","Strike_G+1","Strike_G+1","Strike_G+1","Strike_G+1","Strike_G+1","Defend_G+1","Defend_G+1","Defend_G+1","Defend_G+1","Defend_G+1","Survivor","Neutralize","Cloak And Dagger+1","Violence+1","Backstab","Blade Dance+1","Flying Knee+1","A Thousand Cuts","Backstab","Adrenaline+1","Flying Knee","Bouncing Flask+1","Cloak And Dagger+1","Backflip+1","Phantasmal Killer+1","Prepared+1","Necronomicurse","Backstab","Accuracy+1","Cloak And Dagger+1","Reflex+1","Venomology+1","Envenom","Tactician+1","Blade Dance+1","Finisher+1","Madness+1","Madness+1","Parasite","Dash+1","Backstab+1","Dash+1","Trip+1"],"relics":["Ring of the Snake","Toxic Egg 2","Gremlin Horn","CaptainsWheel","Art of War","TwistedFunnel","Mango","Letter Opener","Bottled Flame","Whetstone","The Courier","SlaversCollar","Necronomicon","Shuriken","Unceasing Top","Molten Egg 2","Red Mask","Bronze Scales","Black Star","Omamori","Mercury Hourglass","Snake Skull","Bottled Tornado","Ancient Tea Set"],"acts_visited":["TheCity","TheBeyond"],"potions_floor_usage":[40,40,45,45],"damage_taken":[{"damage":0.0,"enemies":"2 Louse","floor":1.0,"turns":2.0},{"damage":0.0,"enemies":"Jaw Worm","floor":3.0,"turns":3.0},{"damage":15.0,"enemies":"Lagavulin","floor":6.0,"turns":6.0},{"damage":11.0,"enemies":"Gremlin Nob","floor":8.0,"turns":3.0},{"damage":0.0,"enemies":"3 Sentries","floor":10.0,"turns":5.0},{"damage":0.0,"enemies":"Cultist","floor":11.0,"turns":1.0},{"damage":0.0,"enemies":"Exordium Wildlife","floor":12.0,"turns":1.0},{"damage":0.0,"enemies":"Blue Slaver","floor":13.0,"turns":2.0},{"damage":0.0,"enemies":"Gremlin Nob","floor":14.0,"turns":3.0},{"damage":9.0,"enemies":"Slime Boss","floor":16.0,"turns":6.0},{"damage":0.0,"enemies":"3 Byrds","floor":18.0,"turns":3.0},{"damage":0.0,"enemies":"Spheric Guardian","floor":21.0,"turns":2.0},{"damage":5.0,"enemies":"Cultist and Chosen","floor":22.0,"turns":5.0},{"damage":0.0,"enemies":"Slavers","floor":23.0,"turns":2.0},{"damage":0.0,"enemies":"Gremlin Leader","floor":25.0,"turns":4.0},{"damage":0.0,"enemies":"Masked Bandits","floor":29.0,"turns":2.0},{"damage":12.0,"enemies":"Book of Stabbing","floor":30.0,"turns":3.0},{"damage":0.0,"enemies":"Snecko","floor":31.0,"turns":2.0},{"damage":3.0,"enemies":"Champ","floor":33.0,"turns":6.0},{"damage":25.0,"enemies":"3 Darklings","floor":35.0,"turns":3.0},{"damage":6.0,"enemies":"3 Shapes","floor":36.0,"turns":3.0},{"damage":6.0,"enemies":"Sphere and 2 Shapes","floor":38.0,"turns":3.0},{"damage":10,"enemies":"Writhing Mass","floor":39,"turns":4},{"damage":0,"enemies":"Reptomancer","floor":40,"turns":3},{"damage":0,"enemies":"Jaw Worm Horde","floor":41,"turns":2},{"damage":31,"enemies":"Nemesis","floor":42,"turns":4},{"damage":24,"enemies":"Reptomancer","floor":45,"turns":2}],"seed_played":"-5905989453090665861","potions_obtained":[{"floor":6.0,"key":"Strength Potion"},{"floor":8.0,"key":"AttackPotion"},{"floor":10.0,"key":"PowerPotion"},{"floor":11.0,"key":"PowerPotion"},{"floor":12.0,"key":"BlessingOfTheForge"},{"floor":16.0,"key":"FearPotion"},{"floor":18.0,"key":"GhostInAJar"},{"floor":23.0,"key":"BlessingOfTheForge"},{"floor":30.0,"key":"Weak Potion"},{"floor":36.0,"key":"SkillPotion"},{"floor":39,"key":"Block Potion"},{"floor":39,"key":"Poison Potion"},{"floor":42,"key":"DuplicationPotion"}],"is_trial":false,"path_per_floor":["M","?","M","?","$","E","?","E","T","E","M","M","M","E","R","B",null,"M","?","?","M","M","E","R","E","T","R","?","?","E","M","R","B",null,"M","M","?","M","M","E","M","E","T","?","E"],"character_chosen":"THE_SILENT","items_purchased":["Toxic Egg 2","Gremlin Horn","Cloak And Dagger+1","Violence+1","Backstab","TwistedFunnel"],"campfire_rested":2,"item_purchase_floors":[0,0,0,0,0,5],"current_hp_per_floor":[59,48,48,37,37,36,36,25,25,25,25,37,37,37,61,52,73,80,59,59,59,54,54,54,54,54,54,54,54,42,42,66,63,76,51,45,31,25,15,15,15,24,24,24,0,0],"gold":995,"neow_bonus":"","is_daily":false,"chose_seed":false,"campfire_upgraded":2,"win_rate":0.0,"timestamp":1612149159,"path_taken":["M","?","M","?","$","E","?","E","T","E","M","?","M","E","R","BOSS","M","?","?","M","?","E","R","E","T","R","?","?","E","M","R","BOSS","M","M","?","M","M","E","M","E","T","?","E"],"items_purchased_type":["Relic","Relic","Card","Card","Card","Relic"],"build_version":"2020-12-22","purchased_purges":0,"victory":false,"max_hp_per_floor":[66,66,66,66,66,80,80,80,80,80,80,80,80,80,80,80,80,80,80,80,80,80,80,80,80,80,80,80,80,80,80,80,80,80,80,80,80,80,80,80,80,80,80,80,80,80],"card_choices":[{"not_picked":["Bane","Setup+1"],"picked":"Blade Dance+1","floor":1.0},{"not_picked":["Acrobatics+1","Deadly Poison+1"],"picked":"Flying Knee","floor":3.0},{"not_picked":["Bouncing Flask+1","Setup+1"],"picked":"A Thousand Cuts","floor":6.0},{"not_picked":["Calculated Gamble+1","Acrobatics+1"],"picked":"Backstab","floor":8.0},{"not_picked":["Bane","Dagger Throw"],"picked":"Adrenaline+1","floor":10.0},{"not_picked":["Reflex+1","Crippling Poison+1"],"picked":"Flying Knee","floor":11.0},{"not_picked":["Deadly Poison+1","Sucker Punch"],"picked":"Bouncing Flask+1","floor":12.0},{"not_picked":["Dagger Throw","Unload"],"picked":"Cloak And Dagger+1","floor":13.0},{"not_picked":["Sucker Punch","Flying Knee"],"picked":"Backflip+1","floor":14.0},{"not_picked":["Malaise+1","Bullet Time+1"],"picked":"Phantasmal Killer+1","floor":16.0},{"not_picked":["Endless Agony+1","Reflex+1"],"picked":"Prepared+1","floor":18.0},{"not_picked":["PiercingWail+1","Backflip+1"],"picked":"Backstab","floor":21.0},{"not_picked":["Blade Dance+1","Deflect+1"],"picked":"Accuracy","floor":22.0},{"not_picked":["Catalyst+1","Deflect+1","Leg Sweep+1"],"picked":"SKIP","floor":23.0},{"not_picked":["Infinite Blades","Distraction+1"],"picked":"Cloak And Dagger+1","floor":25.0},{"not_picked":["Bane+1","Prepared+1"],"picked":"Reflex+1","floor":29.0},{"not_picked":["Bane+1","Heel Hook+1"],"picked":"Venomology+1","floor":30.0},{"not_picked":["Quick Slash+1","Flying Knee+1","Poisoned Stab+1"],"picked":"SKIP","floor":31.0},{"not_picked":["Wraith Form v2","Adrenaline+1"],"picked":"Envenom","floor":33.0},{"not_picked":["Cloak And Dagger+1","Prepared+1"],"picked":"Tactician+1","floor":35.0},{"not_picked":["Acrobatics+1","Prepared+1"],"picked":"Blade Dance+1","floor":35.0},{"not_picked":["Escape Plan+1","Acrobatics+1"],"picked":"Finisher+1","floor":36.0},{"not_picked":["Flying Knee+1","Blur+1","Crippling Poison+1"],"picked":"SKIP","floor":38.0},{"not_picked":["Sucker Punch+1","Blur+1","Acrobatics+1"],"picked":"SKIP","floor":39},{"not_picked":["Prepared+1","Deadly Poison+1"],"picked":"Dash+1","floor":40},{"not_picked":["Bane+1","Deflect+1"],"picked":"Backstab+1","floor":41},{"not_picked":["Backflip+1","Dodge and Roll+1"],"picked":"Dash+1","floor":42},{"not_picked":["Jack Of All Trades+1","Magnetism"],"picked":"Trip+1","floor":44}],"player_experience":1954655,"relics_obtained":[{"floor":6.0,"key":"Mango"},{"floor":8.0,"key":"Bottled Flame"},{"floor":10.0,"key":"Whetstone"},{"floor":14.0,"key":"The Courier"},{"floor":19.0,"key":"Necronomicon"},{"floor":23.0,"key":"Shuriken"},{"floor":25.0,"key":"Unceasing Top"},{"floor":26.0,"key":"Molten Egg 2"},{"floor":29.0,"key":"Red Mask"},{"floor":30.0,"key":"Bronze Scales"},{"floor":40,"key":"Omamori"},{"floor":40,"key":"Mercury Hourglass"},{"floor":42,"key":"Snake Skull"},{"floor":42,"key":"Bottled Tornado"},{"floor":43,"key":"Ancient Tea Set"}],"event_choices":[{"damage_healed":0.0,"max_hp_gain":0.0,"max_hp_loss":0.0,"gold_gain":0.0,"event_name":"Scrap Ooze","player_choice":"Success","floor":2.0,"gold_loss":0.0,"damage_taken":11.0,"relics_obtained":["Art of War"]},{"damage_healed":0.0,"max_hp_gain":0.0,"max_hp_loss":0.0,"gold_gain":75.0,"event_name":"World of Goop","player_choice":"Gather Gold","floor":4.0,"gold_loss":0.0,"damage_taken":11.0},{"damage_healed":0.0,"max_hp_gain":0.0,"max_hp_loss":0.0,"gold_gain":0.0,"event_name":"WeMeetAgain","player_choice":"Paid Gold","floor":7.0,"gold_loss":53.0,"damage_taken":0.0,"relics_obtained":["Letter Opener"]},{"damage_healed":0.0,"max_hp_gain":0.0,"max_hp_loss":0.0,"gold_gain":0.0,"event_name":"Cursed Tome","player_choice":"Obtained Book","floor":19.0,"gold_loss":0.0,"damage_taken":21.0},{"damage_healed":0.0,"max_hp_gain":0.0,"max_hp_loss":0.0,"gold_gain":200.0,"event_name":"Wheel of Change","player_choice":"Gold","floor":20.0,"gold_loss":0.0,"damage_taken":0.0},{"damage_healed":0.0,"max_hp_gain":0.0,"max_hp_loss":0.0,"gold_gain":0.0,"event_name":"Back to Basics","player_choice":"Simplicity","floor":28.0,"gold_loss":0.0,"damage_taken":0.0,"cards_upgraded":["Strike_G","Strike_G","Strike_G","Defend_G","Defend_G","Defend_G","Defend_G","Defend_G"]},{"damage_healed":0.0,"max_hp_gain":0.0,"max_hp_loss":0.0,"gold_gain":0.0,"event_name":"Masked Bandits","player_choice":"Fought Bandits","floor":29.0,"gold_loss":0.0,"damage_taken":0.0},{"damage_healed":0.0,"max_hp_gain":0.0,"max_hp_loss":0.0,"gold_gain":0.0,"event_name":"Winding Halls","player_choice":"Embrace Madness","floor":37.0,"gold_loss":0.0,"damage_taken":14.0,"cards_obtained":["Madness","Madness"]},{"damage_healed":0,"gold_gain":0,"player_choice":"Memory 1","damage_taken":0,"max_hp_gain":0,"max_hp_loss":0,"event_name":"SensoryStone","floor":44,"gold_loss":0}],"is_beta":false,"boss_relics":[{"not_picked":["Cursed Key","Velvet Choker"],"picked":"SlaversCollar"},{"not_picked":["Astrolabe","Tiny House"],"picked":"Black Star"}],"items_purged_floors":[],"is_endless":false,"potions_floor_spawned":[6,8,11,12,13,18,22,25,30,36,39,42],"killed_by":"Reptomancer","ascension_level":19}}