{"host":"6p0attdrtjqaih7v","time":1612148578,"event":{"mods":["2.2 Compatiblity","AchievementEnabler","Bard","BaseMod","Better Skull","Better Third Choice","Colored Powertips","Downfall","Hermit","Highlight Path","Key Reminder","Minty Spire (QoL Compilation)","Permanent Neow","Quick Restart","Random Character Button","Relic Stats","Replay The Spire","Robot Space Explorer","StSLib","The Witch"],"gold_per_floor":[109,124,124,144,156,191,191,191,191],"floor_reached":8,"language":"ENG","playtime":339,"items_purged":[],"score":116,"play_id":"8c14e9e0-f484-4242-95ab-af78ebb670b8","local_time":"20210131220258","is_ascension_mode":true,"campfire_choices":[{"data":"hermit:Snapshot","floor":7,"key":"SMITH"}],"circlet_count":0,"master_deck":["AscendersBane","hermit:Strike_Hermit","hermit:Strike_Hermit","hermit:Strike_Hermit","hermit:Strike_Hermit","hermit:Defend_Hermit","hermit:Defend_Hermit","hermit:Defend_Hermit","hermit:Defend_Hermit","hermit:Snapshot+1","hermit:Covet","hermit:GhostlyPresence","hermit:Manifest","Regret","hermit:Horror","hermit:FlashPowder","hermit:CursedWeapon"],"relics":["SlaversCollar","Divine Protection","ReplayTheSpireMod:Ninjato"],"acts_visited":["Exordium"],"potions_floor_usage":[5],"damage_taken":[{"damage":2,"enemies":"Jaw Worm","floor":1,"turns":3},{"damage":0,"enemies":"2 Louse","floor":2,"turns":2},{"damage":0,"enemies":"Cultist","floor":4,"turns":4},{"damage":3,"enemies":"3 Louse","floor":5,"turns":5},{"damage":19,"enemies":"3 Sentries","floor":6,"turns":10},{"damage":40,"enemies":"Gremlin Nob","floor":8,"turns":4}],"seed_played":"7909897047268481966","potions_obtained":[{"floor":1,"key":"Fire Potion"},{"floor":6,"key":"Elixir"}],"is_trial":false,"path_per_floor":["M","M","?","M","M","E","R","E"],"character_chosen":"HERMIT","items_purchased":[],"campfire_rested":0,"item_purchase_floors":[],"current_hp_per_floor":[62,62,62,62,59,40,40,0,0],"gold":191,"neow_bonus":"BOSS_RELIC","is_daily":false,"chose_seed":false,"campfire_upgraded":1,"win_rate":0.0,"timestamp":1612148578,"path_taken":["M","M","?","M","M","E","R","E"],"items_purchased_type":[],"build_version":"2020-12-22","purchased_purges":0,"victory":false,"max_hp_per_floor":[71,71,71,71,71,71,71,71,71],"relic_stats":{"counters":[6,28],"obtain_stats":[{"SlaversCollar":0,"Divine Protection":3,"ReplayTheSpireMod:Ninjato":6,"hermit:Momento":0},{"SlaversCollar":0,"Divine Protection":2,"ReplayTheSpireMod:Ninjato":5,"hermit:Momento":0},{"SlaversCollar":0,"Divine Protection":5,"ReplayTheSpireMod:Ninjato":24,"hermit:Momento":0}]},"card_choices":[{"not_picked":["hermit:PistolWhip","hermit:Glare"],"picked":"hermit:GhostlyPresence","floor":1},{"not_picked":["hermit:LowProfile","hermit:Misfire"],"picked":"hermit:Manifest","floor":2},{"not_picked":["hermit:Headshot","hermit:HighCaliber"],"picked":"hermit:Horror","floor":4},{"not_picked":["hermit:Cheat","hermit:CursedWeapon"],"picked":"hermit:FlashPowder","floor":5},{"not_picked":["hermit:Snipe","hermit:Spite"],"picked":"hermit:CursedWeapon","floor":6}],"player_experience":1010100,"relics_obtained":[{"floor":6,"key":"ReplayTheSpireMod:Ninjato"}],"event_choices":[{"damage_healed":0,"gold_gain":0,"player_choice":"Box","damage_taken":0,"relics_obtained":["Divine Protection"],"max_hp_gain":0,"max_hp_loss":0,"event_name":"Big Fish","floor":3,"gold_loss":0,"cards_obtained":["Regret"]}],"is_beta":false,"boss_relics":[],"items_purged_floors":[],"is_endless":false,"potions_floor_spawned":[1,6],"killed_by":"Gremlin Nob","ascension_level":20}}