{"host":"g1qzxxy7a24sg3a3","time":1612149999,"event":{"mods":["100% Spire Juice","ATMod(阿瑾Mod)","Act Like it!","Arknights","BaseMod","Custom Start","Gensokyo","GungeonMod","Hallownest","Lobotomy","LobotomyExtend","Minty Spire (QoL Compilation)","MostiFishMod","Pale of the Ancients","Replay The Spire","SOS（斯巴达之子）","Shop Mod","Spicy Shops","StSLib","TestMod","The Administrix","The Bug Knight","Waifu the Spire","WarShipGirlsR/战舰少女R mod","【遗物卡牌】REMEMod","残留之物"],"gold_per_floor":[-1284,-1284,-1271,-1251,-1233,-1207,-1207,-1207,-1136,-1136,-1136,-1102,-1102,-1086,-1086,-982,-982,-982,-971,-953,-953,-953,-953],"floor_reached":22,"language":"ZHS","playtime":1029,"items_purged":[],"score":219,"play_id":"eab4dce0-05d1-4075-9d61-007888fc2003","local_time":"20210201112639","is_ascension_mode":false,"campfire_choices":[{"floor":7,"key":"RECALL"},{"data":"PlaceholderMod:SeverePoisonStrike","floor":10,"key":"SMITH"}],"circlet_count":0,"master_deck":["PlaceholderMod:BaseStrike","PlaceholderMod:BaseStrike","PlaceholderMod:BaseStrike","PlaceholderMod:BaseStrike","PlaceholderMod:BaseStrike","PlaceholderMod:BaseDefend","PlaceholderMod:BaseDefend","PlaceholderMod:BaseDefend","PlaceholderMod:BaseDefend","PlaceholderMod:BaseDefend","PlaceholderMod:Crystal","PlaceholderMod:PoisonWhip","AT_ChampionStep","PlaceholderMod:EvolutionSpray","Looming Evil","ReplayTheSpireMod:Faulty Equipment+1","PlaceholderMod:DissolvingSpikes","PlaceholderMod:UnpureUse","PlaceholderMod:SeverePoisonStrike+1","FairyFestival","PlaceholderMod:MultiReaction","CrumblingArmor","PlaceholderMod:MultiReaction","PlaceholderMod:Crystallization","ShyLook"],"relics":["PlaceholderMod:Tancle","AT_ATBox","DaveBox","testmod-TestBox","REME_ComplimentaryCards","CogitoBucket","SynthV:MejaisSoulstealer","testmod-Laevatain","SynthV:TestCard","LetterFromLob","Lizard Tail","Bottled Flame","Gensokyo:CelestialsFlawlessClothing","REME_DuelDisc"],"acts_visited":["Gensokyo:Gensokyo","Gensokyo:Gensokyoer"],"potions_floor_usage":[16],"damage_taken":[{"damage":5,"enemies":"Gensokyo:2_Kodama","floor":1,"turns":4},{"damage":6,"enemies":"Gensokyo:Python","floor":3,"turns":3},{"damage":0,"enemies":"Gensokyo:3_Fairies","floor":4,"turns":5},{"damage":0,"enemies":"Gensokyo:LivingMonolith","floor":5,"turns":3},{"damage":9,"enemies":"Gensokyo:Mamizou","floor":6,"turns":5},{"damage":7,"enemies":"Gensokyo:Aya","floor":12,"turns":3},{"damage":26,"enemies":"Gensokyo:CorruptedTreant","floor":14,"turns":5},{"damage":25,"enemies":"Gensokyo:Kokoro","floor":16,"turns":6},{"damage":37,"enemies":"Gensokyo:CosmicMonolith","floor":19,"turns":5},{"damage":16,"enemies":"Gensokyo:AngelMirror","floor":20,"turns":5},{"damage":90,"enemies":"Gensokyo:Wraith","floor":22,"turns":6}],"seed_played":"-3735442665185637465","potions_obtained":[{"floor":16,"key":"REME_GoldPotion"}],"is_trial":false,"path_per_floor":["M","?","M","M","M","E","R","?","T","R","?","E","?","M","R","B",null,"M","M","M","?","M"],"character_chosen":"THE_PLACEHOLDER","items_purchased":[],"campfire_rested":0,"item_purchase_floors":[],"current_hp_per_floor":[58,58,52,52,52,43,43,43,43,43,37,30,15,31,49,30,63,63,29,15,15,0,0],"gold":-953,"neow_bonus":"","is_daily":false,"chose_seed":false,"campfire_upgraded":1,"win_rate":0.0,"timestamp":1612149999,"path_taken":["M","?","?","M","M","E","R","?","T","R","?","E","?","?","R","BOSS","M","M","M","?","M"],"items_purchased_type":[],"build_version":"2020-12-22","purchased_purges":0,"victory":false,"max_hp_per_floor":[63,63,63,63,63,63,63,63,63,63,63,63,63,63,63,63,63,63,63,63,63,63,63],"card_choices":[{"not_picked":["PlaceholderMod:Hard","PlaceholderMod:AttackAsDefend"],"picked":"PlaceholderMod:DissolvingSpikes","floor":1},{"not_picked":["PlaceholderMod:EnergyAbsorb","PlaceholderMod:FastReaction","PlaceholderMod:InnerSoften","PlaceholderMod:StressReaction","PlaceholderMod:ContinueSpray"],"picked":"SKIP","floor":3},{"not_picked":["PlaceholderMod:HardStinger","PlaceholderMod:Stable","PlaceholderMod:EnergyAbsorb","PlaceholderMod:Sweep"],"picked":"PlaceholderMod:UnpureUse","floor":4},{"not_picked":["PlaceholderMod:SpinBlade","PlaceholderMod:NutritionAbsorb","PlaceholderMod:ProliferateStrike","PlaceholderMod:OHStrongAttack"],"picked":"PlaceholderMod:SeverePoisonStrike","floor":5},{"not_picked":["GreedKing","DreamingCurrent"],"picked":"FairyFestival","floor":6},{"not_picked":["PlaceholderMod:PoisonExcitation","PlaceholderMod:DissolvingSpikes","PlaceholderMod:Hyperplasia","PlaceholderMod:UnpureUse","PlaceholderMod:Sweep"],"picked":"SKIP","floor":6},{"not_picked":["PlaceholderMod:Sweep","PlaceholderMod:HighConcentration","PlaceholderMod:GrowthForm","PlaceholderMod:ParasiteChange"],"picked":"PlaceholderMod:MultiReaction","floor":12},{"not_picked":["NakedNest","Yin"],"picked":"CrumblingArmor","floor":14},{"not_picked":["PlaceholderMod:SeverePoisonStrike","PlaceholderMod:SevereHeat","PlaceholderMod:ReactionCatalyze","PlaceholderMod:ProliferateStrike","PlaceholderMod:Hard"],"picked":"SKIP","floor":14},{"not_picked":["PlaceholderMod:QualitativeChange","PlaceholderMod:DoublePoint","PlaceholderMod:InnerSoften","PlaceholderMod:Activation"],"picked":"PlaceholderMod:MultiReaction","floor":16},{"not_picked":["PlaceholderMod:EnergyAbsorb","PlaceholderMod:AttackAsDefend+1","PlaceholderMod:Turn","PlaceholderMod:Hard+1"],"picked":"PlaceholderMod:Crystallization","floor":19},{"not_picked":["OldLady","OSAHOGD"],"picked":"ShyLook","floor":20},{"not_picked":["PlaceholderMod:SpinBlade","PlaceholderMod:PoisonExcitation","PlaceholderMod:Sweep","PlaceholderMod:TriggerStrike","PlaceholderMod:SubstitutionNucleophilic1+1"],"picked":"SKIP","floor":20}],"player_experience":65939,"relics_obtained":[{"floor":1,"key":"SynthV:TestCard"},{"floor":1,"key":"LetterFromLob"},{"floor":6,"key":"Lizard Tail"},{"floor":12,"key":"Bottled Flame"}],"event_choices":[{"damage_healed":0,"gold_gain":0,"player_choice":"Ignored","damage_taken":0,"max_hp_gain":0,"max_hp_loss":0,"event_name":"给自己的盒子","floor":8,"gold_loss":0},{"damage_healed":0,"gold_gain":0,"player_choice":"Ignored","damage_taken":6,"max_hp_gain":0,"max_hp_loss":0,"event_name":"恩洛斯的盘子","floor":11,"gold_loss":0}],"is_beta":false,"boss_relics":[{"not_picked":["testmod-SaigiyounoYou","ChewingGum"],"picked":"REME_DuelDisc"}],"items_purged_floors":[],"is_endless":false,"potions_floor_spawned":[4,6,16],"killed_by":"Gensokyo:Wraith","ascension_level":0}}