{"host":"unahupgi85cj6bxp","time":1612148466,"event":{"mods":["Act Like it!","Aspiration","BaseMod","Card Forge","Conspire","Downfall","Energized Spire","Hubris","Infinite Spire","Minty Spire (QoL Compilation)","Replay The Spire","StSLib"],"gold_per_floor":[99,111,129,147,164,198,198,198,229,29,39,70,70,102,114,214,214,114,126,139,139,152,152,152,152,165,165,165,165],"floor_reached":27,"language":"ENG","playtime":3383,"items_purged":[],"score":350,"play_id":"6cb119b0-a4b9-4971-9750-c2791944ccf8","local_time":"20210131190106","is_ascension_mode":true,"campfire_choices":[{"floor":1,"key":"RECALL"},{"floor":10,"key":"REST"},{"floor":13,"key":"REST"},{"floor":18,"key":"REST"},{"data":"Slimebound:Strike_Slimebound","floor":23,"key":"SMITH"},{"data":"Slimebound:Strike_Slimebound","floor":25,"key":"SMITH"}],"circlet_count":0,"master_deck":["Slimebound:Strike_Slimebound+5","Slimebound:Strike_Slimebound+5","Slimebound:Strike_Slimebound+4","Slimebound:Tackle+1","Slimebound:Defend_Slimebound+4","Slimebound:Defend_Slimebound+4","Slimebound:Defend_Slimebound+4","Slimebound:Defend_Slimebound+4","Slimebound:Split+1","Slimebound:CorrosiveSpit+1","Slimebound:GoopSpray+1","Slimebound:Equalize+1","Slimebound:Schlurp+1","Slimebound:SplitAcid+1","Slimebound:Prepare+1","Slimebound:SplitMire+1","Slimebound:LeechEnergy+1","Slimebound:Nibble+1","Slimebound:Schlurp+1","Slimebound:SlimeTap+1","Slimebound:CheckThePlaybook+1","Slimebound:PressTheAttack+1","Slimebound:SlimeBarrage+1","Slimebound:SplitMire+1","Slimebound:SplitSpecialist+1"],"relics":["Slimebound:AbsorbEndCombat","Hammer of Thor","Seething Fire","Anvil of the Gods","infinitespire:Bottled Soul","aspiration:BabyByrd","InkBottle","downfall:HeartBlessingRed","downfall:HeartBlessingBlue","Bag of Preparation","Bottled Lightning","hubris:Backtick","aspiration:SeaSaltIceCream","Simple Rune","downfall:HeartBlessingGreen","MealTicket"],"acts_visited":["Exordium","TheCity"],"potions_floor_usage":[12],"damage_taken":[{"damage":0,"enemies":"Small Slimes","floor":2,"turns":2},{"damage":0,"enemies":"Cultist","floor":3,"turns":3},{"damage":0,"enemies":"2 Louse","floor":4,"turns":3},{"damage":11,"enemies":"Exordium Thugs","floor":5,"turns":3},{"damage":10,"enemies":"Lagavulin","floor":6,"turns":4},{"damage":7,"enemies":"Replay:BlueRogue","floor":9,"turns":4},{"damage":0,"enemies":"Exordium Wildlife","floor":11,"turns":2},{"damage":0,"enemies":"Lagavulin","floor":12,"turns":3},{"damage":0,"enemies":"Replay:BlueRogue","floor":14,"turns":3},{"damage":0,"enemies":"3 Louse","floor":15,"turns":1},{"damage":15,"enemies":"SI_SHIV_ARCHETYPE","floor":16,"turns":5},{"damage":12,"enemies":"Chosen","floor":19,"turns":2},{"damage":0,"enemies":"conspire:HollyBat","floor":20,"turns":4},{"damage":17,"enemies":"Snake Plant","floor":22,"turns":2},{"damage":12,"enemies":"Cultist and Chosen","floor":26,"turns":3},{"damage":94,"enemies":"Nightmare","floor":27,"turns":5}],"seed_played":"-1389905485540801207","potions_obtained":[{"floor":3,"key":"Venom Potion"},{"floor":4,"key":"Slimebound:SlimedPotion"},{"floor":9,"key":"Reflective Coating"},{"floor":11,"key":"Guardian:BlockOnCardUsePotion"},{"floor":12,"key":"Toxic Potion"},{"floor":21,"key":"Cursed Concoction"},{"floor":21,"key":"Energy Potion"},{"floor":21,"key":"Slimebound:SlimyTonguePotion"}],"is_trial":false,"path_per_floor":["R","M","M","M","M","E","T","?","E","R","M","E","R","E","M","B",null,"R","M","M","?","M","R","T","R","M","NM"],"character_chosen":"SLIMEBOUND","items_purchased":[],"campfire_rested":3,"item_purchase_floors":[],"current_hp_per_floor":[71,71,71,71,68,71,71,71,64,81,81,81,81,81,81,72,81,81,73,81,81,81,81,81,81,73,0,0,0],"gold":165,"neow_bonus":"TEN_PERCENT_HP_BONUS","is_daily":false,"chose_seed":false,"campfire_upgraded":2,"win_rate":0.0,"timestamp":1612148466,"path_taken":["R","M","M","M","M","E","T","?","E","R","M","E","R","E","M","BOSS","R","M","M","?","M","R","T","R","M","NM"],"items_purchased_type":[],"build_version":"2020-12-22","purchased_purges":0,"victory":false,"max_hp_per_floor":[71,71,71,71,71,71,71,71,71,81,81,81,81,81,81,81,81,81,81,81,81,81,81,81,81,81,81,81,81],"card_choices":[{"not_picked":["Slimebound:Replication","Slimebound:Schlurp"],"picked":"Slimebound:GoopSpray","floor":2},{"not_picked":["Slimebound:Prepare","Slimebound:LeechingTouch"],"picked":"Slimebound:Equalize","floor":3},{"not_picked":["Slimebound:ViciousTackle","Slimebound:SplitLeeching"],"picked":"Slimebound:Schlurp","floor":4},{"not_picked":["Slimebound:SlimeBarrage","Slimebound:FlameTackle"],"picked":"Slimebound:SplitAcid","floor":5},{"not_picked":["Slimebound:SplitBruiser","Slimebound:ForwardTackle"],"picked":"Slimebound:Prepare","floor":6},{"not_picked":["Slimebound:SplitLeeching","Slimebound:SlimeBrawl"],"picked":"Slimebound:SplitMire","floor":9},{"not_picked":["Slimebound:PressTheAttack","Slimebound:HungryTackle"],"picked":"Slimebound:LeechEnergy","floor":11},{"not_picked":["Slimebound:Darklings","Slimebound:Gluttony"],"picked":"Slimebound:Nibble","floor":12},{"not_picked":["Slimebound:LivingWall","Slimebound:ComboTackle"],"picked":"Slimebound:Schlurp","floor":14},{"not_picked":["Slimebound:SplitLeeching","Slimebound:MegaLick"],"picked":"Slimebound:SlimeTap","floor":15},{"not_picked":["Slimebound:DuplicatedForm","Slimebound:PrepareCrush"],"picked":"Slimebound:CheckThePlaybook","floor":16},{"not_picked":["Slimebound:HauntingLick","Slimebound:RollThrough"],"picked":"Slimebound:PressTheAttack","floor":19},{"not_picked":["Slimebound:Prepare","Slimebound:DivideAndConquer"],"picked":"Slimebound:SlimeBarrage+1","floor":20},{"not_picked":["Slimebound:Gluttony","Slimebound:DivideAndConquer"],"picked":"Slimebound:SplitMire+1","floor":22},{"not_picked":["Slimebound:ServeAndProtect","Slimebound:SlimeSpikes"],"picked":"Slimebound:SplitSpecialist","floor":26}],"player_experience":865564,"relics_obtained":[{"floor":6,"key":"infinitespire:Bottled Soul"},{"floor":9,"key":"InkBottle"},{"floor":12,"key":"Bag of Preparation"},{"floor":14,"key":"Bottled Lightning"},{"floor":24,"key":"MealTicket"}],"event_choices":[{"damage_healed":0,"gold_gain":0,"player_choice":"Got Potions","damage_taken":0,"max_hp_gain":0,"max_hp_loss":0,"event_name":"Lab","floor":21,"gold_loss":0}],"is_beta":false,"boss_relics":[{"not_picked":["Snecko Heart","hubris:BlackHole"],"picked":"hubris:Backtick"}],"items_purged_floors":[],"is_endless":false,"potions_floor_spawned":[3,4,9,11,12,15,22],"killed_by":"Nightmare","ascension_level":2}}