{"host":"Kdaddybrian","time":1612170338,"event":{"mods":["AchievementEnabler","BaseMod","Bestiary","Colored Powertips","Minty Spire (QoL Compilation)","Potion Indicator Mod","Quick Restart","Rare Cards Sparkle","Relic Stats","StSLib","Uncapped"],"gold_per_floor":[119,194,214,225,13,13,29,92,92,108,173,173,173,191,191,291,291,338,384,398,408,37,37,64,79,79,129,175,175,236,263,263,366,366,410,410,453,528,571,571,597,597,665,693,693,713,5,5,5,5,5,5,5,32,32,32],"floor_reached":55,"language":"ENG","playtime":3311,"items_purged":["Strike_P","Strike_P"],"score":1030,"play_id":"23e8d71b-e056-417b-8e94-e3d73c4c1294","local_time":"20210201040538","is_ascension_mode":true,"campfire_choices":[{"data":"Wish","floor":6.0,"key":"SMITH"},{"floor":13.0,"key":"REST"},{"floor":15.0,"key":"REST"},{"data":"DevaForm","floor":23.0,"key":"SMITH"},{"floor":29.0,"key":"REST"},{"floor":32.0,"key":"REST"},{"floor":40.0,"key":"RECALL"},{"data":"Scrawl","floor":42.0,"key":"SMITH"},{"data":"BattleHymn","floor":45.0,"key":"SMITH"},{"data":"TalkToTheHand","floor":49.0,"key":"SMITH"},{"data":"Collect","floor":52,"key":"SMITH"}],"circlet_count":0,"master_deck":["Strike_P","Strike_P+1","Defend_P","Defend_P","Defend_P","Defend_P","Eruption","Vigilance","CutThroughFate","BattleHymn+1","FearNoEvil+1","Wish+1","ClearTheMind","Scrawl+1","Crescendo","Wallop","EmptyBody","DevaForm+1","DeceiveReality+1","Sanctity","Conclude+1","InnerPeace+1","TalkToTheHand+1","Dark Shackles","EmptyBody+1","EmptyBody","SpiritShield","DeusExMachina","Collect+1","Crescendo+1","Crescendo","FearNoEvil","Wallop","EmptyFist","JustLucky","Apotheosis","FearNoEvil","ReachHeaven","Fasting2"],"relics":["PureWater","Bronze Scales","Pen Nib","Smiling Mask","Matryoshka","Snecko Eye","Medical Kit","Nunchaku","Whetstone","Akabeko","Shuriken","Happy Flower","Blood Vial","Coffee Dripper","Torii","Vajra","Omamori","Meat on the Bone","DollysMirror","Bag of Marbles"],"acts_visited":["Exordium","TheCity","TheBeyond","TheEnding"],"potions_floor_usage":[50,55],"damage_taken":[{"damage":0.0,"enemies":"2 Louse","floor":1.0,"turns":2.0},{"damage":2.0,"enemies":"Jaw Worm","floor":3.0,"turns":4.0},{"damage":0.0,"enemies":"Small Slimes","floor":4.0,"turns":2.0},{"damage":2.0,"enemies":"2 Fungi Beasts","floor":7.0,"turns":3.0},{"damage":24.0,"enemies":"3 Sentries","floor":8.0,"turns":7.0},{"damage":7.0,"enemies":"Red Slaver","floor":10.0,"turns":4.0},{"damage":14.0,"enemies":"Gremlin Nob","floor":11.0,"turns":3.0},{"damage":7.0,"enemies":"Exordium Thugs","floor":14.0,"turns":5.0},{"damage":26.0,"enemies":"The Guardian","floor":16.0,"turns":9.0},{"damage":1.0,"enemies":"2 Thieves","floor":18.0,"turns":4.0},{"damage":0.0,"enemies":"Chosen","floor":19.0,"turns":3.0},{"damage":6.0,"enemies":"Snake Plant","floor":20.0,"turns":4.0},{"damage":13.0,"enemies":"3 Cultists","floor":21.0,"turns":4.0},{"damage":14.0,"enemies":"Slavers","floor":24.0,"turns":6.0},{"damage":14.0,"enemies":"Cultist and Chosen","floor":25.0,"turns":5.0},{"damage":0.0,"enemies":"Snecko","floor":28.0,"turns":3.0},{"damage":0.0,"enemies":"Gremlin Leader","floor":30.0,"turns":6.0},{"damage":0.0,"enemies":"Automaton","floor":33.0,"turns":6.0},{"damage":1.0,"enemies":"3 Shapes","floor":35.0,"turns":3.0},{"damage":8.0,"enemies":"3 Darklings","floor":37.0,"turns":7.0},{"damage":23.0,"enemies":"2 Orb Walkers","floor":38.0,"turns":6.0},{"damage":12.0,"enemies":"Maw","floor":39.0,"turns":6.0},{"damage":27.0,"enemies":"Giant Head","floor":41.0,"turns":7.0},{"damage":23.0,"enemies":"Reptomancer","floor":44.0,"turns":6.0},{"damage":1.0,"enemies":"Transient","floor":46.0,"turns":5.0},{"damage":36,"enemies":"Awakened One","floor":50,"turns":12},{"damage":35,"enemies":"Shield and Spear","floor":54,"turns":6},{"damage":48,"enemies":"The Heart","floor":55,"turns":3}],"seed_played":"7030929912453104569","potions_obtained":[{"floor":3.0,"key":"SpeedPotion"},{"floor":4.0,"key":"Strength Potion"},{"floor":14.0,"key":"Dexterity Potion"},{"floor":16.0,"key":"EssenceOfSteel"},{"floor":19.0,"key":"PowerPotion"},{"floor":25.0,"key":"Block Potion"},{"floor":30.0,"key":"SkillPotion"},{"floor":33.0,"key":"FairyPotion"},{"floor":38.0,"key":"Strength Potion"},{"floor":54,"key":"Explosive Potion"}],"is_trial":false,"path_per_floor":["M","?","M","M","$","R","M","E","T","M","?","?","R","M","R","B",null,"M","M","M","M","$","R","E","M","T","?","M","R","E","T","R","B",null,"M","?","M","?","M","R","E","R","T","E","R","M","$","?","R","B",null,"R","$","E","B"],"character_chosen":"WATCHER","items_purchased":["Wish","BottledMiracle","TalkToTheHand","Medical Kit","Dark Shackles","Apotheosis","Meat on the Bone","DollysMirror","BottledMiracle","ReachHeaven"],"campfire_rested":4,"item_purchase_floors":[5,5,22,22,22,47,47,47,47,47],"current_hp_per_floor":[72,61,59,59,59,59,57,33,33,26,12,12,33,26,47,21,72,71,71,65,52,52,52,38,24,24,24,24,45,45,45,66,68,72,71,71,64,43,33,33,8,8,8,9,9,10,10,63,63,39,63,63,63,40,0,0],"gold":32,"neow_bonus":"RANDOM_COMMON_RELIC","is_daily":false,"chose_seed":false,"campfire_upgraded":6,"win_rate":0.0,"timestamp":1612170338,"path_taken":["M","?","M","M","$","R","M","E","T","M","?","?","R","M","R","BOSS","M","M","M","M","$","R","E","M","T","?","?","R","E","?","R","BOSS","M","?","M","?","M","R","E","R","T","E","R","M","$","?","R","BOSS","R","$","E","BOSS"],"items_purchased_type":["Card","Potion","Card","Relic","Card","Card","Relic","Relic","Potion","Card"],"build_version":"2020-12-18","purchased_purges":2,"victory":false,"max_hp_per_floor":[72,72,72,72,72,72,72,72,72,72,72,72,72,72,72,72,72,72,72,72,72,72,72,72,72,72,72,72,72,72,72,72,72,72,72,72,72,72,72,72,72,72,72,72,72,72,72,63,63,63,63,63,63,63,63,63],"relic_stats":{"Happy Flower":[22],"Torii":9,"counters":[28,141],"Pen Nib":[26],"Whetstone":["Strike_P","FearNoEvil"],"Smiling Mask":75,"Medical Kit":[16],"Blood Vial":15,"Nunchaku":[18],"Shuriken":[32],"Bronze Scales":[448],"Snecko Eye":[190,161,178,186],"obtain_stats":[{"Happy Flower":31,"Torii":38,"Vajra":41,"Pen Nib":8,"Omamori":44,"Whetstone":26,"Smiling Mask":9,"Medical Kit":22,"Akabeko":26,"Blood Vial":31,"Nunchaku":24,"Matryoshka":11,"Shuriken":30,"DollysMirror":47,"Bronze Scales":0,"Snecko Eye":17,"Coffee Dripper":34,"Bag of Marbles":54,"PureWater":0,"Meat on the Bone":47},{"Happy Flower":17,"Torii":21,"Vajra":23,"Pen Nib":5,"Omamori":24,"Whetstone":15,"Smiling Mask":5,"Medical Kit":13,"Akabeko":15,"Blood Vial":17,"Nunchaku":14,"Matryoshka":7,"Shuriken":17,"DollysMirror":25,"Bronze Scales":0,"Snecko Eye":9,"Coffee Dripper":18,"Bag of Marbles":27,"PureWater":0,"Meat on the Bone":25},{"Happy Flower":74,"Torii":96,"Vajra":109,"Pen Nib":18,"Omamori":115,"Whetstone":65,"Smiling Mask":18,"Medical Kit":54,"Akabeko":65,"Blood Vial":74,"Nunchaku":60,"Matryoshka":25,"Shuriken":74,"DollysMirror":120,"Bronze Scales":0,"Snecko Eye":39,"Coffee Dripper":80,"Bag of Marbles":138,"PureWater":0,"Meat on the Bone":120}],"Meat on the Bone":24},"card_choices":[{"not_picked":["Protect","Perseverance"],"picked":"CutThroughFate","floor":1.0},{"not_picked":["CrushJoints","Wireheading"],"picked":"BattleHymn","floor":3.0},{"not_picked":["CutThroughFate","BattleHymn"],"picked":"FearNoEvil","floor":4.0},{"not_picked":["CarveReality","FollowUp"],"picked":"ClearTheMind","floor":7.0},{"not_picked":["Wireheading","Indignation"],"picked":"Scrawl","floor":8.0},{"not_picked":["CrushJoints","PathToVictory"],"picked":"Crescendo","floor":10.0},{"not_picked":["Collect","Fasting2"],"picked":"Wallop","floor":11.0},{"not_picked":["Prostrate","PathToVictory"],"picked":"EmptyBody","floor":14.0},{"not_picked":["Wish","DeusExMachina"],"picked":"DevaForm","floor":16.0},{"not_picked":["Worship+1","ClearTheMind"],"picked":"DeceiveReality+1","floor":18.0},{"not_picked":["PathToVictory","SashWhip+1"],"picked":"Sanctity","floor":19.0},{"not_picked":["TalkToTheHand","SashWhip"],"picked":"Conclude+1","floor":20.0},{"not_picked":["Weave","Pray"],"picked":"InnerPeace+1","floor":21.0},{"not_picked":["ThirdEye","PathToVictory"],"picked":"Fasting2","floor":24.0},{"not_picked":["FlurryOfBlows","WaveOfTheHand"],"picked":"EmptyBody+1","floor":25.0},{"not_picked":["CutThroughFate","CrushJoints+1"],"picked":"EmptyBody","floor":28.0},{"not_picked":["ClearTheMind","CarveReality"],"picked":"SpiritShield","floor":30.0},{"not_picked":["Devotion","Establishment"],"picked":"DeusExMachina","floor":33.0},{"not_picked":["PathToVictory","ReachHeaven"],"picked":"Collect","floor":35.0},{"not_picked":["BattleHymn","CarveReality"],"picked":"Crescendo+1","floor":37.0},{"not_picked":["FollowUp+1","Sanctity"],"picked":"Crescendo","floor":38.0},{"not_picked":["PathToVictory","Evaluate+1"],"picked":"FearNoEvil","floor":39.0},{"not_picked":["Indignation+1","Prostrate+1"],"picked":"Wallop","floor":41.0},{"not_picked":["CarveReality","WreathOfFlame+1"],"picked":"EmptyFist","floor":44.0},{"not_picked":["ThirdEye","EmptyBody"],"picked":"JustLucky","floor":46.0},{"not_picked":["ForeignInfluence+1","BattleHymn+1"],"picked":"Fasting2","floor":54}],"player_experience":2991024,"relics_obtained":[{"floor":8.0,"key":"Pen Nib"},{"floor":9.0,"key":"Smiling Mask"},{"floor":11.0,"key":"Matryoshka"},{"floor":24.0,"key":"Nunchaku"},{"floor":26.0,"key":"Whetstone"},{"floor":26.0,"key":"Akabeko"},{"floor":30.0,"key":"Shuriken"},{"floor":31.0,"key":"Happy Flower"},{"floor":31.0,"key":"Blood Vial"},{"floor":38.0,"key":"Torii"},{"floor":41.0,"key":"Vajra"},{"floor":44.0,"key":"Omamori"},{"floor":54,"key":"Bag of Marbles"}],"event_choices":[{"damage_healed":0.0,"max_hp_gain":0.0,"max_hp_loss":0.0,"gold_gain":75.0,"event_name":"World of Goop","player_choice":"Gather Gold","floor":2.0,"gold_loss":0.0,"damage_taken":11.0},{"damage_healed":0.0,"max_hp_gain":0.0,"max_hp_loss":0.0,"gold_gain":30.0,"event_name":"Dead Adventurer","player_choice":"Searched \u00272\u0027 times","floor":11.0,"gold_loss":0.0,"damage_taken":0.0},{"damage_healed":0.0,"max_hp_gain":0.0,"max_hp_loss":0.0,"gold_gain":0.0,"event_name":"Shining Light","player_choice":"Ignored","floor":12.0,"gold_loss":0.0,"damage_taken":0.0},{"damage_healed":0.0,"max_hp_gain":0.0,"max_hp_loss":0.0,"gold_gain":100.0,"event_name":"The Joust","player_choice":"Bet on Murderer","floor":27.0,"gold_loss":50.0,"damage_taken":0.0},{"cards_removed":["Fasting2"],"damage_healed":0.0,"max_hp_gain":0.0,"max_hp_loss":0.0,"gold_gain":0.0,"event_name":"Falling","player_choice":"Removed Power","floor":36.0,"gold_loss":0.0,"damage_taken":0.0},{"damage_healed":0.0,"max_hp_gain":0.0,"max_hp_loss":0.0,"gold_gain":0.0,"event_name":"Mysterious Sphere","player_choice":"Fight","floor":38.0,"gold_loss":0.0,"damage_taken":0.0},{"damage_healed":63.0,"max_hp_gain":0.0,"max_hp_loss":9.0,"gold_gain":0.0,"event_name":"The Moai Head","player_choice":"Heal","floor":48.0,"gold_loss":0.0,"damage_taken":0.0}],"is_beta":true,"boss_relics":[{"not_picked":["VioletLotus","Runic Dome"],"picked":"Snecko Eye"},{"not_picked":["HolyWater","Astrolabe"],"picked":"Coffee Dripper"}],"items_purged_floors":[22,47],"is_endless":false,"potions_floor_spawned":[3,4,14,16,19,21,25,30,33,35,37,38,54],"killed_by":"The Heart","ascension_level":4}}