{"host":"8lno9xwgef3sjccz","time":1612195172,"event":{"mods":["AchievementEnabler","BaseMod","Minty Spire (QoL Compilation)","Relic Stats"],"gold_per_floor":[112,122,135,151,171,171,196,208,235,235,248,281,296,16,16,16,16],"floor_reached":16,"language":"ENG","playtime":1051,"items_purged":["Defend_R"],"score":139,"play_id":"bce0d4dc-cf16-48b7-84fc-65c7b61789f8","local_time":"20210201105932","is_ascension_mode":true,"campfire_choices":[{"floor":6,"key":"REST"},{"floor":15,"key":"REST"}],"circlet_count":0,"master_deck":["Strike_R","Strike_R","Strike_R","Strike_R","Defend_R+1","Defend_R","Defend_R+1","Bash","Anger","Pommel Strike","Metallicize","Intimidate","Twin Strike","Armaments","Dark Embrace+1","Feed","Ghostly Armor","Cleave"],"relics":["Black Star","Self Forming Clay","Frozen Egg 2","War Paint","Omamori","Art of War","OrangePellets"],"acts_visited":["Exordium"],"potions_floor_usage":[7,7,16],"damage_taken":[{"damage":18,"enemies":"Jaw Worm","floor":1,"turns":5},{"damage":6,"enemies":"Cultist","floor":2,"turns":3},{"damage":0,"enemies":"Small Slimes","floor":3,"turns":2},{"damage":4,"enemies":"Looter","floor":4,"turns":3},{"damage":14,"enemies":"Large Slime","floor":5,"turns":6},{"damage":14,"enemies":"3 Sentries","floor":7,"turns":10},{"damage":3,"enemies":"2 Fungi Beasts","floor":8,"turns":4},{"damage":1,"enemies":"Looter","floor":11,"turns":4},{"damage":36,"enemies":"Lagavulin","floor":12,"turns":12},{"damage":13,"enemies":"Large Slime","floor":13,"turns":8},{"damage":44,"enemies":"Slime Boss","floor":16,"turns":6}],"seed_played":"-4979086652788492711","potions_obtained":[{"floor":1,"key":"PowerPotion"},{"floor":5,"key":"PowerPotion"},{"floor":13,"key":"Energy Potion"}],"is_trial":false,"path_per_floor":["M","M","M","M","M","R","E","M","T","?","M","E","M","$","R","B"],"character_chosen":"IRONCLAD","items_purchased":["OrangePellets","PowerPotion"],"campfire_rested":2,"item_purchase_floors":[14,14],"current_hp_per_floor":[62,56,56,52,38,62,48,45,45,45,44,12,3,3,29,0,0],"gold":16,"neow_bonus":"BOSS_RELIC","is_daily":false,"chose_seed":false,"campfire_upgraded":0,"win_rate":0.0,"timestamp":1612195172,"path_taken":["M","M","M","M","M","R","E","M","T","?","M","E","M","$","R","BOSS"],"items_purchased_type":["Relic","Potion"],"build_version":"2020-12-22","purchased_purges":1,"victory":false,"max_hp_per_floor":[80,80,80,80,80,80,80,80,80,80,80,84,88,88,88,88,88],"relic_stats":{"OrangePellets":[0],"counters":[11,63],"Self Forming Clay":[36],"Black Star":2,"Art of War":[1],"War Paint":["Defend_R","Defend_R"],"obtain_stats":[{"OrangePellets":14,"Self Forming Clay":7,"Black Star":0,"Omamori":12,"Art of War":12,"Frozen Egg 2":7,"War Paint":9,"Burning Blood":0},{"OrangePellets":10,"Self Forming Clay":6,"Black Star":0,"Omamori":9,"Art of War":9,"Frozen Egg 2":6,"War Paint":7,"Burning Blood":0},{"OrangePellets":57,"Self Forming Clay":29,"Black Star":0,"Omamori":49,"Art of War":49,"Frozen Egg 2":29,"War Paint":33,"Burning Blood":0}]},"card_choices":[{"not_picked":["Blood for Blood","Havoc"],"picked":"Anger","floor":1},{"not_picked":["Iron Wave","Thunderclap"],"picked":"Pommel Strike","floor":2},{"not_picked":["Anger","Evolve"],"picked":"Metallicize","floor":3},{"not_picked":["Thunderclap","Burning Pact"],"picked":"Intimidate","floor":4},{"not_picked":["Headbutt","Clash"],"picked":"Twin Strike","floor":5},{"not_picked":["Second Wind","Blood for Blood"],"picked":"Armaments","floor":7},{"not_picked":["Clash","Flame Barrier"],"picked":"Dark Embrace+1","floor":8},{"not_picked":["Intimidate","Twin Strike"],"picked":"Feed","floor":11},{"not_picked":["Body Slam","Cleave"],"picked":"Ghostly Armor","floor":12},{"not_picked":["Sword Boomerang","Perfected Strike"],"picked":"Cleave","floor":13}],"player_experience":81061,"relics_obtained":[{"floor":7,"key":"Self Forming Clay"},{"floor":7,"key":"Frozen Egg 2"},{"floor":9,"key":"War Paint"},{"floor":12,"key":"Omamori"},{"floor":12,"key":"Art of War"}],"event_choices":[{"cards_removed":["Strike_R"],"damage_healed":0,"gold_gain":0,"player_choice":"Card Removal","damage_taken":0,"max_hp_gain":0,"max_hp_loss":0,"event_name":"Wheel of Change","floor":10,"gold_loss":0}],"is_beta":false,"boss_relics":[],"items_purged_floors":[14],"is_endless":false,"potions_floor_spawned":[1,5,13],"killed_by":"Slime Boss","ascension_level":4}}