{"host":"c6u7e77myxvw4d0m","time":1612188308,"event":{"mods":["AchievementEnabler","BaseMod","Bestiary","Colored Map","Colored Powertips","Minty Spire (QoL Compilation)","Rare Cards Sparkle","Relic Stats","everything is the same but u backflip on backflip"],"gold_per_floor":[116,134,153,170,27,27,46,46,46,46,46,59,59,59,59,135,135,154,154,168,168,168,168,168],"floor_reached":23,"language":"ENG","playtime":626,"items_purged":[],"score":335,"play_id":"82743ef6-c465-469f-ab6a-4309cc357aa4","local_time":"20210201160508","is_ascension_mode":true,"campfire_choices":[{"data":"Searing Blow","floor":6,"key":"SMITH"},{"data":"Searing Blow+1","floor":8,"key":"SMITH"},{"data":"Searing Blow+2","floor":10,"key":"SMITH"},{"data":"Searing Blow+4","floor":15,"key":"SMITH"}],"circlet_count":0,"master_deck":["AscendersBane","Strike_R","Strike_R","Strike_R","Strike_R","Strike_R","Defend_R","Defend_R","Defend_R","Defend_R","Bash","Uppercut","Anger","True Grit","Clash","Searing Blow+5","Twin Strike","Shrug It Off","Cleave","Corruption","Second Wind","Warcry+1","J.A.X."],"relics":["Black Blood","Orichalcum","Paper Frog","Nilry\u0027s Codex"],"acts_visited":["Exordium","TheCity"],"potions_floor_usage":[5,16,18,23],"damage_taken":[{"damage":0,"enemies":"Cultist","floor":1,"turns":3},{"damage":6,"enemies":"2 Louse","floor":2,"turns":3},{"damage":6,"enemies":"Jaw Worm","floor":3,"turns":2},{"damage":6,"enemies":"2 Fungi Beasts","floor":4,"turns":3},{"damage":1,"enemies":"Blue Slaver","floor":7,"turns":3},{"damage":25,"enemies":"Large Slime","floor":12,"turns":4},{"damage":52,"enemies":"Hexaghost","floor":16,"turns":8},{"damage":21,"enemies":"Shell Parasite","floor":18,"turns":4},{"damage":15,"enemies":"Chosen","floor":20,"turns":5},{"damage":44,"enemies":"Book of Stabbing","floor":23,"turns":3}],"seed_played":"2095565055538442850","potions_obtained":[{"floor":1,"key":"Fire Potion"},{"floor":3,"key":"Fruit Juice"},{"floor":18,"key":"GamblersBrew"}],"is_trial":false,"path_per_floor":["M","M","M","M","$","R","M","R","T","R","?","M","?","?","R","B",null,"M","?","M","?","?","E"],"character_chosen":"IRONCLAD","items_purchased":["Searing Blow","Twin Strike","SteroidPotion"],"campfire_rested":0,"item_purchase_floors":[5,5,5],"current_hp_per_floor":[74,74,74,74,79,79,80,80,80,80,80,61,80,80,80,34,69,60,60,57,36,36,0,0],"gold":168,"neow_bonus":"RANDOM_COMMON_RELIC","is_daily":false,"chose_seed":false,"campfire_upgraded":4,"win_rate":0.0,"timestamp":1612188308,"path_taken":["M","M","?","M","$","R","M","R","T","R","?","M","?","?","R","BOSS","M","?","M","?","?","E"],"items_purchased_type":["Card","Card","Potion"],"build_version":"2020-12-22","purchased_purges":0,"victory":false,"max_hp_per_floor":[75,75,75,75,80,80,80,80,80,80,80,80,80,80,80,80,80,80,80,80,80,80,80,80],"relic_stats":{"counters":[10,38],"Black Blood":62,"Orichalcum":[138],"obtain_stats":[{"Nilry\u0027s Codex":21,"Black Blood":17,"Orichalcum":0,"Burning Blood":0,"Paper Frog":9},{"Nilry\u0027s Codex":9,"Black Blood":7,"Orichalcum":0,"Burning Blood":0,"Paper Frog":5},{"Nilry\u0027s Codex":35,"Black Blood":26,"Orichalcum":0,"Burning Blood":0,"Paper Frog":14}]},"card_choices":[{"not_picked":["Disarm","True Grit"],"picked":"Uppercut","floor":1},{"not_picked":["Blood for Blood","Pummel"],"picked":"Anger","floor":2},{"not_picked":["Havoc","Entrench"],"picked":"True Grit","floor":3},{"not_picked":["Rage","Flex"],"picked":"Clash","floor":4},{"not_picked":["Anger","Body Slam"],"picked":"Shrug It Off","floor":7},{"not_picked":["True Grit","Clash"],"picked":"Cleave","floor":12},{"not_picked":["Bludgeon","Brutality"],"picked":"Corruption","floor":16},{"not_picked":["Pommel Strike","Sword Boomerang"],"picked":"Second Wind","floor":18},{"not_picked":["Thunderclap","Body Slam"],"picked":"Warcry+1","floor":20}],"player_experience":603347,"relics_obtained":[{"floor":9,"key":"Paper Frog"},{"floor":21,"key":"Nilry\u0027s Codex"}],"event_choices":[{"damage_healed":0,"gold_gain":0,"player_choice":"Grow","damage_taken":0,"max_hp_gain":0,"max_hp_loss":0,"event_name":"Living Wall","floor":11,"gold_loss":0,"cards_upgraded":["Searing Blow"]},{"damage_healed":26,"gold_gain":0,"player_choice":"Banana","damage_taken":0,"max_hp_gain":0,"max_hp_loss":0,"event_name":"Big Fish","floor":13,"gold_loss":0},{"damage_healed":0,"gold_gain":0,"player_choice":"Ignored","damage_taken":0,"max_hp_gain":0,"max_hp_loss":0,"event_name":"Liars Game","floor":14,"gold_loss":0},{"damage_healed":0,"gold_gain":0,"player_choice":"Ignored","damage_taken":0,"max_hp_gain":0,"max_hp_loss":0,"event_name":"Ghosts","floor":19,"gold_loss":0},{"damage_healed":0,"gold_gain":0,"player_choice":"Obtained Book","damage_taken":21,"max_hp_gain":0,"max_hp_loss":0,"event_name":"Cursed Tome","floor":21,"gold_loss":0},{"damage_healed":0,"gold_gain":0,"player_choice":"Obtain J.A.X.","damage_taken":0,"max_hp_gain":0,"max_hp_loss":0,"event_name":"Drug Dealer","floor":22,"gold_loss":0,"cards_obtained":["J.A.X."]}],"is_beta":false,"boss_relics":[{"not_picked":["Cursed Key","Philosopher\u0027s Stone"],"picked":"Black Blood"}],"items_purged_floors":[],"is_endless":false,"potions_floor_spawned":[1,3,12,18],"killed_by":"Book of Stabbing","ascension_level":17}}