{"host":"9viy3memdfgcf4vy","time":1612212975,"event":{"mods":["BaseMod","Colored Map","Downfall","Minty Spire (QoL Compilation)","StSLib"],"gold_per_floor":[99,110,210,235,255,255,255,255,265,298,59,59,234,234,247,247,247,247],"floor_reached":16,"language":"ENG","playtime":722,"items_purged":["Slimebound:Tackle"],"score":157,"play_id":"78092c13-1722-46ac-887b-8907a8d9b75a","local_time":"20210201225615","is_ascension_mode":true,"campfire_choices":[{"data":"Slimebound:Split","floor":1,"key":"SMITH"},{"data":"Slimebound:LevelUp","floor":8,"key":"SMITH"},{"data":"Slimebound:DuplicatedForm","floor":12,"key":"SMITH"}],"circlet_count":0,"master_deck":["AscendersBane","Slimebound:Strike_Slimebound","Slimebound:Strike_Slimebound","Slimebound:Defend_Slimebound","Slimebound:Defend_Slimebound","Slimebound:Defend_Slimebound","Slimebound:Defend_Slimebound","Slimebound:Split+1","Slimebound:CorrosiveSpit","Slimebound:SplitMire","Slimebound:LevelUp+1","Slimebound:SamplingLick","Slimebound:LeechEnergy","Slimebound:FormOfPuddle","Slimebound:SamplingLick","Slimebound:DuplicatedForm+1","Doubt","Slimebound:LivingWall"],"relics":["Slimebound:AbsorbEndCombat","MealTicket","Kunai","Question Card","Singing Bowl"],"acts_visited":["Exordium"],"potions_floor_usage":[16,16],"damage_taken":[{"damage":7,"enemies":"Jaw Worm","floor":2,"turns":4},{"damage":1,"enemies":"Cultist","floor":5,"turns":3},{"damage":4,"enemies":"Small Slimes","floor":9,"turns":3},{"damage":39,"enemies":"Gremlin Nob","floor":10,"turns":4},{"damage":9,"enemies":"downfall:FleeingMerchant","floor":11,"turns":4},{"damage":4,"enemies":"Blue Slaver","floor":15,"turns":3},{"damage":103,"enemies":"DF_ARCHETYPE_STREAMLINE","floor":16,"turns":14}],"seed_played":"-6354205612596973623","potions_obtained":[{"floor":2,"key":"Dexterity Potion"},{"floor":10,"key":"Guardian:BlockOnCardUsePotion"}],"is_trial":false,"path_per_floor":["R","M","?","T","M","?","T","R","M","E","$","R","?","T","M","B"],"character_chosen":"SLIMEBOUND","items_purchased":["Slimebound:DuplicatedForm"],"campfire_rested":0,"item_purchase_floors":[11],"current_hp_per_floor":[59,58,58,58,61,61,61,61,59,26,40,40,40,40,40,0,0,0],"gold":247,"neow_bonus":"THREE_CARDS","is_daily":false,"chose_seed":false,"campfire_upgraded":3,"win_rate":0.0,"timestamp":1612212975,"path_taken":["R","M","?","?","?","?","T","R","M","E","$","R","?","?","M","BOSS"],"items_purchased_type":["Card"],"build_version":"2020-12-22","purchased_purges":1,"victory":false,"max_hp_per_floor":[65,65,65,65,65,65,65,65,65,65,65,65,65,65,65,65,65,65],"card_choices":[{"not_picked":["Slimebound:Prepare","Slimebound:ForwardTackle"],"picked":"Slimebound:SplitMire","floor":0},{"not_picked":["Slimebound:GoopTackle","Slimebound:Schlurp"],"picked":"Slimebound:LevelUp","floor":2},{"not_picked":["Slimebound:SplitMire","Slimebound:ProtectTheBoss"],"picked":"Slimebound:SamplingLick","floor":5},{"not_picked":["Slimebound:Dissolve","Slimebound:FinishingTackle"],"picked":"Slimebound:LeechEnergy","floor":9},{"not_picked":["Slimebound:AcidTongue","Slimebound:RollThrough"],"picked":"Slimebound:FormOfPuddle","floor":10},{"not_picked":["Slimebound:TongueLash","Slimebound:RollThrough","Slimebound:FinishingTackle"],"picked":"Slimebound:SamplingLick","floor":11},{"not_picked":["Slimebound:ItLooksTasty","Slimebound:SlimeBrawl","Slimebound:Chomp"],"picked":"Slimebound:LivingWall","floor":15}],"player_experience":456161,"relics_obtained":[{"floor":4,"key":"MealTicket"},{"floor":7,"key":"Kunai"},{"floor":10,"key":"Question Card"},{"floor":14,"key":"Singing Bowl"}],"event_choices":[],"is_beta":false,"boss_relics":[],"items_purged_floors":[11],"is_endless":false,"potions_floor_spawned":[2,10,15],"killed_by":"DF_ARCHETYPE_STREAMLINE","ascension_level":12}}