{"host":"sav7uxregyirlf69","time":1612179302,"event":{"mods":["AchievementEnabler","BaseMod","Colored Map","DeckTracker","Keyboard Shortcuts","Minty Spire (QoL Compilation)","READ ME - Guardian Mod","StSLib","SuperFastMode"],"gold_per_floor":[114,130,140,156,172,172,190,190,190,190,190,190],"floor_reached":11,"language":"KOR","playtime":168,"items_purged":[],"score":134,"play_id":"040a4a46-aa7a-4ab6-8723-5d938b742402","local_time":"20210201203502","is_ascension_mode":true,"campfire_choices":[{"data":"Armaments","floor":6,"key":"SMITH"},{"data":"Wild Strike","floor":8,"key":"SMITH"}],"circlet_count":0,"master_deck":["AscendersBane","Strike_R","Strike_R","Strike_R","Strike_R","Strike_R","Defend_R","Defend_R","Defend_R","Defend_R","Bash","Limit Break","Shrug It Off","Wild Strike+1","Rupture","True Grit","Armaments+1"],"relics":["Burning Blood","Mummified Hand"],"acts_visited":["Exordium"],"potions_floor_usage":[11],"damage_taken":[{"damage":2,"enemies":"Cultist","floor":1,"turns":4},{"damage":6,"enemies":"2 Louse","floor":2,"turns":3},{"damage":11,"enemies":"Small Slimes","floor":3,"turns":5},{"damage":33,"enemies":"Exordium Thugs","floor":4,"turns":9},{"damage":14,"enemies":"Exordium Wildlife","floor":5,"turns":5},{"damage":13,"enemies":"Looter","floor":7,"turns":4},{"damage":25,"enemies":"3 Sentries","floor":11,"turns":5}],"seed_played":"69301761247505724","potions_obtained":[{"floor":5,"key":"Swift Potion"}],"is_trial":false,"path_per_floor":["M","M","M","M","M","R","M","R","T","?","E"],"character_chosen":"IRONCLAD","items_purchased":[],"campfire_rested":0,"item_purchase_floors":[],"current_hp_per_floor":[72,72,67,40,32,32,25,25,25,25,0,0],"gold":190,"neow_bonus":"ONE_RANDOM_RARE_CARD","is_daily":false,"chose_seed":false,"campfire_upgraded":2,"win_rate":0.0,"timestamp":1612179302,"path_taken":["M","M","M","M","?","R","M","R","T","?","E"],"items_purchased_type":[],"build_version":"2020-12-22","purchased_purges":0,"victory":false,"max_hp_per_floor":[75,75,75,75,75,75,75,75,75,75,75,75],"card_choices":[{"not_picked":["Clothesline","Body Slam"],"picked":"Shrug It Off","floor":1},{"not_picked":["Thunderclap","Power Through"],"picked":"Wild Strike","floor":2},{"not_picked":["Thunderclap","Rampage"],"picked":"Rupture","floor":3},{"not_picked":["Dropkick","Infernal Blade"],"picked":"True Grit","floor":4},{"not_picked":["Heavy Blade","Clash"],"picked":"Armaments","floor":5},{"not_picked":["Havoc","Heavy Blade","Searing Blow"],"picked":"SKIP","floor":7}],"player_experience":1452052,"relics_obtained":[{"floor":9,"key":"Mummified Hand"}],"event_choices":[{"damage_healed":0,"gold_gain":0,"player_choice":"Ignored","damage_taken":0,"max_hp_gain":0,"max_hp_loss":0,"event_name":"Liars Game","floor":10,"gold_loss":0}],"is_beta":false,"boss_relics":[],"items_purged_floors":[],"is_endless":false,"potions_floor_spawned":[5],"killed_by":"3 Sentries","ascension_level":20}}