{"host":"hpn0uxah5qjr7pa6","time":1612162523,"event":{"mods":["Act Like it!","Aspiration","BaseMod","Better Third Choice","BetterRewards","Challenge The Spire","Colored Powertips","Conspire","Downfall","Energized Spire","Hallownest","Hermit","Hubris","Infinite Spire","Minty Spire (QoL Compilation)","Permanent Neow","Quick Restart","Rare Cards Sparkle","Replay The Spire","Spicy Shops","StSLib","The Bug Knight","The Jungle"],"gold_per_floor":[171,186,197,213,213,198,198,198,198,208,308,326,60,79,90,192,192,192,204,222,222,239,256,256,256,333,333,344,378,398,398,398,415,428,532,532,532,552,569,243,243,269,269,269,169,201,237,286,286,286,326,362,362,362],"floor_reached":52,"language":"ENG","playtime":2665,"items_purged":["bronze:Goto"],"score":602,"play_id":"6dfde969-8eb4-4a40-860d-1b4781a1364d","local_time":"20210131225523","is_ascension_mode":true,"campfire_choices":[{"data":"The Bomb","floor":18,"key":"SMITH"},{"data":"bronze:OilSpill","floor":27,"key":"SMITH"},{"floor":32,"key":"REST"},{"data":"bronze:Branch","floor":37,"key":"SMITH"},{"floor":45,"key":"REST"},{"floor":49,"key":"REST"}],"circlet_count":0,"master_deck":["bronze:Strike","bronze:Strike","bronze:Strike","bronze:Defend","bronze:Defend","bronze:Defend","bronze:Defend","bronze:Replicate","bronze:DelayedSlice","bronze:BronzeOrb","bronze:Branch","bronze:DelayedGuard+1","bronze:InfiniteLoop","bronze:OilSpill","The Bomb+1","bronze:BronzeOrb","bronze:ChosenStrike","bronze:OilSpill+1","bronze:DelayedGuard","bronze:Branch","bronze:BronzeOrb+1","ReplayTheSpireMod:Haul","bronze:Branch+1","bronze:ChosenStrike"],"relics":["bronze:BronzeCore","Simple Rune","InkBottle","downfall:GremlinWheel","hubris:ScarierMask","Busted Crown","infinitespire:ShieldingShard","Du-Vu Doll","ChewingGum","Ice Cream","Lee\u0027s Waffle","Blue Candle","Vajra","hubris:SphereOfDissonance","Replay:Bandana","downfall:HeartBlessingGreen","hubris:Towel"],"acts_visited":["Exordium","TheCity","TheBeyond"],"potions_floor_usage":[11,16,16,16,28,28,35,40,52],"damage_taken":[{"damage":0,"enemies":"Small Slimes","floor":2,"turns":4},{"damage":9,"enemies":"2 Louse","floor":3,"turns":3},{"damage":0,"enemies":"Jaw Worm","floor":4,"turns":3},{"damage":0,"enemies":"downfall:FleeingMerchant","floor":6,"turns":4},{"damage":0,"enemies":"Gremlin Gang","floor":10,"turns":3},{"damage":15,"enemies":"Gremlin Gang","floor":11,"turns":5},{"damage":15,"enemies":"conspire:2 RoseBushes","floor":12,"turns":4},{"damage":7,"enemies":"downfall:FleeingMerchant","floor":13,"turns":4},{"damage":0,"enemies":"Exordium Wildlife","floor":14,"turns":3},{"damage":0,"enemies":"3 Louse","floor":15,"turns":3},{"damage":3,"enemies":"WA_ARCHETYPE_RETAIN","floor":16,"turns":5},{"damage":0,"enemies":"Chosen","floor":19,"turns":3},{"damage":0,"enemies":"Cultist and Chosen","floor":20,"turns":3},{"damage":2,"enemies":"Centurion and Healer","floor":22,"turns":2},{"damage":0,"enemies":"3 Cultists","floor":23,"turns":3},{"damage":6,"enemies":"Snake Plant","floor":28,"turns":4},{"damage":2,"enemies":"Nightmare","floor":29,"turns":5},{"damage":5,"enemies":"conspire:HollyBat","floor":30,"turns":6},{"damage":0,"enemies":"Centurion and Healer","floor":33,"turns":2},{"damage":2,"enemies":"Snake Plant","floor":34,"turns":3},{"damage":94,"enemies":"DF_ARCHETYPE_CLAW","floor":35,"turns":9},{"damage":0,"enemies":"Orb Walker","floor":38,"turns":2},{"damage":0,"enemies":"3 Darklings","floor":39,"turns":3},{"damage":0,"enemies":"downfall:FleeingMerchant","floor":40,"turns":4},{"damage":38,"enemies":"HollowMod:StalkingDevout","floor":42,"turns":7},{"damage":0,"enemies":"Sphere and 2 Shapes","floor":46,"turns":1},{"damage":0,"enemies":"4 Shapes","floor":47,"turns":3},{"damage":12,"enemies":"Maw","floor":48,"turns":5},{"damage":26,"enemies":"Transient","floor":51,"turns":5},{"damage":110,"enemies":"SI_POISON_ARCHETYPE","floor":52,"turns":5}],"seed_played":"1785654560827638712","potions_obtained":[{"floor":2,"key":"champ:CounterPotion"},{"floor":10,"key":"Venom Potion"},{"floor":11,"key":"champ:CounterPotion"},{"floor":12,"key":"Dexterity Potion"},{"floor":14,"key":"Energy Potion"},{"floor":19,"key":"LifebloodPotion"},{"floor":22,"key":"FairyPotion"},{"floor":23,"key":"Adrenaline Potion"},{"floor":33,"key":"ColorlessPotion"},{"floor":34,"key":"SmokeBomb"},{"floor":35,"key":"AttackPotion"},{"floor":42,"key":"bronze:FreeFunctionsPotion"},{"floor":47,"key":"BlessingOfTheForge"}],"is_trial":false,"path_per_floor":["R","M","M","M","?","$","T","?","?","M","?","M","$","M","M","B",null,"R","M","M","AVR","M","M","PTL","PTL","T","R","M","NM","M","?","R","M","M","B",null,"R","M","M","$","?","E","T","?","R","M","M","M","R","?","M","B"],"character_chosen":"THE_AUTOMATON","items_purchased":["The Bomb","Ice Cream","Lee\u0027s Waffle"],"campfire_rested":3,"item_purchase_floors":[13,40,40],"current_hp_per_floor":[70,70,61,61,61,61,61,66,66,66,51,36,29,29,29,26,75,75,75,75,75,73,73,73,73,73,73,67,65,60,63,78,78,76,15,78,78,78,78,85,80,42,42,42,67,67,67,55,80,80,54,0,0,0],"gold":362,"neow_bonus":"RANDOM_COMMON_RELIC","is_daily":false,"chose_seed":false,"campfire_upgraded":3,"win_rate":0.0,"timestamp":1612162523,"path_taken":["R","M","M","M","?","$","T","?","?","M","?","M","$","?","M","BOSS","R","M","M","AVR","M","M","PTL","PTL","T","R","?","NM","M","?","R","M","M","BOSS","R","M","M","$","?","E","T","?","R","M","M","M","R","?","M","BOSS"],"items_purchased_type":["Card","Relic","Relic"],"build_version":"2020-12-22","purchased_purges":1,"victory":false,"max_hp_per_floor":[70,70,70,70,70,70,70,75,75,75,75,75,75,75,75,75,75,75,75,75,75,75,75,75,75,75,75,75,75,75,78,78,78,78,78,78,78,78,78,85,85,85,85,85,85,85,85,85,85,85,85,85,85,85],"card_choices":[{"not_picked":["bronze:BugBarrage","bronze:BronzeArmor","bronze:WildBeam"],"picked":"SKIP","floor":2},{"not_picked":["bronze:Deprecate","bronze:Repulsor"],"picked":"bronze:DelayedSlice","floor":3},{"not_picked":["bronze:Turbo","bronze:WildBeam"],"picked":"bronze:BronzeOrb","floor":4},{"not_picked":["bronze:Overload","bronze:BronzeArmor"],"picked":"bronze:Branch","floor":6},{"not_picked":["bronze:DarkDash","bronze:Deprecate","bronze:Safeguard"],"picked":"SKIP","floor":10},{"not_picked":["bronze:ChildClass","bronze:Shell"],"picked":"bronze:InfiniteLoop","floor":12},{"not_picked":["bronze:FineTuning","bronze:Repulsor"],"picked":"bronze:OilSpill","floor":13},{"not_picked":["bronze:Invalidate","bronze:Overheat"],"picked":"bronze:BronzeOrb","floor":14},{"not_picked":["bronze:Break","bronze:Repulsor"],"picked":"bronze:ChosenStrike","floor":15},{"not_picked":["bronze:Repulsor","bronze:Separator"],"picked":"bronze:OilSpill","floor":19},{"not_picked":["bronze:Turbo","bronze:Overheat"],"picked":"bronze:DelayedGuard","floor":20},{"not_picked":[],"picked":"bronze:Branch","floor":22},{"not_picked":["bronze:Overload"],"picked":"SKIP","floor":23},{"not_picked":[],"picked":"bronze:BronzeOrb+1","floor":28},{"not_picked":["infinitespire:UltimateForm","ReplayTheSpireMod:??????????????????????"],"picked":"ReplayTheSpireMod:Haul","floor":29},{"not_picked":[],"picked":"bronze:Branch","floor":29},{"not_picked":["bronze:InfiniteBeams"],"picked":"SKIP","floor":30},{"not_picked":["bronze:ClassDefault"],"picked":"SKIP","floor":33},{"not_picked":[],"picked":"bronze:ChosenStrike","floor":34},{"not_picked":["bronze:BronzeArmor+1"],"picked":"SKIP","floor":38},{"not_picked":["bronze:Optimize"],"picked":"SKIP","floor":39},{"not_picked":["bronze:Deprecate+1"],"picked":"SKIP","floor":40},{"not_picked":["bronze:Virus"],"picked":"SKIP","floor":42},{"not_picked":["bronze:GetLatest+1"],"picked":"SKIP","floor":46},{"not_picked":["bronze:FineTuning"],"picked":"SKIP","floor":47},{"not_picked":["bronze:Shield+1"],"picked":"SKIP","floor":48},{"not_picked":["bronze:CutThrough"],"picked":"SKIP","floor":51}],"player_experience":150384,"relics_obtained":[{"floor":7,"key":"InkBottle"},{"floor":11,"key":"downfall:GremlinWheel"},{"floor":26,"key":"infinitespire:ShieldingShard"},{"floor":29,"key":"Du-Vu Doll"},{"floor":42,"key":"Vajra"},{"floor":43,"key":"hubris:SphereOfDissonance"},{"floor":45,"key":"Replay:Bandana"}],"event_choices":[{"damage_healed":0,"gold_gain":0,"player_choice":"Donut","damage_taken":0,"max_hp_gain":5,"max_hp_loss":0,"event_name":"Big Fish","floor":8,"gold_loss":0},{"damage_healed":0,"gold_gain":0,"player_choice":"Relic","damage_taken":0,"max_hp_gain":0,"max_hp_loss":0,"event_name":"Wheel of Change","floor":45,"gold_loss":0}],"is_beta":false,"boss_relics":[{"not_picked":["energizedSpire:DeadBattery","Black Star"],"picked":"hubris:ScarierMask"},{"not_picked":["aspiration:IroncladSkillbook","Replay:Drink Me"],"picked":"ChewingGum"}],"items_purged_floors":[40],"is_endless":true,"potions_floor_spawned":[2,10,11,12,14,15,19,22,23,33,34,35,42,47,51],"killed_by":"SI_POISON_ARCHETYPE","ascension_level":3}}