{"host":"6azrrw3tf7wb0f4b","time":1612203146,"event":{"mods":["BaseMod","DeckTracker","Minty Spire (QoL Compilation)","SuperFastMode"],"gold_per_floor":[114,127,143,153,228,228,247,132,157,157,187,219,248,271,283,394,406,430,453,477,489,93,126,86,96,96,123,123,148,148,49,49,49,49],"floor_reached":33,"language":"KOR","playtime":646,"items_purged":["Strike_B","Defend_B"],"score":289,"play_id":"1a1afd2c-5129-4e80-9fda-8ea52ac7fae1","local_time":"20210202031226","is_ascension_mode":false,"campfire_choices":[{"data":"Zap","floor":6,"key":"SMITH"},{"data":"Capacitor","floor":10,"key":"SMITH"},{"data":"Chaos","floor":15,"key":"SMITH"},{"floor":28,"key":"DIG"},{"floor":30,"key":"DIG"},{"floor":32,"key":"DIG"}],"circlet_count":0,"master_deck":["Strike_B","Strike_B","Strike_B","Defend_B","Defend_B","Defend_B","Zap+1","Dualcast+1","Auto Shields","Cold Snap","Conserve Battery","Chill","Capacitor+1","Doom and Gloom","Ball Lightning+1","Chaos+1","Self Repair","Hologram","Seek","Hologram+1","Tempest","Meteor Strike","Glacier+1","Self Repair","Turbo","BootSequence"],"relics":["Cracked Core","Akabeko","MawBank","Coffee Dripper","Shovel","Happy Flower","Meat on the Bone","Bag of Marbles","Smiling Mask","Nunchaku","Regal Pillow","Torii"],"acts_visited":["Exordium","TheCity"],"potions_floor_usage":[7,23,23,25,29,33],"damage_taken":[{"damage":1,"enemies":"Cultist","floor":1,"turns":3},{"damage":0,"enemies":"Jaw Worm","floor":2,"turns":3},{"damage":0,"enemies":"Small Slimes","floor":3,"turns":3},{"damage":0,"enemies":"Looter","floor":4,"turns":3},{"damage":0,"enemies":"Exordium Thugs","floor":7,"turns":5},{"damage":17,"enemies":"Lagavulin","floor":11,"turns":6},{"damage":2,"enemies":"Blue Slaver","floor":12,"turns":2},{"damage":0,"enemies":"Exordium Wildlife","floor":13,"turns":3},{"damage":0,"enemies":"Lots of Slimes","floor":14,"turns":1},{"damage":22,"enemies":"Hexaghost","floor":16,"turns":9},{"damage":1,"enemies":"Shell Parasite","floor":18,"turns":4},{"damage":0,"enemies":"Chosen","floor":19,"turns":4},{"damage":29,"enemies":"Snake Plant","floor":20,"turns":4},{"damage":17,"enemies":"Slavers","floor":23,"turns":2},{"damage":7,"enemies":"Chosen and Byrds","floor":25,"turns":5},{"damage":38,"enemies":"Book of Stabbing","floor":29,"turns":6},{"damage":39,"enemies":"Champ","floor":33,"turns":12}],"seed_played":"-9114214445862735019","potions_obtained":[{"floor":1,"key":"SneckoOil"},{"floor":2,"key":"Energy Potion"},{"floor":11,"key":"FearPotion"},{"floor":12,"key":"Explosive Potion"},{"floor":20,"key":"DistilledChaos"},{"floor":25,"key":"EssenceOfSteel"}],"is_trial":false,"path_per_floor":["M","M","M","M","?","R","M","$","T","R","E","M","M","M","R","B",null,"M","M","M","?","$","E","?","M","T","T","R","E","R","$","R","B"],"character_chosen":"DEFECT","items_purchased":["Doom and Gloom","Ball Lightning","Shovel","Self Repair","Swift Potion"],"campfire_rested":0,"item_purchase_floors":[8,8,22,22,31],"current_hp_per_floor":[74,74,74,74,63,63,63,63,63,63,46,44,44,44,44,29,75,75,75,53,53,53,43,43,50,50,50,50,38,38,38,38,0,0],"gold":49,"neow_bonus":"UPGRADE_CARD","is_daily":false,"chose_seed":false,"campfire_upgraded":3,"win_rate":0.0,"timestamp":1612203146,"path_taken":["M","?","M","M","?","R","M","$","T","R","E","M","M","M","R","BOSS","M","M","M","?","$","E","?","?","T","?","R","E","R","?","R","BOSS"],"items_purchased_type":["Card","Card","Relic","Card","Potion"],"build_version":"2020-12-22","purchased_purges":2,"victory":false,"max_hp_per_floor":[75,75,75,75,75,75,75,75,75,75,75,75,75,75,75,75,75,75,75,75,75,75,75,75,75,75,75,75,75,75,75,75,75,75],"card_choices":[{"not_picked":["Steam","Hologram"],"picked":"Auto Shields","floor":1},{"not_picked":["Reprogram","Compile Driver"],"picked":"Cold Snap","floor":2},{"not_picked":["Force Field","Cold Snap"],"picked":"Conserve Battery","floor":3},{"not_picked":["Recycle","Storm"],"picked":"Chill","floor":4},{"not_picked":["Gash","Stack"],"picked":"Capacitor","floor":7},{"not_picked":["Reboot","Gash"],"picked":"Chaos","floor":11},{"not_picked":["Barrage","Conserve Battery","Sweeping Beam"],"picked":"SKIP","floor":12},{"not_picked":["Beam Cell","Gash"],"picked":"Self Repair","floor":13},{"not_picked":["Sweeping Beam","Steam"],"picked":"Hologram","floor":14},{"not_picked":["Fission","All For One"],"picked":"Seek","floor":16},{"not_picked":["Go for the Eyes","Ball Lightning"],"picked":"Hologram+1","floor":18},{"not_picked":["Streamline+1","Capacitor"],"picked":"Tempest","floor":19},{"not_picked":["Hologram+1","Coolheaded"],"picked":"Meteor Strike","floor":20},{"not_picked":["Aggregate","Beam Cell","Gash"],"picked":"SKIP","floor":23},{"not_picked":["Sweeping Beam","Darkness"],"picked":"Turbo","floor":25},{"not_picked":["Double Energy+1","Meteor Strike"],"picked":"BootSequence","floor":29}],"player_experience":750040,"relics_obtained":[{"floor":9,"key":"Akabeko"},{"floor":11,"key":"MawBank"},{"floor":23,"key":"Happy Flower"},{"floor":26,"key":"Meat on the Bone"},{"floor":27,"key":"Bag of Marbles"},{"floor":28,"key":"Smiling Mask"},{"floor":29,"key":"Nunchaku"},{"floor":30,"key":"Regal Pillow"},{"floor":32,"key":"Torii"}],"event_choices":[{"damage_healed":0,"gold_gain":75,"player_choice":"Gather Gold","damage_taken":11,"max_hp_gain":0,"max_hp_loss":0,"event_name":"World of Goop","floor":5,"gold_loss":0},{"damage_healed":0,"gold_gain":0,"player_choice":"Read","damage_taken":0,"max_hp_gain":0,"max_hp_loss":0,"event_name":"The Library","floor":21,"gold_loss":0,"cards_obtained":["Glacier"]},{"damage_healed":0,"gold_gain":0,"player_choice":"Upgraded Two","damage_taken":0,"max_hp_gain":0,"max_hp_loss":0,"event_name":"Designer","floor":24,"gold_loss":40,"cards_upgraded":["Glacier","Ball Lightning"]}],"is_beta":false,"boss_relics":[{"not_picked":["Snecko Eye","Velvet Choker"],"picked":"Coffee Dripper"}],"items_purged_floors":[22,31],"is_endless":false,"potions_floor_spawned":[1,2,11,12,14,20,25],"killed_by":"Champ","ascension_level":0}}