{"host":"ibtxpp7hbhk6t4eo","time":1612177209,"event":{"mods":["BaseMod","Downfall","Minty Spire (QoL Compilation)","StSLib","Waifu the Spire"],"gold_per_floor":[99,114,130,130,147,177,177,207,107,134,34,61,61,71,83,185,185,185,199,217,236,140,140,140,140,169,319,344,354,254,175,193,298,298,298,315,315,315,342,250,276,150,175,200,220,220,220,18,28,28,28,60,1,1,1,1,1],"floor_reached":55,"language":"ZHS","playtime":3431,"items_purged":["Pride"],"score":1146,"play_id":"14ebd6a5-d344-42f7-8e35-9bcb632b362e","local_time":"20210201190009","daily_mods":["Specialized","Vintage","Heirloom","Time Dilation","Flight","downfall:ChampStances","DeadlyEvents","Elite Swarm"],"is_ascension_mode":false,"campfire_choices":[{"floor":1,"key":"RECALL"},{"floor":9,"key":"REST"},{"data":"champ:UltimateStance","floor":11,"key":"SMITH"},{"data":"champ:UltimateStance","floor":18,"key":"SMITH"},{"data":"champ:TripleStrike","floor":23,"key":"SMITH"},{"data":"1","floor":30,"key":"LIFT"},{"data":"champ:Improvising","floor":35,"key":"SMITH"},{"data":"champ:RapidStrikes","floor":46,"key":"SMITH"},{"data":"2","floor":47,"key":"LIFT"},{"data":"3","floor":54,"key":"LIFT"}],"circlet_count":0,"master_deck":["champ:Strike+1","champ:Strike+1","champ:Strike+1","champ:Strike+1","champ:Defend+1","champ:Defend+1","champ:Defend+1","champ:Defend+1","champ:Execute+1","champ:Taunt+1","champ:CrookedStrike+1","champ:CrookedStrike+1","champ:CrookedStrike+1","champ:CrookedStrike+1","champ:CrookedStrike+1","champ:Taunt+1","champ:HeavySlash+1","champ:TripleStrike+1","champ:UltimateStance+1","champ:UltimateStance+1","champ:VampiricStrike+1","champ:PreciseThrust+1","champ:BerserkerStyle+1","champ:UltimateStance+1","champ:ArenaPreparation+1","champ:Shatter+1","champ:LastStand+1","champ:Improvising+1","champ:UltimateStance+1","champ:CrownThrow","champ:RapidStrikes+1","champ:VampiricStrike","champ:SteelEdge","champ:Lariat+1","champ:UltimateStance+1","champ:Lariat+1","champ:RageSigil+1"],"relics":["champ:ChampionCrown","champ:ChampStancesModRelic","FossilizedHelix","Girya","Dead Branch","Anchor","Regal Pillow","Matryoshka","Eternal Feather","Incense Burner","Unceasing Top","champ:LiftRelic","White Beast Statue","Lantern","bronze:MakeshiftBattery","hexamod:BolsterEngine","Mummified Hand","Toxic Egg 2","sneckomod:BlankCard","Blue Candle","champ:DefensiveTrainingManual","Orichalcum","Membership Card","Shuriken","Sundial","Guardian:PocketSentry","HornCleat","SlaversCollar","Art of War","Dream Catcher","MealTicket","Pantograph","The Courier","Gremlin Horn","Happy Flower","Chemical X","Bag of Marbles","Nunchaku","Pen Nib","Bottled Lightning"],"acts_visited":["Exordium","TheCity","TheBeyond","TheEnding"],"potions_floor_usage":[10,12,16,16,29],"damage_taken":[{"damage":21,"enemies":"Jaw Worm","floor":2,"turns":2},{"damage":15,"enemies":"Cultist","floor":3,"turns":3},{"damage":0,"enemies":"Small Slimes","floor":5,"turns":2},{"damage":56,"enemies":"Lagavulin","floor":6,"turns":4},{"damage":13,"enemies":"3 Sentries","floor":8,"turns":7},{"damage":26,"enemies":"Lagavulin","floor":10,"turns":5},{"damage":40,"enemies":"3 Sentries","floor":12,"turns":4},{"damage":10,"enemies":"Gremlin Gang","floor":14,"turns":3},{"damage":20,"enemies":"Exordium Wildlife","floor":15,"turns":3},{"damage":81,"enemies":"DF_ARCHETYPE_STREAMLINE","floor":16,"turns":7},{"damage":17,"enemies":"3 Byrds","floor":19,"turns":3},{"damage":0,"enemies":"Snake Plant","floor":20,"turns":2},{"damage":0,"enemies":"Centurion and Healer","floor":21,"turns":3},{"damage":60,"enemies":"downfall:FleeingMerchant","floor":22,"turns":4},{"damage":59,"enemies":"Book of Stabbing","floor":26,"turns":4},{"damage":30,"enemies":"downfall:FleeingMerchant","floor":27,"turns":2},{"damage":9,"enemies":"Gremlin Leader","floor":28,"turns":1},{"damage":75,"enemies":"Sentry and Sphere","floor":29,"turns":2},{"damage":0,"enemies":"Shelled Parasite and Fungi","floor":32,"turns":2},{"damage":72,"enemies":"SI_MIRROR_ARCHETYPE","floor":33,"turns":4},{"damage":19,"enemies":"3 Shapes","floor":36,"turns":2},{"damage":20,"enemies":"Reptomancer","floor":39,"turns":2},{"damage":70,"enemies":"Nemesis","floor":43,"turns":3},{"damage":25,"enemies":"Giant Head","floor":44,"turns":5},{"damage":19,"enemies":"3 Darklings","floor":45,"turns":1},{"damage":24,"enemies":"Jaw Worm Horde","floor":49,"turns":1},{"damage":8,"enemies":"IC_BLOCK_ARCHETYPE","floor":50,"turns":2},{"damage":86,"enemies":"downfall:CharBossMerchant","floor":52,"turns":4},{"damage":120,"enemies":"downfall:NeowBoss","floor":55,"turns":4}],"seed_played":"-8647370406393715988","potions_obtained":[{"floor":2,"key":"Swift Potion"},{"floor":3,"key":"Swift Potion"},{"floor":8,"key":"Explosive Potion"},{"floor":14,"key":"SteroidPotion"},{"floor":15,"key":"SteroidPotion"},{"floor":16,"key":"ColorlessPotion"},{"floor":19,"key":"Slimebound:ThreeZeroPotion"},{"floor":27,"key":"CultistPotion"},{"floor":28,"key":"PowerPotion"},{"floor":29,"key":"Strength Potion"},{"floor":39,"key":"Strength Potion"}],"is_trial":true,"path_per_floor":["R","M","M","?","M","E","T","E","R","E","R","E","?","M","M","B",null,"R","M","M","M","$","R","T","T","E","$","E","M","R","$","M","B",null,"R","M","?","?","E","$","T","$","E","E","M","R","R","$","M","B",null,"E","$","R","B"],"character_chosen":"THE_CHAMP","items_purchased":["champ:BerserkerStyle","Membership Card","champ:Shatter","Guardian:PocketSentry","champ:CrownThrow","champ:RapidStrikes","Pantograph","Chemical X","champ:Lariat+1","Bag of Marbles","Nunchaku","champ:Lariat+1","champ:RageSigil+1"],"campfire_rested":1,"item_purchase_floors":[22,27,27,31,40,40,42,48,48,48,48,53,53],"current_hp_per_floor":[90,89,89,89,89,74,74,66,90,79,88,78,78,90,90,60,90,90,90,90,90,90,90,90,90,84,89,90,90,100,100,100,100,100,100,100,90,55,59,59,59,74,81,87,90,90,90,90,90,90,90,56,71,90,0,0,0],"gold":1,"neow_bonus":"","is_daily":false,"chose_seed":false,"campfire_upgraded":5,"win_rate":0.0,"timestamp":1612177209,"path_taken":["R","M","M","?","?","E","T","?","R","E","R","E","?","?","M","BOSS","R","M","?","M","?","R","T","?","?","$","?","?","R","$","M","BOSS","R","M","?","?","?","$","T","?","?","E","?","R","R","$","M","BOSS","E","$","R","BOSS"],"items_purchased_type":["Card","Relic","Card","Relic","Card","Card","Relic","Relic","Card","Relic","Relic","Card","Card"],"build_version":"2020-12-22","purchased_purges":1,"victory":false,"max_hp_per_floor":[90,90,90,90,90,90,90,90,90,90,90,90,90,90,90,90,90,90,90,90,90,90,90,90,90,90,90,90,90,100,100,100,100,100,100,100,90,90,90,90,90,90,90,90,90,90,90,90,90,90,90,90,90,90,90,90,90],"card_choices":[{"not_picked":["champ:SteelEdge","champ:Devastate"],"picked":"champ:HeavySlash","floor":6},{"not_picked":["champ:ShieldThrow","champ:SteelEdge"],"picked":"champ:TripleStrike","floor":8},{"not_picked":["champ:HoldFirm","champ:SwordThrow"],"picked":"champ:UltimateStance","floor":10},{"not_picked":["champ:HoldFirm","champ:IgnorePain"],"picked":"champ:UltimateStance","floor":12},{"not_picked":["champ:HoldFirm","champ:Improvising"],"picked":"champ:VampiricStrike","floor":16},{"not_picked":["champ:Shatter","champ:Parry+1"],"picked":"champ:PreciseThrust","floor":22},{"not_picked":["champ:GladiatorForm","champ:HeavySlash"],"picked":"champ:UltimateStance+1","floor":26},{"not_picked":["champ:BladeFlurry+1","champ:StanceDance+1"],"picked":"champ:ArenaPreparation+1","floor":27},{"not_picked":["champ:Improvising","champ:CheapShot"],"picked":"champ:LastStand","floor":28},{"not_picked":["champ:ShieldThrow","champ:DancingMaster"],"picked":"champ:Improvising","floor":33},{"not_picked":["champ:SwordThrow","champ:TripleStrike"],"picked":"champ:UltimateStance+1","floor":39},{"not_picked":["champ:TripleStrike","champ:GladiatorForm"],"picked":"champ:VampiricStrike","floor":43},{"not_picked":["champ:CheapShot","champ:Improvising"],"picked":"champ:SteelEdge","floor":44},{"not_picked":["champ:ShieldThrow","champ:Improvising"],"picked":"champ:UltimateStance+1","floor":52}],"player_experience":89096,"relics_obtained":[{"floor":2,"key":"Girya"},{"floor":3,"key":"Dead Branch"},{"floor":5,"key":"Anchor"},{"floor":6,"key":"Regal Pillow"},{"floor":7,"key":"Matryoshka"},{"floor":8,"key":"Eternal Feather"},{"floor":10,"key":"Incense Burner"},{"floor":12,"key":"Unceasing Top"},{"floor":14,"key":"White Beast Statue"},{"floor":15,"key":"Lantern"},{"floor":19,"key":"hexamod:BolsterEngine"},{"floor":20,"key":"Mummified Hand"},{"floor":21,"key":"Toxic Egg 2"},{"floor":24,"key":"sneckomod:BlankCard"},{"floor":24,"key":"Blue Candle"},{"floor":25,"key":"champ:DefensiveTrainingManual"},{"floor":26,"key":"Orichalcum"},{"floor":28,"key":"Shuriken"},{"floor":29,"key":"Sundial"},{"floor":32,"key":"HornCleat"},{"floor":36,"key":"Art of War"},{"floor":39,"key":"Dream Catcher"},{"floor":41,"key":"MealTicket"},{"floor":43,"key":"The Courier"},{"floor":44,"key":"Gremlin Horn"},{"floor":45,"key":"Happy Flower"},{"floor":49,"key":"Pen Nib"},{"floor":52,"key":"Bottled Lightning"}],"event_choices":[],"is_beta":false,"boss_relics":[{"not_picked":["Empty Cage","Velvet Choker"],"picked":"bronze:MakeshiftBattery"},{"not_picked":["Sozu","expansioncontent:StudyCardRelic"],"picked":"SlaversCollar"}],"items_purged_floors":[40],"is_endless":false,"potions_floor_spawned":[2,3,8,14,15,16,19,20,21,22,26,27,28,29,32,33,36,39,43,44,45,49,52],"killed_by":"downfall:NeowBoss","ascension_level":0}}