{"host":"54jr43vd79817238","time":1612144634,"event":{"mods":["100% Spire Juice","ATMod(°¢èªMod)","Act Like it!","Arknights","Aspiration","BaseMod","CapriCore","Dota2Spire","Friendly Minions","Gensokyo","Hallownest","Hermit","Jedi Mod","KomeijiMod","Lobotomy","LobotomyExtend","Marisa£¨ìFÓê¡¡Ä§ÀíÉ³£©","Minty Spire (QoL Compilation)","MostiFishMod","Quarter Circle Forward PUNCH!","Reliquary","Replay The Spire","Robot Space Explorer","RumiaBox-Â¶Ã×æ«µÄÉñÃØºÐ×Ó","Slay the StarCraft II Mod","Spicy Shops","StSLib","TestMod","The Blackbeard","The Dragon Tamer","WarShipGirlsR/Õ½½¢ÉÙÅ®R mod","Yakumo Yukari mod","Youmu£¨»êÆÇÑýÃÎ£©","Yuyuko","[IsaacMod]ÒÔÈö¼âËþ","¡¾ÒÅÎï¿¨ÅÆ¡¿REMEMod"],"gold_per_floor":[130,230,230,0,13,13,13,44,44,44,56,67,92,192,192,296,296,316,336,336,369,369,407,407,441,441,169,169,189,26,38,38,141,141,152,167,167,167,10,46,75,75,75,100,40,51,71,126,126,175,175,175,175,9,54,306],"floor_reached":57,"language":"ZHS","playtime":2115,"items_purged":["AT_purpleEX","AT_purpleEX"],"score":1626,"play_id":"d72cdc80-2f57-4fd9-82d6-757f1a27882d","local_time":"20210201095714","is_ascension_mode":false,"campfire_choices":[{"floor":6,"key":"RECALL"},{"data":"AT_KingSlayer","floor":10,"key":"SMITH"},{"data":"D_absorption_purple","floor":15,"key":"SMITH"},{"floor":24,"key":"REST"},{"floor":28,"key":"REST"},{"floor":32,"key":"REST"},{"floor":49,"key":"REST"},{"floor":53,"key":"REST"}],"circlet_count":0,"master_deck":["AT_purpleEX","AT_purpleEX+1","Defend_purpleEX","Defend_purpleEX+1","Defend_purpleEX","Defend_purpleEX","Observe_purple_1","Observe_purple_2","EpicFetus","AT_KingSlayer+1","AT_DarkMatter","EighthInstrument_OneDividesIntoTwo_purple","StateErode_purple","D_absorption_purple+1","StateErode_purple","DimensionStaggered_purple","Charmbait_purple","Umbrella_purple+1","Shallow_ocean_purpleEX","MeetDecomposer_purple","Know_ledgeAbilityRealm_purple","AT_EmpoweredMortalDraw","Erosivefilter_purple+1","Boundary_DynamicStaticEquilibrium_purple+1","MNeedle_purple","CommonSense_AntiCommonSense_purple","Umbrella_purple+1","PositiveMatter_Antimatter_Universe_purple+1","ContainerChange_purple","Boundary_of_Extermination_purpleEX","Fantasy_PerpetualMotionMachine_purple","StateErode_purple","Shallow_ocean_purpleEX+1","DimensionStaggered_purple+1","Bait_HighSpeedFlying_purple","Charmbait_purple+1","Fantasy_PerpetualMotionMachine_purple+1"],"relics":["Boundary_crack","Memoryfragments_purpleEX","DaveBox","AT_ATBox","testmod-TestBox","REME_ComplimentaryCards","HushsDoor","aspiration:Nostalgia","MusicBox","PokeGo","testmod-AscensionHeart","ShadowXiaoBlade","SynthV:TestCard","ReplayTheSpireMod:TigerMarble","reliquary:BrokenClock","Juzu Bracelet","testmod-Acrobat","AT_MortalBlade","HowToJump","AT_RedTearstoneRing","SynthV:C4","Gremlin Food","testmod-LifeArmor","GodSword7","BirthdayGift-Tetrahedron","testmod-Prudence","jedi:crownofsimplicity","qcfpunch:Broken_Tusk","Ccalipers","SalivaCoin","jedi:Pinwheel","Membership Card","Bag of Preparation"],"acts_visited":["Gensokyo:Gensokyo","Gensokyo:Gensokyoer","Hallownest:KingdomsEdge","TheEnding"],"potions_floor_usage":[16,16,33,56,56,56],"damage_taken":[{"damage":0,"enemies":"Gensokyo:Python","floor":1,"turns":2},{"damage":0,"enemies":"Gensokyo:2_Kodama","floor":5,"turns":1},{"damage":21,"enemies":"Gensokyo:Cirno","floor":8,"turns":4},{"damage":17,"enemies":"Gensokyo:3_Fairies","floor":11,"turns":3},{"damage":0,"enemies":"Gensokyo:Python_and_Kodama","floor":12,"turns":2},{"damage":30,"enemies":"Gensokyo:Yukari","floor":16,"turns":5},{"damage":0,"enemies":"Gensokyo:3_Dogs","floor":18,"turns":2},{"damage":0,"enemies":"Gensokyo:CosmicMonolith","floor":19,"turns":1},{"damage":19,"enemies":"Gensokyo:Koishi","floor":23,"turns":3},{"damage":14,"enemies":"Gensokyo:Tenshi","floor":25,"turns":2},{"damage":0,"enemies":"Gensokyo:Slime_Group","floor":29,"turns":3},{"damage":2,"enemies":"Gensokyo:Wraith","floor":31,"turns":2},{"damage":5,"enemies":"Gensokyo:Eternal_Rivals","floor":33,"turns":4},{"damage":0,"enemies":"Hallownest:Shield_Heavy","floor":35,"turns":1},{"damage":5,"enemies":"Hallownest:3_Siblings","floor":36,"turns":2},{"damage":22,"enemies":"Hallownest:eliteCollector","floor":40,"turns":2},{"damage":2,"enemies":"Hallownest:eliteHiveKnight","floor":41,"turns":2},{"damage":0,"enemies":"Hallownest:2_Great","floor":44,"turns":1},{"damage":0,"enemies":"Hallownest:2_Wing_and_1_Kings","floor":46,"turns":1},{"damage":0,"enemies":"Hallownest:2_Soldiers_and_1_Guardian","floor":47,"turns":1},{"damage":2,"enemies":"Hallownest:eliteCollector","floor":48,"turns":2},{"damage":6,"enemies":"Hallownest:Radiance","floor":50,"turns":4},{"damage":2,"enemies":"Shield and Spear","floor":55,"turns":2},{"damage":110,"enemies":"LittleHush","floor":56,"turns":14}],"seed_played":"7398242859183295224","potions_obtained":[{"floor":8,"key":"Reflective Coating"},{"floor":12,"key":"Adrenaline Potion"},{"floor":16,"key":"Swift Potion"},{"floor":18,"key":"Fire Potion"},{"floor":23,"key":"EssenceOfSteel"},{"floor":36,"key":"Adrenaline Potion"},{"floor":46,"key":"CultistPotion"}],"is_trial":false,"path_per_floor":["M","?","?","$","M","R","?","E","T","R","M","M","T","?","R","B",null,"M","M","?","?","?","E","R","E","T","$","R","M","COS","M","R","B",null,"M","M","?","?","$","E","E","?","T","M","?","M","M","E","R","B",null,null,"R","$","E","B",null],"character_chosen":"Youkari","items_purchased":["ReplayTheSpireMod:TigerMarble","reliquary:BrokenClock","testmod-LifeArmor","GodSword7","jedi:crownofsimplicity","Membership Card"],"campfire_rested":5,"item_purchase_floors":[4,4,27,27,39,54],"current_hp_per_floor":[70,70,70,70,70,70,70,53,53,53,38,41,41,41,41,11,70,70,70,70,42,42,24,45,34,34,34,55,56,56,54,70,65,70,70,65,70,70,70,49,48,48,48,51,58,58,58,57,80,77,77,80,80,80,79,51],"gold":306,"neow_bonus":"NOSTALGIA","is_daily":false,"chose_seed":false,"campfire_upgraded":2,"win_rate":0.0,"timestamp":1612144634,"path_taken":["M","?","?","$","M","R","?","E","T","R","M","M","?","?","R","BOSS","M","M","?","?","?","E","R","E","T","?","R","M","COS","M","R","BOSS","M","M","?","?","$","E","E","?","T","M","?","M","M","E","R","BOSS","R","$","E","BOSS"],"items_purchased_type":["Relic","Relic","Relic","Relic","Relic","Relic"],"build_version":"2020-12-22","purchased_purges":2,"victory":true,"max_hp_per_floor":[70,70,70,70,70,70,70,70,70,70,70,70,70,70,70,70,70,70,70,70,70,70,70,70,70,70,70,70,70,70,70,70,70,70,70,70,70,70,70,70,70,70,70,73,80,80,80,80,80,80,80,80,80,80,80,80],"card_choices":[{"not_picked":[],"picked":"EpicFetus","floor":0},{"not_picked":["RuleDissolution_purple","SfantasyHide_purple"],"picked":"EighthInstrument_OneDividesIntoTwo_purple","floor":1},{"not_picked":["DimensionStaggered_purple","Charmbait_purple","Umbrella_purple","Realm_recovery_purpleEX"],"picked":"StateErode_purple","floor":2},{"not_picked":["Photoelasticity_Doppler_Effect_purple","ExistenceContinue_purple","Umbrella_purple","Mirror_WaveAndshot_purple"],"picked":"D_absorption_purple","floor":3},{"not_picked":["SharpContractionReality_purple","RealityDreamConfluencek_purple","MeetDecomposer_purple","Charmbait_purple"],"picked":"StateErode_purple","floor":3},{"not_picked":["Boundary_of_Extermination_purpleEX","Line_surface_state_purple","AdvanceAttack_purple","Nest_LightFlightworm_purple"],"picked":"DimensionStaggered_purple","floor":5},{"not_picked":["Price_of_realm_purpleEX","Yakumo_Ran_purple","AdvanceAttack_purple","PurpleNeedle_purple"],"picked":"Charmbait_purple","floor":8},{"not_picked":["Realm_recovery_purpleEX","Worldmountain_purple","ExistenceContinue_purple","Boundary_DynamicStaticEquilibrium_purple"],"picked":"Umbrella_purple","floor":11},{"not_picked":["Boundary_of_Extermination_purpleEX","StateDuplicate_purple","Realm_recovery_purpleEX","Boundary_DreamRealityDamnation_purple"],"picked":"Shallow_ocean_purpleEX","floor":12},{"not_picked":["AdvanceAttack_purple","WangLiang_OokamiKakushi_purple","Shallow_ocean_purpleEX","MonsterNeedle_purple"],"picked":"MeetDecomposer_purple","floor":14},{"not_picked":["Fancifulhole_purple","D_absorption_purple","WangLiang_OokamiKakushi_purple","Human_Monster_Realm_purple"],"picked":"Know_ledgeAbilityRealm_purple","floor":16},{"not_picked":["MonsterNeedle_purple","Extrememeaning_purpleEX","Mirror_FormAndEmptin_purple+1","SfantasyHide_purple","ExistenceContinue_purple"],"picked":"SKIP","floor":18},{"not_picked":["Umbrella_purple","Boundary_LightAndDark_purple","Mirror_Drifter_purple","WingOfChimera_purple"],"picked":"Erosivefilter_purple","floor":19},{"not_picked":["RuleDissolution_purple","PurpleNeedle_purple+1","Charmbait_purple","StateDuplicate_purple"],"picked":"Boundary_DynamicStaticEquilibrium_purple+1","floor":21},{"not_picked":["StateErode_purple","Mirror_FormAndEmptin_purple+1","Know_ledgeAbilityRealm_purple","RuptureOfTimeAndSpace_purple"],"picked":"MNeedle_purple","floor":23},{"not_picked":["Mirror_FormAndEmptin_purple","ExistenceContinue_purple","SharpContractionReality_purple","Human_Monster_Realm_purple"],"picked":"CommonSense_AntiCommonSense_purple","floor":25},{"not_picked":["ExistenceContinue_purple","Extrememeaning_purpleEX","StateDuplicate_purple","OmniscientAndOmnipotent_Monster_purple"],"picked":"Umbrella_purple+1","floor":29},{"not_picked":["Shallow_ocean_purpleEX+1","Boundary_DreamRealityDamnation_purple","ExternalForce_HighSpeedFlying_purple","MeetDecomposer_purple"],"picked":"PositiveMatter_Antimatter_Universe_purple+1","floor":31},{"not_picked":["D_absorption_purple","WangLiang_OokamiKakushi_purple","LoveAcrossDimensions_purple","Price_of_realm_purpleEX"],"picked":"ContainerChange_purple","floor":33},{"not_picked":["StateErode_purple+1","MetroBOOM_purple","RuleDissolution_purple","Mirror_FormAndEmptin_purple"],"picked":"Boundary_of_Extermination_purpleEX","floor":35},{"not_picked":["WingOfChimera_purple+1","StretchesForeverDream_purple+1","Anti_communist_purple","Mirror_FormAndEmptin_purple"],"picked":"Fantasy_PerpetualMotionMachine_purple","floor":36},{"not_picked":["SfantasyHide_purple","SharpContractionReality_purple+1","DarkRealmRedLine_purple","Mirror_FormAndEmptin_purple+1"],"picked":"StateErode_purple","floor":40},{"not_picked":["Umbrella_purple","ContainerChange_purple","Charmbait_purple","SharpContractionReality_purple"],"picked":"Shallow_ocean_purpleEX+1","floor":41},{"not_picked":["Umbrella_purple","RuptureOfTimeAndSpace_purple","Bait_HighSpeedFlying_purple+1","Nest_LightFlightworm_purple+1"],"picked":"DimensionStaggered_purple+1","floor":44},{"not_picked":["Extrememeaning_purpleEX","StateDuplicate_purple+1","PositiveMatter_Antimatter_Universe_purple+1","ExternalForce_HighSpeedFlying_purple+1","OmniscientAndOmnipotent_Monster_purple"],"picked":"SKIP","floor":46},{"not_picked":["Umbrella_purple","Boundary_LightAndDark_purple+1","WorldDissolvedintheRealm_purple","GluttonyofRealm_purpleEX"],"picked":"Bait_HighSpeedFlying_purple","floor":47},{"not_picked":["MeetDecomposer_purple","ExistenceContinue_purple+1","Mirror_WaveAndshot_purple+1","OmniscientAndOmnipotent_Monster_purple+1"],"picked":"Charmbait_purple+1","floor":48},{"not_picked":["Photoelasticity_Doppler_Effect_purple","StateDuplicate_purple+1","ExistenceContinue_purple","DimensionStaggered_purple+1"],"picked":"Fantasy_PerpetualMotionMachine_purple+1","floor":55}],"player_experience":275809,"relics_obtained":[{"floor":1,"key":"SynthV:TestCard"},{"floor":8,"key":"Juzu Bracelet"},{"floor":13,"key":"testmod-Acrobat"},{"floor":21,"key":"HowToJump"},{"floor":23,"key":"AT_RedTearstoneRing"},{"floor":25,"key":"SynthV:C4"},{"floor":26,"key":"Gremlin Food"},{"floor":40,"key":"qcfpunch:Broken_Tusk"},{"floor":41,"key":"Ccalipers"},{"floor":43,"key":"SalivaCoin"},{"floor":48,"key":"jedi:Pinwheel"},{"floor":55,"key":"Bag of Preparation"}],"event_choices":[],"is_beta":false,"boss_relics":[{"not_picked":["Replay:Drink Me","testmod-SaigiyounoYou"],"picked":"AT_MortalBlade"},{"not_picked":[]},{"not_picked":["jedi:hotpepper","qcfpunch:Crimson_Sash"],"picked":"testmod-Prudence"},{"not_picked":[]}],"items_purged_floors":[54,54],"is_endless":false,"potions_floor_spawned":[8,12,16,18,23,29,36,41,46,47,55],"ascension_level":0}}