{"host":"l5zfpd2l2htson6l","time":1612138620,"event":{"mods":["AchievementEnabler","BaseMod","Colored Map","Colored Powertips","Minty Spire (QoL Compilation)","Permanent Neow","Quick Restart","Rare Cards Sparkle","Relic Stats","SuperFastMode"],"gold_per_floor":[364,377,397,414,414,414,441,460,460,30,40,71,86,105,105,183,183,198,198,210,230,230,230],"floor_reached":22,"language":"ENG","playtime":1049,"items_purged":["Strike_R"],"score":374,"play_id":"ccb27d30-e300-4ec9-9ea8-46ab9d26c3af","local_time":"20210131161700","is_ascension_mode":true,"campfire_choices":[{"data":"Bash","floor":6.0,"key":"SMITH"},{"floor":15.0,"key":"REST"}],"circlet_count":0,"master_deck":["AscendersBane","Strike_R","Strike_R","Strike_R","Defend_R","Defend_R","Defend_R","Defend_R","Bash+1","Twin Strike","Clothesline","Wild Strike","Hemokinesis","Bloodletting","Immolate","Feed","Offering","Carnage","Spot Weakness","Impervious","Rupture","Decay","Ghostly Armor"],"relics":["Burning Blood","Turnip","Lizard Tail","WingedGreaves","Velvet Choker"],"acts_visited":["Exordium","TheCity"],"potions_floor_usage":[],"damage_taken":[{"damage":1.0,"enemies":"Cultist","floor":1.0,"turns":3.0},{"damage":11.0,"enemies":"2 Louse","floor":2.0,"turns":3.0},{"damage":7.0,"enemies":"Small Slimes","floor":3.0,"turns":3.0},{"damage":12.0,"enemies":"Looter","floor":4.0,"turns":4.0},{"damage":29.0,"enemies":"3 Sentries","floor":7.0,"turns":9.0},{"damage":11.0,"enemies":"Lots of Slimes","floor":8.0,"turns":5.0},{"damage":8.0,"enemies":"Large Slime","floor":11.0,"turns":3.0},{"damage":19.0,"enemies":"Lagavulin","floor":12.0,"turns":3.0},{"damage":6.0,"enemies":"Blue Slaver","floor":13.0,"turns":1.0},{"damage":9.0,"enemies":"Exordium Wildlife","floor":14.0,"turns":3.0},{"damage":45.0,"enemies":"The Guardian","floor":16.0,"turns":11.0},{"damage":20.0,"enemies":"Chosen","floor":18.0,"turns":4.0},{"damage":44.0,"enemies":"Shell Parasite","floor":20.0,"turns":6.0},{"damage":28,"enemies":"Sentry and Sphere","floor":21,"turns":4},{"damage":39,"enemies":"Cultist and Chosen","floor":22,"turns":3}],"seed_played":"-5061705189472749492","potions_obtained":[{"floor":3.0,"key":"Ancient Potion"},{"floor":8.0,"key":"SmokeBomb"},{"floor":12.0,"key":"AttackPotion"},{"floor":13.0,"key":"Weak Potion"},{"floor":16.0,"key":"ElixirPotion"},{"floor":18.0,"key":"Regen Potion"}],"is_trial":false,"path_per_floor":["M","M","M","M","?","R","E","M","T","$","M","E","M","M","R","B",null,"M","?","M","M","M"],"character_chosen":"IRONCLAD","items_purchased":["Immolate","Fire Potion","Feed"],"campfire_rested":1,"item_purchase_floors":[10,10,10],"current_hp_per_floor":[68,63,62,56,56,56,33,28,28,28,26,16,16,16,38,38,65,54,54,31,9,0,0],"gold":230,"neow_bonus":"TWO_FIFTY_GOLD","is_daily":false,"chose_seed":false,"campfire_upgraded":1,"win_rate":0.0,"timestamp":1612138620,"path_taken":["M","?","?","M","?","R","E","M","T","$","M","E","M","?","R","BOSS","M","?","M","M","M"],"items_purchased_type":["Card","Potion","Card"],"build_version":"2020-12-22","purchased_purges":1,"victory":false,"max_hp_per_floor":[68,68,68,68,68,68,68,68,68,68,68,71,71,74,74,74,74,77,77,77,77,77,77],"relic_stats":{"Lizard Tail":37,"counters":[15,65],"Turnip":[7],"obtain_stats":[{"Lizard Tail":9,"Velvet Choker":17,"Turnip":7,"WingedGreaves":12,"Burning Blood":0},{"Lizard Tail":6,"Velvet Choker":11,"Turnip":5,"WingedGreaves":8,"Burning Blood":0},{"Lizard Tail":27,"Velvet Choker":48,"Turnip":22,"WingedGreaves":33,"Burning Blood":0}],"Burning Blood":79},"card_choices":[{"not_picked":["Rupture","Clash"],"picked":"Twin Strike","floor":1.0},{"not_picked":["Thunderclap","True Grit"],"picked":"Clothesline","floor":2.0},{"not_picked":["Anger","Clash"],"picked":"Wild Strike","floor":3.0},{"not_picked":["Cleave","Pommel Strike"],"picked":"Hemokinesis","floor":4.0},{"not_picked":["Dark Embrace","Perfected Strike"],"picked":"Bloodletting","floor":7.0},{"not_picked":["Body Slam","Headbutt","Perfected Strike"],"picked":"SKIP","floor":8.0},{"not_picked":["Havoc","Anger"],"picked":"Offering","floor":11.0},{"not_picked":["Sword Boomerang","Flex"],"picked":"Carnage","floor":12.0},{"not_picked":["Reckless Charge","Sword Boomerang"],"picked":"Spot Weakness","floor":13.0},{"not_picked":["Thunderclap","Exhume","Sentinel"],"picked":"SKIP","floor":14.0},{"not_picked":["Brutality","Double Tap"],"picked":"Impervious","floor":16.0},{"not_picked":["Evolve","Dual Wield"],"picked":"Rupture","floor":18.0},{"not_picked":["Twin Strike","Body Slam","Clash+1"],"picked":"SKIP","floor":20.0},{"not_picked":["True Grit","Havoc"],"picked":"Ghostly Armor","floor":21}],"player_experience":810104,"relics_obtained":[{"floor":7.0,"key":"Turnip"},{"floor":9.0,"key":"Lizard Tail"},{"floor":12.0,"key":"WingedGreaves"}],"event_choices":[{"cards_removed":["Strike_R"],"damage_healed":0.0,"max_hp_gain":0.0,"max_hp_loss":0.0,"gold_gain":0.0,"event_name":"Bonfire Elementals","player_choice":"Offered Basic","floor":5.0,"gold_loss":0.0,"damage_taken":0.0},{"damage_healed":0.0,"max_hp_gain":0.0,"max_hp_loss":0.0,"gold_gain":0.0,"event_name":"Forgotten Altar","player_choice":"Smashed Altar","floor":19.0,"gold_loss":0.0,"damage_taken":0.0,"cards_obtained":["Decay"]}],"is_beta":false,"boss_relics":[{"not_picked":["Tiny House","Astrolabe"],"picked":"Velvet Choker"}],"items_purged_floors":[10],"is_endless":false,"potions_floor_spawned":[3,8,12,13,16,18],"killed_by":"Cultist and Chosen","ascension_level":17}}