{"host":"7tvb1em0d2fx72q7","time":1612139447,"event":{"mods":["BaseMod","Challenge The Spire","Minty Spire (QoL Compilation)","StSLib","everything is the same but u backflip on backflip"],"gold_per_floor":[18,18,37,62,75,75,94,94,94,106,118,144,189,264,276,381,393,424,455,467,479,83,83,83,83,107,142,178,178,191,227,227,227,227],"floor_reached":33,"language":"ENG","playtime":1896,"items_purged":["Pain"],"score":616,"play_id":"1e081177-79cd-483c-9a9a-b7e6639e812b","local_time":"20210131193047","is_ascension_mode":true,"campfire_choices":[{"data":"Zap","floor":6.0,"key":"SMITH"},{"data":"Dualcast","floor":8.0,"key":"SMITH"},{"data":"Chaos","floor":10.0,"key":"SMITH"},{"floor":15.0,"key":"REST"},{"data":"Machine Learning","floor":23.0,"key":"SMITH"},{"data":"Thinking Ahead","floor":25.0,"key":"SMITH"},{"data":"Biased Cognition","floor":32,"key":"SMITH"}],"circlet_count":0,"master_deck":["AscendersBane","Strike_B+1","Strike_B+1","Strike_B+1","Defend_B+1","Defend_B+1","Defend_B+1","Defend_B+1","Zap+1","Dualcast+1","Thinking Ahead+1","Sunder+1","Leap","Conserve Battery","All For One+1","Chaos+1","Gash","Thunder Strike","CurseOfTheBell","Steam+1","Machine Learning+1","Barrage","Reinforced Body","Doom and Gloom","Chaos","Biased Cognition+1","Redo+1","Doom and Gloom"],"relics":["Cracked Core","Golden Idol","MawBank","WarpedTongs","Bag of Preparation","Calling Bell","Bronze Scales","HornCleat","CaptainsWheel","Lantern","Whetstone","Red Mask","Mummified Hand","Bottled Lightning"],"acts_visited":["Exordium","TheCity"],"potions_floor_usage":[33,33],"damage_taken":[{"damage":0.0,"enemies":"2 Louse","floor":1.0,"turns":2.0},{"damage":8.0,"enemies":"Small Slimes","floor":3.0,"turns":2.0},{"damage":0.0,"enemies":"Cultist","floor":4.0,"turns":3.0},{"damage":0.0,"enemies":"Exordium Wildlife","floor":5.0,"turns":7.0},{"damage":1.0,"enemies":"Looter","floor":7.0,"turns":3.0},{"damage":7.0,"enemies":"3 Louse","floor":12.0,"turns":2.0},{"damage":9.0,"enemies":"Gremlin Nob","floor":13.0,"turns":3.0},{"damage":30.0,"enemies":"The Guardian","floor":16.0,"turns":12.0},{"damage":2.0,"enemies":"3 Byrds","floor":18.0,"turns":3.0},{"damage":3.0,"enemies":"Spheric Guardian","floor":19.0,"turns":4.0},{"damage":2.0,"enemies":"Masked Bandits","floor":27.0,"turns":4.0},{"damage":18.0,"enemies":"Slavers","floor":28.0,"turns":5.0},{"damage":0,"enemies":"Centurion and Healer","floor":30,"turns":4},{"damage":0,"enemies":"Book of Stabbing","floor":31,"turns":3},{"damage":55,"enemies":"Collector","floor":33,"turns":9}],"seed_played":"893430058033882703","potions_obtained":[{"floor":1.0,"key":"Weak Potion"},{"floor":3.0,"key":"AttackPotion"},{"floor":7.0,"key":"Dexterity Potion"},{"floor":28.0,"key":"ColorlessPotion"},{"floor":30,"key":"GamblersBrew"},{"floor":31,"key":"Block Potion"}],"is_trial":false,"path_per_floor":["M","?","M","M","M","R","M","R","T","R","?","M","E","?","R","B",null,"M","M","?","?","$","R","?","R","T","?","E","?","M","E","R","B"],"character_chosen":"DEFECT","items_purchased":["Machine Learning","Lantern"],"campfire_rested":1,"item_purchase_floors":[22,22],"current_hp_per_floor":[64,40,32,32,32,32,31,31,31,31,31,24,15,15,36,6,55,53,50,50,50,50,50,50,50,50,48,30,30,30,30,30,0,0],"gold":227,"neow_bonus":"RANDOM_COLORLESS_2","is_daily":false,"chose_seed":false,"campfire_upgraded":6,"win_rate":0.0,"timestamp":1612139447,"path_taken":["M","?","M","M","M","R","M","R","T","R","?","?","E","?","R","BOSS","M","M","?","?","$","R","?","R","T","?","E","?","M","E","R","BOSS"],"items_purchased_type":["Card","Relic"],"build_version":"2020-12-22","purchased_purges":1,"victory":false,"max_hp_per_floor":[71,71,71,71,71,71,71,71,71,71,71,71,71,71,71,71,71,71,71,71,71,71,71,71,71,71,71,71,71,71,71,71,71,71],"card_choices":[{"not_picked":["Magnetism","Transmutation"],"picked":"Thinking Ahead","floor":0.0},{"not_picked":["Sweeping Beam","Leap"],"picked":"Sunder","floor":1.0},{"not_picked":["Turbo","Go for the Eyes"],"picked":"Leap","floor":3.0},{"not_picked":["Turbo","Lockon"],"picked":"Conserve Battery","floor":4.0},{"not_picked":["Compile Driver","Redo"],"picked":"All For One","floor":5.0},{"not_picked":["Steam","Coolheaded"],"picked":"Chaos","floor":7.0},{"not_picked":["Undo","Coolheaded"],"picked":"Gash","floor":12.0},{"not_picked":["Turbo","Creative AI"],"picked":"Lockon","floor":13.0},{"not_picked":["Core Surge","Multi-Cast"],"picked":"Thunder Strike","floor":16.0},{"not_picked":["Cold Snap","Blizzard"],"picked":"Steam+1","floor":18.0},{"not_picked":["Steam Power","Steam","Conserve Battery"],"picked":"SKIP","floor":19.0},{"not_picked":["FTL","Sweeping Beam"],"picked":"Doom and Gloom","floor":27.0},{"not_picked":["Stack","Rip and Tear"],"picked":"Chaos","floor":28.0},{"not_picked":["Cold Snap+1","Reinforced Body"],"picked":"Redo+1","floor":30},{"not_picked":["Steam+1","Leap"],"picked":"Doom and Gloom","floor":31}],"player_experience":1993021,"relics_obtained":[{"floor":9.0,"key":"MawBank"},{"floor":13.0,"key":"Bag of Preparation"},{"floor":17.0,"key":"Bronze Scales"},{"floor":17.0,"key":"HornCleat"},{"floor":17.0,"key":"CaptainsWheel"},{"floor":26.0,"key":"Whetstone"},{"floor":27.0,"key":"Red Mask"},{"floor":28.0,"key":"Mummified Hand"},{"floor":31,"key":"Bottled Lightning"}],"event_choices":[{"damage_healed":0.0,"max_hp_gain":0.0,"max_hp_loss":0.0,"gold_gain":0.0,"event_name":"Golden Idol","player_choice":"Take Damage","floor":2.0,"gold_loss":0.0,"damage_taken":24.0,"relics_obtained":["Golden Idol"]},{"damage_healed":0.0,"max_hp_gain":0.0,"max_hp_loss":0.0,"gold_gain":0.0,"event_name":"Accursed Blacksmith","player_choice":"Rummage","floor":11.0,"gold_loss":0.0,"damage_taken":0.0,"relics_obtained":["WarpedTongs"],"cards_obtained":["Pain"]},{"damage_healed":0.0,"max_hp_gain":0.0,"max_hp_loss":0.0,"gold_gain":63.0,"event_name":"Golden Wing","player_choice":"Gained Gold","floor":14.0,"gold_loss":0.0,"damage_taken":0.0},{"damage_healed":0.0,"max_hp_gain":0.0,"max_hp_loss":0.0,"gold_gain":0.0,"event_name":"Vampires","player_choice":"Ignored","floor":20.0,"gold_loss":0.0,"damage_taken":0.0},{"damage_healed":0.0,"max_hp_gain":0.0,"max_hp_loss":0.0,"gold_gain":0.0,"event_name":"Back to Basics","player_choice":"Simplicity","floor":21.0,"gold_loss":0.0,"damage_taken":0.0,"cards_upgraded":["Strike_B","Strike_B","Strike_B","Strike_B","Defend_B","Defend_B","Defend_B","Defend_B"]},{"damage_healed":0.0,"max_hp_gain":0.0,"max_hp_loss":0.0,"gold_gain":0.0,"cards_transformed":["Lockon","Strike_B"],"event_name":"Drug Dealer","player_choice":"Became Test Subject","floor":24.0,"gold_loss":0.0,"damage_taken":0.0,"cards_obtained":["Barrage","Reinforced Body"]},{"damage_healed":0.0,"max_hp_gain":0.0,"max_hp_loss":0.0,"gold_gain":0.0,"event_name":"Masked Bandits","player_choice":"Fought Bandits","floor":27.0,"gold_loss":0.0,"damage_taken":0.0},{"damage_healed":0.0,"max_hp_gain":0.0,"max_hp_loss":0.0,"gold_gain":0.0,"event_name":"The Library","player_choice":"Read","floor":29.0,"gold_loss":0.0,"damage_taken":0.0,"cards_obtained":["Biased Cognition"]}],"is_beta":false,"boss_relics":[{"not_picked":["Philosopher\u0027s Stone","Sozu"],"picked":"Calling Bell"}],"items_purged_floors":[22],"is_endless":false,"potions_floor_spawned":[1,3,7,28,30,31],"killed_by":"Collector","ascension_level":20}}