{"host":"qy6st0zp32tctd9l","time":1612177543,"event":{"mods":["BaseMod","Colored Map","Downfall","GifTheSpireLib","Hermit","Marisa£®ÏF”Í°°ƒß¿Ì…≥£©","Minty Spire (QoL Compilation)","Remilia£®¿Ÿ√◊¿Ú—«£©","StSLib","The Cursed","The Servant 0.9.4","UnlockEverythingMod"],"gold_per_floor":[115,128,128,29,39,69,83,83,109,109,109,109,122,155,155,281,344,360,379,128,144,169,169,204,204,204,204,245,245,263,138,138,268,268,283,127,127,146,170,204,204,235,258,293,293,293,309,353,353,353,353,353,48,92,92,92],"floor_reached":55,"language":"ZHS","playtime":3240,"items_purged":["Strike_S","Strike_S","downfall:Bewildered"],"score":1244,"play_id":"39c4acda-a924-4386-9038-1ea2f1ec8ceb","local_time":"20210201190543","is_ascension_mode":true,"campfire_choices":[{"data":"DoubleEdge","floor":12.0,"key":"SMITH"},{"floor":15.0,"key":"REST"},{"data":"MurderousAura","floor":23.0,"key":"SMITH"},{"data":"PendulumOfEternity","floor":25.0,"key":"SMITH"},{"floor":29.0,"key":"REST"},{"floor":32.0,"key":"REST"},{"data":"Alleviate","floor":45.0,"key":"SMITH"},{"floor":49.0,"key":"RECALL"},{"data":"Read","floor":52.0,"key":"SMITH"}],"circlet_count":0,"master_deck":["Strike_S","Defend_S+1","Defend_S+1","Defend_S","Defend_S","KidneyShot+1","Exchange","Gouge","BottledTime","DoubleEdge+1","Ricochet","Misdirection","PendulumOfEternity+1","TheWorld","MurderousAura+1","Read+1","Alleviate+1","Defy+1","RealityMarble+1","MoonPhase+1","FastForward","FlawlessForm","StarChef","Moondial","Wraith","Advance+1","DualDimension","Initiator"],"relics":["Uniform","Strawberry","Golden Idol","Akabeko","Tiny House","Anchor","Gambling Chip","Shuriken","sneckomod:BabySnecko","Art of War","Snecko Eye","Bag of Preparation","Bottled Tornado","Nunchaku","RomanBracelet","Gremlin Horn","TungstenRod","Toy Ornithopter"],"acts_visited":["Exordium","TheCity","TheBeyond","TheEnding"],"potions_floor_usage":[55,55,55],"damage_taken":[{"damage":3.0,"enemies":"Small Slimes","floor":1.0,"turns":4.0},{"damage":3.0,"enemies":"Jaw Worm","floor":2.0,"turns":5.0},{"damage":7.0,"enemies":"2 Louse","floor":5.0,"turns":3.0},{"damage":14.0,"enemies":"3 Sentries","floor":6.0,"turns":6.0},{"damage":1.0,"enemies":"Blue Slaver","floor":7.0,"turns":4.0},{"damage":7.0,"enemies":"Gremlin Gang","floor":13.0,"turns":2.0},{"damage":9.0,"enemies":"Lagavulin","floor":14.0,"turns":6.0},{"damage":19.0,"enemies":"Slime Boss","floor":16.0,"turns":10.0},{"damage":4.0,"enemies":"Shell Parasite","floor":18.0,"turns":4.0},{"damage":5.0,"enemies":"2 Thieves","floor":19.0,"turns":3.0},{"damage":0.0,"enemies":"Sentry and Sphere","floor":21.0,"turns":3.0},{"damage":2.0,"enemies":"Snecko","floor":22.0,"turns":3.0},{"damage":17.0,"enemies":"Book of Stabbing","floor":24.0,"turns":6.0},{"damage":26.0,"enemies":"Slavers","floor":28.0,"turns":6.0},{"damage":28.0,"enemies":"Centurion and Healer","floor":30.0,"turns":5.0},{"damage":12.0,"enemies":"Automaton","floor":33.0,"turns":11.0},{"damage":0.0,"enemies":"3 Shapes","floor":35.0,"turns":6.0},{"damage":0.0,"enemies":"Orb Walker","floor":38.0,"turns":4.0},{"damage":0.0,"enemies":"Sphere and 2 Shapes","floor":39.0,"turns":5.0},{"damage":0.0,"enemies":"Nemesis","floor":40.0,"turns":7.0},{"damage":0.0,"enemies":"Reptomancer","floor":42.0,"turns":4.0},{"damage":0.0,"enemies":"Nemesis","floor":44.0,"turns":7.0},{"damage":0.0,"enemies":"4 Shapes","floor":47.0,"turns":6.0},{"damage":15.0,"enemies":"Giant Head","floor":48.0,"turns":9.0},{"damage":37.0,"enemies":"Time Eater","floor":50.0,"turns":14.0},{"damage":28.0,"enemies":"Shield and Spear","floor":54.0,"turns":13.0},{"damage":14,"enemies":"The Heart","floor":55,"turns":5}],"seed_played":"-1244021478275436227","potions_obtained":[{"floor":0.0,"key":"LiquidBronze"},{"floor":0.0,"key":"SmokeBomb"},{"floor":0.0,"key":"Fire Potion"},{"floor":1.0,"key":"AttackPotion"},{"floor":2.0,"key":"LiquidMemories"},{"floor":11.0,"key":"Energy Potion"},{"floor":11.0,"key":"Strength Potion"},{"floor":11.0,"key":"Strength Potion"},{"floor":17.0,"key":"Weak Potion"},{"floor":21.0,"key":"Regen Potion"},{"floor":24.0,"key":"BlessingOfTheForge"},{"floor":30.0,"key":"bronze:BurnAndBuffPotion"},{"floor":38.0,"key":"Dexterity Potion"},{"floor":39.0,"key":"Fire Potion"},{"floor":48.0,"key":"Weak Potion"},{"floor":54.0,"key":"CultistPotion"}],"is_trial":false,"path_per_floor":["M","M","?","$","M","E","M","?","T","?","?","R","M","E","R","B",null,"M","M","$","M","M","R","E","R","T","?","E","R","M","$","R","B",null,"M","$","?","M","M","E","?","E","T","E","R","?","M","E","R","B",null,"R","$","E","B"],"character_chosen":"THE_SERVANT","items_purchased":["BottledTime","Anchor","StarChef","Moondial","TungstenRod"],"campfire_rested":3,"item_purchase_floors":[4,20,36,36,53],"current_hp_per_floor":[56,53,40,40,33,26,25,18,18,18,18,18,11,2,22,3,56,52,47,47,47,45,45,28,28,28,28,16,37,9,9,30,18,59,59,59,59,59,59,59,59,59,59,59,59,59,59,44,44,7,53,53,53,25,26,26],"gold":92,"neow_bonus":"THREE_SMALL_POTIONS","is_daily":false,"chose_seed":false,"campfire_upgraded":5,"win_rate":0.0,"timestamp":1612177543,"path_taken":["M","M","?","$","M","E","M","?","T","?","?","R","M","E","R","BOSS","M","?","?","M","M","R","E","R","T","?","E","R","M","$","R","BOSS","M","$","?","M","M","E","?","E","T","E","R","?","M","E","R","BOSS","R","$","E","BOSS"],"items_purchased_type":["Card","Relic","Card","Card","Relic"],"build_version":"2020-12-22","purchased_purges":3,"victory":false,"max_hp_per_floor":[65,65,65,65,65,72,72,72,72,67,67,67,67,67,67,67,72,72,72,72,72,72,72,72,72,72,72,72,72,72,72,72,72,72,72,72,72,72,72,72,72,72,72,72,72,68,68,68,68,68,68,68,68,68,68,68],"card_choices":[{"not_picked":["Manipulate","Potential"],"picked":"Gouge","floor":1.0},{"not_picked":["Hightail","Rewind","Collapse"],"picked":"SKIP","floor":2.0},{"not_picked":["Rearm","SurpressingFire"],"picked":"DoubleEdge","floor":5.0},{"not_picked":["Potential","Foresight"],"picked":"Ricochet","floor":6.0},{"not_picked":["Rewind","Defy"],"picked":"Misdirection","floor":7.0},{"not_picked":["Revamp","Starlight"],"picked":"PendulumOfEternity","floor":13.0},{"not_picked":["Spin","ShiftingGears"],"picked":"TheWorld","floor":14.0},{"not_picked":["TrueSight","LightFlow"],"picked":"MurderousAura","floor":16.0},{"not_picked":["ShatteredReality","BottledTime"],"picked":"Read","floor":17.0},{"not_picked":["Potential","Rewind","Revamp+1"],"picked":"SKIP","floor":18.0},{"not_picked":["Rewind","TimeWarp"],"picked":"Alleviate","floor":19.0},{"not_picked":["Initiator","Rearm"],"picked":"Defy+1","floor":21.0},{"not_picked":["BottledTime","Potential"],"picked":"RealityMarble+1","floor":22.0},{"not_picked":["Barrier","Replace"],"picked":"MoonPhase+1","floor":24.0},{"not_picked":["FanOfKnives","Hightail"],"picked":"FastForward","floor":28.0},{"not_picked":["Potential","Spin+1","Defy"],"picked":"SKIP","floor":30.0},{"not_picked":["Duplication","Embodiment"],"picked":"FlawlessForm","floor":33.0},{"not_picked":["Starlight+1","BottledTime","Reset"],"picked":"SKIP","floor":35.0},{"not_picked":["Potential","Rearm","TimeWarp+1"],"picked":"SKIP","floor":38.0},{"not_picked":["Contraction+1","Ricochet","Moonlight+1"],"picked":"SKIP","floor":39.0},{"not_picked":["TrueSight","Spin+1","SurpressingFire"],"picked":"SKIP","floor":40.0},{"not_picked":["BestPractice","DualDimension+1","Revamp"],"picked":"SKIP","floor":42.0},{"not_picked":["Contraction+1","Collapse","Foresight"],"picked":"SKIP","floor":44.0},{"not_picked":["Rearm","Ricochet+1"],"picked":"Advance+1","floor":47.0},{"not_picked":["Alleviate+1","Shuttle"],"picked":"DualDimension","floor":48.0},{"not_picked":["ShatteredReality+1","WasteNot+1"],"picked":"Initiator","floor":54.0}],"player_experience":194758,"relics_obtained":[{"floor":6.0,"key":"Strawberry"},{"floor":14.0,"key":"Akabeko"},{"floor":24.0,"key":"Gambling Chip"},{"floor":26.0,"key":"Shuriken"},{"floor":28.0,"key":"Art of War"},{"floor":40.0,"key":"Bag of Preparation"},{"floor":42.0,"key":"Bottled Tornado"},{"floor":43.0,"key":"Nunchaku"},{"floor":44.0,"key":"RomanBracelet"},{"floor":48.0,"key":"Gremlin Horn"},{"floor":54.0,"key":"Toy Ornithopter"}],"event_choices":[{"damage_healed":0.0,"max_hp_gain":0.0,"max_hp_loss":0.0,"gold_gain":0.0,"event_name":"Shining Light","player_choice":"Entered Light","floor":3.0,"gold_loss":0.0,"damage_taken":13.0,"cards_upgraded":["Defend_S","KidneyShot"]},{"cards_removed":["Strike_S"],"damage_healed":0.0,"max_hp_gain":0.0,"max_hp_loss":0.0,"gold_gain":0.0,"event_name":"Golden Wing","player_choice":"Card Removal","floor":8.0,"gold_loss":0.0,"damage_taken":7.0},{"damage_healed":0.0,"max_hp_gain":0.0,"max_hp_loss":5.0,"gold_gain":0.0,"event_name":"Golden Idol","player_choice":"Lose Max HP","floor":10.0,"gold_loss":0.0,"damage_taken":0.0,"relics_obtained":["Golden Idol"]},{"damage_healed":0.0,"max_hp_gain":0.0,"max_hp_loss":0.0,"gold_gain":0.0,"event_name":"Lab","player_choice":"Got Potions","floor":11.0,"gold_loss":0.0,"damage_taken":0.0},{"damage_healed":0.0,"max_hp_gain":0.0,"max_hp_loss":0.0,"gold_gain":0.0,"event_name":"OrinTheCat","player_choice":"Ignored","floor":37.0,"gold_loss":0.0,"damage_taken":0.0},{"damage_healed":0.0,"max_hp_gain":0.0,"max_hp_loss":0.0,"gold_gain":0.0,"event_name":"SensoryStone","player_choice":"Memory 1","floor":41.0,"gold_loss":0.0,"damage_taken":0.0},{"damage_healed":0.0,"max_hp_gain":0.0,"max_hp_loss":4.0,"gold_gain":0.0,"event_name":"Winding Halls","player_choice":"Max HP","floor":46.0,"gold_loss":0.0,"damage_taken":0.0}],"is_beta":false,"boss_relics":[{"not_picked":["Philosopher\u0027s Stone","MysterySword"],"picked":"Tiny House"},{"not_picked":["StoneMask","Coffee Dripper"],"picked":"Snecko Eye"}],"items_purged_floors":[4,20,31],"is_endless":false,"potions_floor_spawned":[1,2,5,21,24,30,38,39,40,48,54],"killed_by":"The Heart","ascension_level":9}}