{"host":"820xk69ekh5gtclf","time":1612223040,"event":{"mods":["Ascension Unlocker","BaseMod","Curses Come First","Custom Start","Downfall","Minty Spire (QoL Compilation)","StSLib"],"gold_per_floor":[215,226,49,68,88,88,118,118,118,118,137,151,184,208,208,328,328,347,367,391,414,414,448,448,483,483,518,518,551,567,591,591,712,712,712,712],"floor_reached":34,"language":"ENG","playtime":2145,"items_purged":[],"score":830,"play_id":"bc83c389-5cc5-491f-80f1-7a49ad9e6c8b","local_time":"20210201184400","is_ascension_mode":true,"campfire_choices":[{"data":"bronze:ChosenStrike","floor":6.0,"key":"SMITH"},{"data":"bronze:OilSpill","floor":8.0,"key":"SMITH"},{"data":"bronze:OilSpill","floor":15.0,"key":"SMITH"},{"data":"bronze:FineTuning","floor":28.0,"key":"SMITH"},{"data":"bronze:FineTuning","floor":32.0,"key":"SMITH"}],"circlet_count":0,"master_deck":["bronze:Strike","bronze:Strike","bronze:Strike","bronze:Strike","bronze:Defend","bronze:Defend","bronze:Defend","bronze:Defend","bronze:Replicate","bronze:Goto","bronze:CloningBeam","bronze:Repair","bronze:OilSpill+1","bronze:ChosenStrike+1","bronze:Return","bronze:Terminator","bronze:Safeguard","bronze:OilSpill+1","bronze:MaxOutput+1","bronze:BugBarrage+1","bronze:FineTuning+1","bronze:FineTuning+1","bronze:CutThrough+1","bronze:FineTuning+1","bronze:ClassDefault","bronze:Frontload","bronze:MaxOutput","bronze:Virus"],"relics":["bronze:BronzeCore","Pen Nib","Dead Branch","Ornamental Fan","Golden Idol","Pear","Cursed Key","Lantern","PreservedInsect","Potion Belt","Bottled Lightning"],"acts_visited":["Exordium","TheCity"],"potions_floor_usage":[],"damage_taken":[{"damage":4.0,"enemies":"Jaw Worm","floor":1.0,"turns":5.0},{"damage":3.0,"enemies":"2 Louse","floor":2.0,"turns":3.0},{"damage":3.0,"enemies":"Small Slimes","floor":4.0,"turns":5.0},{"damage":0.0,"enemies":"2 Fungi Beasts","floor":5.0,"turns":3.0},{"damage":12.0,"enemies":"3 Sentries","floor":7.0,"turns":6.0},{"damage":0.0,"enemies":"3 Louse","floor":11.0,"turns":2.0},{"damage":6.0,"enemies":"Exordium Thugs","floor":12.0,"turns":3.0},{"damage":0.0,"enemies":"Gremlin Nob","floor":13.0,"turns":3.0},{"damage":1.0,"enemies":"2 Fungi Beasts","floor":14.0,"turns":2.0},{"damage":13.0,"enemies":"Slime Boss","floor":16.0,"turns":5.0},{"damage":0.0,"enemies":"Chosen","floor":18.0,"turns":3.0},{"damage":2.0,"enemies":"3 Byrds","floor":19.0,"turns":3.0},{"damage":0.0,"enemies":"Centurion and Healer","floor":20.0,"turns":3.0},{"damage":0.0,"enemies":"Chosen and Byrds","floor":21.0,"turns":3.0},{"damage":10.0,"enemies":"Book of Stabbing","floor":23.0,"turns":5.0},{"damage":0.0,"enemies":"Slavers","floor":25.0,"turns":3.0},{"damage":0.0,"enemies":"Book of Stabbing","floor":27.0,"turns":3.0},{"damage":1.0,"enemies":"Slavers","floor":29.0,"turns":3.0},{"damage":1.0,"enemies":"3 Cultists","floor":30.0,"turns":5.0},{"damage":10.0,"enemies":"Shelled Parasite and Fungi","floor":31.0,"turns":5.0},{"damage":0.0,"enemies":"Automaton","floor":33.0,"turns":6.0}],"seed_played":"-1018115157122855970","potions_obtained":[{"floor":4.0,"key":"Explosive Potion"},{"floor":5.0,"key":"Fruit Juice"},{"floor":7.0,"key":"EssenceOfSteel"},{"floor":16.0,"key":"SmokeBomb"},{"floor":19.0,"key":"SpeedPotion"},{"floor":20.0,"key":"Explosive Potion"},{"floor":27.0,"key":"Swift Potion"},{"floor":31.0,"key":"Weak Potion"}],"is_trial":false,"path_per_floor":["M","M","$","M","M","R","E","R","T","?","M","M","E","M","R","B",null,"M","M","M","M","?","E","?","E","T","E","R","E","M","M","R","B",null],"character_chosen":"THE_AUTOMATON","items_purchased":["bronze:OilSpill","Pen Nib"],"campfire_rested":0,"item_purchase_floors":[3,3],"current_hp_per_floor":[59,56,56,60,67,67,59,59,59,42,42,43,67,66,66,60,75,80,78,85,85,85,82,82,82,82,85,85,84,85,82,82,85,85,85,85],"gold":712,"neow_bonus":"HUNDRED_GOLD","is_daily":false,"chose_seed":false,"campfire_upgraded":5,"win_rate":0.0,"timestamp":1612223040,"path_taken":["M","M","$","M","M","R","E","R","T","?","M","M","E","M","R","BOSS","M","M","M","M","?","E","?","E","T","E","R","E","M","M","R","BOSS"],"items_purchased_type":["Card","Relic"],"build_version":"2020-12-22","purchased_purges":0,"victory":false,"max_hp_per_floor":[70,70,70,70,70,70,70,70,70,70,70,70,80,80,80,80,80,80,80,85,85,85,85,85,85,85,85,85,85,85,85,85,85,85,85,85],"card_choices":[{"not_picked":["bronze:DelayedGuard","bronze:Overheat"],"picked":"bronze:CloningBeam","floor":1.0},{"not_picked":["bronze:ItsAFeature","bronze:Constructor"],"picked":"bronze:Repair","floor":2.0},{"not_picked":["bronze:CutThrough","bronze:Branch"],"picked":"bronze:ChosenStrike","floor":4.0},{"not_picked":["bronze:BronzeOrb","bronze:ForceShield"],"picked":"bronze:Return","floor":5.0},{"not_picked":["bronze:WhirlingStrike","bronze:BugBarrage"],"picked":"bronze:Terminator","floor":7.0},{"not_picked":["bronze:Branch","bronze:ForLoop"],"picked":"bronze:Safeguard","floor":11.0},{"not_picked":["bronze:BronzeOrb","bronze:Safeguard","bronze:BitShift"],"picked":"SKIP","floor":12.0},{"not_picked":["bronze:Terminator","bronze:Invalidate","bronze:Optimize"],"picked":"SKIP","floor":13.0},{"not_picked":["bronze:BuggyMess","bronze:DelayedSlice"],"picked":"bronze:OilSpill","floor":14.0},{"not_picked":["bronze:Flail","bronze:Philosophize"],"picked":"bronze:MaxOutput+1","floor":18.0},{"not_picked":["bronze:WhirlingStrike","bronze:Shield"],"picked":"bronze:BugBarrage+1","floor":19.0},{"not_picked":["bronze:GetLatest","bronze:Shell"],"picked":"bronze:FineTuning","floor":20.0},{"not_picked":["bronze:Turbo+1","bronze:DigitalCarnage"],"picked":"bronze:FineTuning","floor":21.0},{"not_picked":["bronze:Overheat","bronze:BugBarrage"],"picked":"bronze:CutThrough+1","floor":23.0},{"not_picked":["bronze:WhirlingStrike","bronze:WildBeam"],"picked":"bronze:FineTuning+1","floor":25.0},{"not_picked":["bronze:Virus","bronze:ForLoop"],"picked":"bronze:ClassDefault","floor":27.0},{"not_picked":["bronze:BugBarrage","bronze:Fortify","bronze:Deprecate"],"picked":"SKIP","floor":29.0},{"not_picked":["bronze:ItsAFeature","bronze:Overheat"],"picked":"bronze:Frontload","floor":30.0},{"not_picked":["bronze:Shield","bronze:GetLatest"],"picked":"bronze:MaxOutput","floor":31.0},{"not_picked":["bronze:ShipIt","bronze:SpaghettiCode"],"picked":"bronze:Virus","floor":33.0}],"player_experience":2299725,"relics_obtained":[{"floor":7.0,"key":"Dead Branch"},{"floor":9.0,"key":"Ornamental Fan"},{"floor":13.0,"key":"Pear"},{"floor":23.0,"key":"Lantern"},{"floor":25.0,"key":"PreservedInsect"},{"floor":27.0,"key":"Potion Belt"},{"floor":29.0,"key":"Bottled Lightning"}],"event_choices":[{"damage_healed":0.0,"max_hp_gain":0.0,"max_hp_loss":0.0,"gold_gain":0.0,"event_name":"Golden Idol","player_choice":"Take Damage","floor":10.0,"gold_loss":0.0,"damage_taken":17.0,"relics_obtained":["Golden Idol"]},{"damage_healed":0.0,"max_hp_gain":0.0,"max_hp_loss":0.0,"gold_gain":0.0,"event_name":"Ghosts","player_choice":"Ignored","floor":24.0,"gold_loss":0.0,"damage_taken":0.0}],"is_beta":false,"boss_relics":[{"not_picked":["Fusion Hammer","Ectoplasm"],"picked":"Cursed Key"}],"items_purged_floors":[],"is_endless":false,"potions_floor_spawned":[4,5,7,16,19,20,21,27,31,33],"ascension_level":7}}