{"host":"gqhy17d1xpb1p3ki","time":1612152013,"event":{"mods":["2.2 Compatiblity","AchievementEnabler","BaseMod","Bestiary","BetterRewards","Colored Map","Colored Powertips","Conspire","Curses Come First","Custom Start","DeckTracker","Downfall","Duelist Mod","Hermit","Highlight Path","Hubris","Infinite Spire","Jorbs\u0027s Wanderer Trilogy","Marisa????????","Minty Spire (QoL Compilation)","Quick Restart","Rare Cards Sparkle","Relic Stats","Remilia??????","Robot Space Explorer","Shop Mod","StSLib","Td1madao Mod","The Animator","The Bug Knight","The Cursed","The Disciple","The Hierophant","The Jungle","The Marked","The Mystic","The Necromancer","The Runesmith","The Senshi","The Servant 0.9.4","The Witch","TheBandit","WarShipGirlsR/????R mod","Yuri Mod"],"gold_per_floor":[116,135,45,58,72,72,72,72,72,72,46,61,61,101,101,221,221,244,257,257,257,277,277,302,302,352,352,352,352,373,396,396,517,517,541,562,586,586,602,643,643,643,643,643,679,703,716,85,85,209,209,222,229,229,179,193,209,209,223,223,121,121,130,130,141,141,238,238,231,235,235,227,42,42,42,42,42,42,81,81,93,103,103,194,194,203,203,386,434,434,434,494,494],"floor_reached":92,"language":"ENG","playtime":15820,"items_purged":["rmod:defend","rmod:defend","rmod:aluminumsupply","rmod:goodsister+1"],"score":1760,"play_id":"06c7f73c-951c-4992-9a16-7e1d375c79db","local_time":"20210131230013","is_ascension_mode":false,"campfire_choices":[{"data":"rmod:expedition","floor":6.0,"key":"SMITH"},{"data":"rmod:expedition+1","floor":8.0,"key":"SMITH"},{"data":"rmod:expedition+2","floor":10.0,"key":"SMITH"},{"floor":13.0,"key":"DIG"},{"floor":15.0,"key":"DIG"},{"data":"rmod:supriseattacks","floor":23.0,"key":"SMITH"},{"floor":25.0,"key":"DIG"},{"floor":32.0,"key":"DIG"},{"floor":42.0,"key":"DIG"},{"floor":44.0,"key":"DIG"},{"floor":49.0,"key":"DIG"},{"floor":58.0,"key":"DIG"},{"floor":64.0,"key":"DIG"},{"floor":66.0,"key":"DIG"},{"floor":74.0,"key":"DIG"},{"floor":76.0,"key":"DIG"},{"floor":78.0,"key":"DIG"},{"floor":80.0,"key":"DIG"},{"floor":83.0,"key":"DIG"},{"data":"rmod:acesubmarine","floor":91,"key":"SMITH"}],"circlet_count":0,"master_deck":["rmod:basicallowance","rmod:mineteam","Swift Strike","rmod:lonelyqueen","rmod:steelsupply","rmod:firesupport","rmod:expedition+3","rmod:diamondstrike","rmod:fletcherpendant","rmod:intelligenceanalysis","rmod:selfconfidence","rmod:supriseattacks","rmod:heivgo","rmod:supportescort","rmod:ring","rmod:chargemoney","Inflame","Defragment","Footwork","rmod:smokecover","rmod:circuitoustactics","rmod:ridicule","rmod:fletcherpendant","rmod:diamondstrike","rmod:sl","rmod:wife","rmod:desperatesituation","rmod:seals","rmod:acesubmarine","rmod:aggressivemary","rmod:firesupport","rmod:unsinkable","rmod:fletcherpendant","rmod:unsinkable","rmod:luckystar","rmod:openingtorpedo","rmod:luckystar","rmod:generalist","rmod:saltedfish","Bludgeon","rmod:acesubmarine+1","yuri:MarkovCurse","rmod:aluminumsupply"],"relics":["animator:TheEruzaStone","SproutingBranch","yuri:PortraitOfMarkov","Slimebound:TarBlob","MysterySword","hierophant:PropheticMaskRelic","theDuelist:TrapVortex","theDuelist:MillenniumPuzzle","theDuelist:BoosterBetterBoostersRelic","RobotSpaceExplorer:RoboCore"],"acts_visited":["Exordium","TheCity","TheBeyond","Exordium","Exordium","TheBeyond"],"potions_floor_usage":[],"damage_taken":[{"damage":0.0,"enemies":"Small Slimes","floor":1.0,"turns":3.0},{"damage":0.0,"enemies":"2 Louse","floor":2.0,"turns":3.0},{"damage":3.0,"enemies":"Cultist","floor":4.0,"turns":3.0},{"damage":0.0,"enemies":"2 Fungi Beasts","floor":5.0,"turns":4.0},{"damage":10.0,"enemies":"Blue Slaver","floor":12.0,"turns":5.0},{"damage":17.0,"enemies":"3 Sentries","floor":14.0,"turns":6.0},{"damage":3.0,"enemies":"The Guardian","floor":16.0,"turns":7.0},{"damage":29.0,"enemies":"Shell Parasite","floor":18.0,"turns":6.0},{"damage":2.0,"enemies":"Chosen","floor":19.0,"turns":5.0},{"damage":7.0,"enemies":"3 Cultists","floor":22.0,"turns":5.0},{"damage":15.0,"enemies":"Cultist and Chosen","floor":24.0,"turns":11.0},{"damage":0.0,"enemies":"Snake Plant","floor":30.0,"turns":6.0},{"damage":0.0,"enemies":"Shelled Parasite and Fungi","floor":31.0,"turns":7.0},{"damage":0.0,"enemies":"conspire:MysteriousRune","floor":33.0,"turns":9.0},{"damage":0.0,"enemies":"Orb Walker","floor":35.0,"turns":5.0},{"damage":0.0,"enemies":"3 Shapes","floor":36.0,"turns":6.0},{"damage":0.0,"enemies":"Transient","floor":37.0,"turns":5.0},{"damage":0.0,"enemies":"4 Shapes","floor":39.0,"turns":4.0},{"damage":0.0,"enemies":"Giant Head","floor":40.0,"turns":7.0},{"damage":0.0,"enemies":"Nightmare","floor":45.0,"turns":6.0},{"damage":0.0,"enemies":"3 Darklings","floor":46.0,"turns":4.0},{"damage":0.0,"enemies":"Transient","floor":47.0,"turns":5.0},{"damage":0.0,"enemies":"Time Eater","floor":50.0,"turns":8.0},{"damage":0.0,"enemies":"2 Louse","floor":52.0,"turns":3.0},{"damage":0.0,"enemies":"Jaw Worm","floor":53.0,"turns":2.0},{"damage":0.0,"enemies":"Cultist","floor":56.0,"turns":2.0},{"damage":0.0,"enemies":"Gremlin Nob","floor":57.0,"turns":3.0},{"damage":0.0,"enemies":"3 Sentries","floor":59.0,"turns":3.0},{"damage":0.0,"enemies":"Red Slaver","floor":63.0,"turns":2.0},{"damage":0.0,"enemies":"Large Slime","floor":65.0,"turns":1.0},{"damage":0.0,"enemies":"Hexaghost","floor":67.0,"turns":4.0},{"damage":0.0,"enemies":"theJungle:5_Spyders","floor":69.0,"turns":3.0},{"damage":0.0,"enemies":"theJungle:MUSHROOMGANG","floor":70.0,"turns":2.0},{"damage":0.0,"enemies":"theJungle:JungleHuntersEncounter","floor":72.0,"turns":4.0},{"damage":0.0,"enemies":"theJungle:Lyon","floor":75.0,"turns":2.0},{"damage":0.0,"enemies":"Snake Plant","floor":81.0,"turns":2.0},{"damage":0.0,"enemies":"theJungle:2_Snecko_Cultists","floor":82.0,"turns":2.0},{"damage":0.0,"enemies":"theJungle:FunGuy","floor":84.0,"turns":5.0},{"damage":0.0,"enemies":"3 Shapes","floor":86.0,"turns":3.0},{"damage":76.0,"enemies":"Orb Walker","floor":89.0,"turns":3.0},{"damage":41,"enemies":"Reptomancer","floor":92,"turns":4}],"seed_played":"-7731999977330273147","potions_obtained":[{"floor":4.0,"key":"Swift Potion"},{"floor":5.0,"key":"Block Potion"},{"floor":14.0,"key":"LiquidBronze"},{"floor":30.0,"key":"SpeedPotion"},{"floor":45.0,"key":"hexamod:SoulburnPotion"},{"floor":50.0,"key":"SpeedPotion"},{"floor":62.0,"key":"PowerPotion"},{"floor":72.0,"key":"PowerPotion"},{"floor":89,"key":"animator:FalseLifePotion"}],"is_trial":false,"path_per_floor":["M","M","$","M","M","R","?","R","T","R","$","M","R","E","R","B",null,"M","M","?","?","M","R","M","R","T","AVR","?","?","M","M","R","B",null,"M","M","M","?","M","E","?","R","T","R","NM","M","M","$","R","B",null,"M","M","AVR","?","M","E","R","E","T","$","?","M","R","M","R","B",null,"M","M","AVR","M","?","R","M","R","T","R","$","R","M","M","R","B",null,"M","?","AVR","M","?","R","E"],"character_chosen":"PRAEFECT","items_purchased":["rmod:mineteam","rmod:firesupport","rmod:expedition","rmod:fletcherpendant","Mango","hubris:PeanutButter","MerchantsRug","rmod:aggressivemary"],"campfire_rested":0,"item_purchase_floors":[0,3,3,11,48,48,48,61],"current_hp_per_floor":[75,75,75,72,72,72,54,54,54,54,54,44,54,37,37,34,85,56,54,54,54,47,47,32,32,39,39,1,1,1,1,1,1,1,1,1,1,1,1,1,1,1,1,1,1,1,1,1,1,1,1,1,1,1,1,1,1,1,1,1,1,1,1,1,1,1,1,1,1,1,1,1,1,1,1,1,1,1,1,1,1,1,1,1,1,1,1,100,29,29,29,0,0],"gold":494,"neow_bonus":"","is_daily":false,"chose_seed":false,"campfire_upgraded":5,"win_rate":0.0,"timestamp":1612152013,"path_taken":["M","M","$","M","M","R","?","R","T","R","$","M","R","E","R","BOSS","M","M","?","?","M","R","?","R","T","AVR","?","?","?","M","R","BOSS","M","M","M","?","M","E","?","R","T","R","NM","M","M","$","R","BOSS","M","M","AVR","?","M","E","R","E","T","$","?","M","R","M","R","BOSS","M","M","AVR","M","?","R","M","R","T","R","$","R","M","M","R","BOSS","M","?","AVR","M","?","R","E"],"items_purchased_type":["Card","Card","Card","Card","Relic","Relic","Relic","Card"],"build_version":"2020-12-22","purchased_purges":4,"victory":false,"max_hp_per_floor":[75,75,75,75,75,75,75,75,75,75,75,75,85,85,85,85,85,85,85,85,85,85,85,85,85,92,92,1,1,1,1,1,1,1,1,1,1,1,1,1,1,1,1,1,1,1,1,1,1,1,1,1,1,1,1,1,1,1,1,1,1,1,1,1,1,1,1,1,1,1,1,1,1,1,1,1,1,1,1,1,1,1,1,1,1,1,1,100,100,100,100,100,100],"relic_stats":{"counters":[41,179],"obtain_stats":[{"Ice Cream":88,"hubris:BallOfYels":88,"theDuelist:MerchantRugbox":88,"theJungle:Creamberry":73,"Whetstone":88,"theDuelist:MillenniumPuzzle":88,"theDuelist:TrapVortex":88,"theDuelist:BoosterBetterBoostersRelic":88,"Sozu":85,"sneckomod:SuperSneckoSoul":88,"Centennial Puzzle":25,"infinitespire:ShieldingShard":88,"infinitespire:SolderingIron":88,"yuri:PortraitOfMarkov":88,"Strawberry":26,"Prayer Wheel":45,"infinitespire:Golems Mask":54,"Fusion Hammer":27,"Kunai":60,"HollowMod:PaleOreRelic":66,"hubris:RGBLights":88,"MerchantsRug":48,"Pear":13,"rmod:mogul":34,"hubris:SoftwareUpdate":88,"Dead Branch":27,"Blue Candle":59,"hubris:SphereOfDissonance":40,"Oddly Smooth Stone":64,"conspire:SlowCooker":17,"animator:TheEruzaStone":88,"Charon\u0027s Ashes":88,"Letter Opener":80,"Slimebound:TarBlob":88,"Cables":88,"animator:ExquisiteBloodVial":88,"hubris:BottledHeart":28,"Shuriken":77,"MysterySword":88,"hubris:PeanutButter":48,"Pandora\u0027s Box":68,"rmod:firstchargereward":0,"Nloth\u0027s Gift":21,"conspire:BottledYoYo":76,"hubris:ToyBattleship":88,"theSenshi:CosmicHeartCompactRelic":88,"Pocketwatch":41,"Lantern":15,"animator:ShionDessert":88,"Torii":14,"downfall:NeowBlessing_Player":88,"hierophant:PropheticMaskRelic":88,"Mango":48,"conspire:SpecialSausage":51,"SproutingBranch":88,"Cursed Key":88,"theMarked:KettuFlask":88,"Dream Catcher":44,"Nunchaku":83,"RomanBracelet":88,"theDuelist:BoosterPackPoolRelic":88,"Shovel":9,"infinitespire:MutagenicDexterity":88,"AntiCross":42,"Chemical X":71,"downfall:ExtraCursedBell":87,"hubris:ChampionShield":88,"infinitespire:Chaos":88,"InkBottle":43,"hubris:DisguiseKit":74,"infinitespire:CursedDice":0,"Golden Idol":7,"infinitespire:EmptyRelic":88,"TheCursedMod:PinkPellets":88,"RobotSpaceExplorer:RoboCore":88,"Omamori":58,"hubris:Towel":90,"White Beast Statue":57,"Nuclear Battery":88,"Anchor":78,"theDuelist:CardPoolBasicRelic":88,"infinitespire:Satchel":87,"sneckomod:SleevedAce":88,"hubris:BundleOfHerbs":32,"Art of War":49,"yuri:PortableGlitches":87},{"Ice Cream":39,"hubris:BallOfYels":39,"theDuelist:MerchantRugbox":39,"theJungle:Creamberry":34,"Whetstone":39,"theDuelist:MillenniumPuzzle":39,"theDuelist:TrapVortex":39,"theDuelist:BoosterBetterBoostersRelic":39,"Sozu":38,"sneckomod:SuperSneckoSoul":39,"Centennial Puzzle":11,"infinitespire:ShieldingShard":39,"infinitespire:SolderingIron":39,"yuri:PortraitOfMarkov":39,"Strawberry":11,"Prayer Wheel":20,"infinitespire:Golems Mask":25,"Fusion Hammer":11,"Kunai":28,"HollowMod:PaleOreRelic":30,"hubris:RGBLights":39,"MerchantsRug":22,"Pear":5,"rmod:mogul":14,"hubris:SoftwareUpdate":39,"Dead Branch":11,"Blue Candle":28,"hubris:SphereOfDissonance":19,"Oddly Smooth Stone":29,"conspire:SlowCooker":7,"animator:TheEruzaStone":39,"Charon\u0027s Ashes":39,"Letter Opener":35,"Slimebound:TarBlob":39,"Cables":39,"animator:ExquisiteBloodVial":39,"hubris:BottledHeart":11,"Shuriken":35,"MysterySword":39,"hubris:PeanutButter":22,"Pandora\u0027s Box":31,"rmod:firstchargereward":0,"Nloth\u0027s Gift":9,"conspire:BottledYoYo":35,"hubris:ToyBattleship":39,"theSenshi:CosmicHeartCompactRelic":39,"Pocketwatch":19,"Lantern":6,"animator:ShionDessert":39,"Torii":6,"downfall:NeowBlessing_Player":39,"hierophant:PropheticMaskRelic":39,"Mango":22,"conspire:SpecialSausage":23,"SproutingBranch":39,"Cursed Key":39,"theMarked:KettuFlask":39,"Dream Catcher":19,"Nunchaku":37,"RomanBracelet":39,"theDuelist:BoosterPackPoolRelic":39,"Shovel":4,"infinitespire:MutagenicDexterity":39,"AntiCross":19,"Chemical X":33,"downfall:ExtraCursedBell":39,"hubris:ChampionShield":39,"infinitespire:Chaos":39,"InkBottle":19,"hubris:DisguiseKit":34,"infinitespire:CursedDice":0,"Golden Idol":4,"infinitespire:EmptyRelic":39,"TheCursedMod:PinkPellets":39,"RobotSpaceExplorer:RoboCore":39,"Omamori":27,"hubris:Towel":40,"White Beast Statue":27,"Nuclear Battery":39,"Anchor":35,"theDuelist:CardPoolBasicRelic":39,"infinitespire:Satchel":39,"sneckomod:SleevedAce":39,"hubris:BundleOfHerbs":13,"Art of War":22,"yuri:PortableGlitches":39},{"Ice Cream":173,"hubris:BallOfYels":173,"theDuelist:MerchantRugbox":173,"theJungle:Creamberry":159,"Whetstone":173,"theDuelist:MillenniumPuzzle":173,"theDuelist:TrapVortex":173,"theDuelist:BoosterBetterBoostersRelic":173,"Sozu":170,"sneckomod:SuperSneckoSoul":173,"Centennial Puzzle":58,"infinitespire:ShieldingShard":173,"infinitespire:SolderingIron":173,"yuri:PortraitOfMarkov":173,"Strawberry":58,"Prayer Wheel":113,"infinitespire:Golems Mask":135,"Fusion Hammer":58,"Kunai":143,"HollowMod:PaleOreRelic":146,"hubris:RGBLights":173,"MerchantsRug":122,"Pear":18,"rmod:mogul":80,"hubris:SoftwareUpdate":173,"Dead Branch":58,"Blue Candle":143,"hubris:SphereOfDissonance":107,"Oddly Smooth Stone":145,"conspire:SlowCooker":31,"animator:TheEruzaStone":173,"Charon\u0027s Ashes":173,"Letter Opener":161,"Slimebound:TarBlob":173,"Cables":173,"animator:ExquisiteBloodVial":173,"hubris:BottledHeart":58,"Shuriken":161,"MysterySword":173,"hubris:PeanutButter":122,"Pandora\u0027s Box":150,"rmod:firstchargereward":0,"Nloth\u0027s Gift":42,"conspire:BottledYoYo":161,"hubris:ToyBattleship":173,"theSenshi:CosmicHeartCompactRelic":173,"Pocketwatch":107,"Lantern":24,"animator:ShionDessert":173,"Torii":24,"downfall:NeowBlessing_Player":173,"hierophant:PropheticMaskRelic":173,"Mango":122,"conspire:SpecialSausage":130,"SproutingBranch":173,"Cursed Key":173,"theMarked:KettuFlask":173,"Dream Catcher":107,"Nunchaku":165,"RomanBracelet":173,"theDuelist:BoosterPackPoolRelic":173,"Shovel":13,"infinitespire:MutagenicDexterity":173,"AntiCross":107,"Chemical X":155,"downfall:ExtraCursedBell":173,"hubris:ChampionShield":173,"infinitespire:Chaos":173,"InkBottle":107,"hubris:DisguiseKit":159,"infinitespire:CursedDice":0,"Golden Idol":13,"infinitespire:EmptyRelic":173,"TheCursedMod:PinkPellets":173,"RobotSpaceExplorer:RoboCore":173,"Omamori":140,"hubris:Towel":176,"White Beast Statue":140,"Nuclear Battery":173,"Anchor":161,"theDuelist:CardPoolBasicRelic":173,"infinitespire:Satchel":173,"sneckomod:SleevedAce":173,"hubris:BundleOfHerbs":71,"Art of War":122,"yuri:PortableGlitches":173}]},"card_choices":[{"not_picked":["rmod:goodsister","rmod:intelligenceanalysis"],"picked":"rmod:lonelyqueen","floor":1.0},{"not_picked":["rmod:circuitoustactics","rmod:smokecover"],"picked":"rmod:steelsupply","floor":2.0},{"not_picked":["rmod:circuitoustactics","rmod:victimresponsibility"],"picked":"rmod:aluminumsupply","floor":4.0},{"not_picked":["rmod:capitalist","rmod:steelsupply"],"picked":"rmod:diamondstrike","floor":5.0},{"not_picked":["rmod:diamondstrike","rmod:punchline"],"picked":"rmod:intelligenceanalysis","floor":12.0},{"not_picked":["rmod:ammunitionsupply","rmod:intelligenceanalysis"],"picked":"rmod:selfconfidence","floor":14.0},{"not_picked":["rmod:u235","rmod:desperatesituation"],"picked":"rmod:supriseattacks","floor":16.0},{"not_picked":["rmod:salvage","rmod:steelsupply"],"picked":"rmod:heivgo","floor":18.0},{"not_picked":["rmod:tearstotiara","rmod:sl"],"picked":"rmod:supportescort+1","floor":19.0},{"not_picked":["rmod:expedition+1","rmod:steelsupply"],"picked":"rmod:ring","floor":22.0},{"not_picked":["rmod:luckystar","rmod:unsinkable"],"picked":"rmod:chargemoney","floor":24.0},{"not_picked":["rmod:goodfighter","rmod:luckystar"],"picked":"rmod:smokecover+1","floor":30.0},{"not_picked":["rmod:advancebysurprise","rmod:fuelsupply"],"picked":"rmod:circuitoustactics","floor":31.0},{"not_picked":["rmod:expeditionaryescort","rmod:abidefaith"],"picked":"rmod:ridicule","floor":33.0},{"not_picked":["rmod:supportescort+1","rmod:firesupport+1"],"picked":"rmod:goodsister+1","floor":35.0},{"not_picked":["rmod:luckystar","rmod:heivgo+1","rmod:tearstotiara+1"],"picked":"SKIP","floor":36.0},{"not_picked":["rmod:expedition","rmod:tearstotiara"],"picked":"rmod:fletcherpendant","floor":37.0},{"not_picked":["rmod:fletcherpendant+1","rmod:firesupport+1"],"picked":"rmod:diamondstrike+1","floor":39.0},{"not_picked":["rmod:smokecover+1","rmod:expedition","rmod:lonelyqueen+1"],"picked":"SKIP","floor":40.0},{"not_picked":["rmod:mineteam","rmod:u235"],"picked":"rmod:sl","floor":45.0},{"not_picked":["rmod:victimresponsibility","rmod:aviationdawn+1"],"picked":"rmod:wife","floor":46.0},{"not_picked":["rmod:fuelsupply+1","rmod:diamondstrike","rmod:advancebysurprise+1"],"picked":"SKIP","floor":46.0},{"not_picked":["rmod:ammunitionsupply+1","rmod:intelligenceanalysis+1"],"picked":"rmod:desperatesituation","floor":47.0},{"not_picked":["rmod:circuitoustactics","rmod:ring+1"],"picked":"rmod:seals","floor":47.0},{"not_picked":["rmod:stealaluminum","rmod:timeschanged"],"picked":"rmod:acesubmarine","floor":50.0},{"not_picked":["rmod:ammunitionsupply","rmod:unsinkable","rmod:supportescort"],"picked":"SKIP","floor":52.0},{"not_picked":["rmod:lonelyqueen","rmod:steelsupply","rmod:stealaluminum"],"picked":"SKIP","floor":52.0},{"not_picked":["rmod:supportescort","rmod:diaomin","rmod:fletcherpendant"],"picked":"SKIP","floor":53.0},{"not_picked":["rmod:spoils","rmod:victimresponsibility","rmod:smokecover"],"picked":"SKIP","floor":53.0},{"not_picked":["rmod:aluminumsupply","rmod:launchingtorpedo","rmod:aggressivemary"],"picked":"SKIP","floor":56.0},{"not_picked":["rmod:fuelsupply","rmod:intelligenceanalysis","rmod:tearstotiara"],"picked":"SKIP","floor":56.0},{"not_picked":["rmod:circuitoustactics","rmod:unsinkable","rmod:spoils"],"picked":"SKIP","floor":57.0},{"not_picked":["rmod:selfconfidence","rmod:slowdown","rmod:punchline"],"picked":"SKIP","floor":59.0},{"not_picked":["rmod:bulid","rmod:victimresponsibility"],"picked":"rmod:firesupport","floor":63.0},{"not_picked":["rmod:fuelsupply","rmod:supportescort","rmod:garrisonisland"],"picked":"SKIP","floor":63.0},{"not_picked":["rmod:lonelyqueen","rmod:guardianhero","rmod:ammunitionsupply"],"picked":"SKIP","floor":65.0},{"not_picked":["rmod:heivgo","rmod:highspeedmaneuver","rmod:diamondstrike"],"picked":"SKIP","floor":65.0},{"not_picked":["rmod:supriseattacks","rmod:maintain+1","rmod:goodsister"],"picked":"SKIP","floor":69.0},{"not_picked":["rmod:unsinkable","rmod:circuitoustactics","rmod:fletcherpendant+1"],"picked":"SKIP","floor":69.0},{"not_picked":["rmod:supriseattacks","rmod:maintain+1","rmod:goodsister"],"picked":"SKIP","floor":69.0},{"not_picked":["rmod:unsinkable","rmod:circuitoustactics","rmod:fletcherpendant+1"],"picked":"SKIP","floor":69.0},{"not_picked":["rmod:steelsupply","rmod:spoils","rmod:slowdown"],"picked":"SKIP","floor":70.0},{"not_picked":["rmod:spoils","rmod:steelsupply","rmod:intelligenceanalysis"],"picked":"SKIP","floor":70.0},{"not_picked":["rmod:victimresponsibility","rmod:diamondstrike"],"picked":"rmod:luckystar+1","floor":72.0},{"not_picked":["rmod:mineteam","rmod:sl","rmod:capitalist"],"picked":"SKIP","floor":72.0},{"not_picked":["rmod:expeditionaryescort+1","rmod:fletcherpendant","Death_March_Dance"],"picked":"rmod:openingtorpedo+1","floor":75.0},{"not_picked":["rmod:fuelsupply","rmod:fletcherpendant+1","Shackles_Of_Pain"],"picked":"rmod:luckystar","floor":75.0},{"not_picked":["rmod:aviationdawn","rmod:wolves+1","rmod:fuelsupply+1","Bone_Armor"],"picked":"SKIP","floor":81.0},{"not_picked":["rmod:firesupport+1","rmod:aluminumsupply","rmod:fuelsupply","Deaths_Shadow"],"picked":"SKIP","floor":81.0},{"not_picked":["rmod:garrisonisland+1","rmod:supportescort","rmod:secretscript+1","Death_Coil"],"picked":"SKIP","floor":82.0},{"not_picked":["rmod:fuelsupply+1","rmod:circuitoustactics+1","rmod:generalist+1","Summon_Undead"],"picked":"SKIP","floor":82.0},{"not_picked":["rmod:fuelsupply+1","rmod:circuitoustactics+1","Summon_Undead"],"picked":"rmod:generalist+1","floor":82.0},{"not_picked":["rmod:garrisonisland+1","rmod:supportescort","rmod:secretscript+1","Death_Coil"],"picked":"SKIP","floor":82.0},{"not_picked":["infinitespire:Fortify","infinitespire:Starlight"],"picked":"infinitespire:DeathsTouch","floor":84.0},{"not_picked":["rmod:supriseattacks+1","rmod:saltedfish+1","Negative_Energy_Bomb"],"picked":"rmod:acesubmarine+1","floor":84.0},{"not_picked":["rmod:intelligenceanalysis+1","rmod:salvage+1","rmod:spoils+1","Bone_Bullets"],"picked":"SKIP","floor":86.0},{"not_picked":["rmod:ammunitionsupply+1","rmod:supportescort+1","rmod:goodsister+1","Bone_Bullets"],"picked":"SKIP","floor":86.0},{"not_picked":["rmod:goodfighter+1","rmod:supportescort"],"picked":"rmod:aluminumsupply","floor":89}],"player_experience":471196,"relics_obtained":[{"floor":9.0,"key":"Shovel"},{"floor":13.0,"key":"Pear"},{"floor":14.0,"key":"Torii"},{"floor":15.0,"key":"Lantern"},{"floor":25.0,"key":"Centennial Puzzle"},{"floor":26.0,"key":"Strawberry"},{"floor":32.0,"key":"hubris:BundleOfHerbs"},{"floor":40.0,"key":"hubris:SphereOfDissonance"},{"floor":42.0,"key":"AntiCross"},{"floor":43.0,"key":"InkBottle"},{"floor":44.0,"key":"Dream Catcher"},{"floor":45.0,"key":"Prayer Wheel"},{"floor":49.0,"key":"Art of War"},{"floor":57.0,"key":"White Beast Statue"},{"floor":58.0,"key":"Omamori"},{"floor":59.0,"key":"Blue Candle"},{"floor":60.0,"key":"Kunai"},{"floor":64.0,"key":"Oddly Smooth Stone"},{"floor":66.0,"key":"HollowMod:PaleOreRelic"},{"floor":74.0,"key":"hubris:DisguiseKit"},{"floor":76.0,"key":"conspire:BottledYoYo"},{"floor":77.0,"key":"Shuriken"},{"floor":78.0,"key":"Anchor"},{"floor":80.0,"key":"Letter Opener"},{"floor":83.0,"key":"Nunchaku"},{"floor":87.0,"key":"infinitespire:Satchel"},{"floor":87.0,"key":"yuri:PortableGlitches"},{"floor":87.0,"key":"infinitespire:CursedDice"}],"event_choices":[{"damage_healed":0.0,"max_hp_gain":0.0,"max_hp_loss":0.0,"gold_gain":0.0,"event_name":"Golden Idol","player_choice":"Take Damage","floor":7.0,"gold_loss":0.0,"damage_taken":18.0,"relics_obtained":["Golden Idol"]},{"damage_healed":0.0,"max_hp_gain":0.0,"max_hp_loss":0.0,"gold_gain":0.0,"event_name":"conspire:Investor","player_choice":"Leave","floor":20.0,"gold_loss":0.0,"damage_taken":0.0},{"damage_healed":0.0,"max_hp_gain":0.0,"max_hp_loss":0.0,"gold_gain":0.0,"event_name":"N\u0027loth","player_choice":"Traded Relic","floor":21.0,"relics_lost":["infinitespire:CursedDice"],"gold_loss":0.0,"damage_taken":0.0,"relics_obtained":["Nloth\u0027s Gift"]},{"cards_removed":["rmod:strick"],"damage_healed":0.0,"max_hp_gain":0.0,"max_hp_loss":0.0,"gold_gain":0.0,"event_name":"Bonfire Elementals","player_choice":"Offered Basic","floor":29.0,"gold_loss":0.0,"damage_taken":0.0},{"cards_removed":["rmod:defend"],"damage_healed":0.0,"max_hp_gain":0.0,"max_hp_loss":0.0,"gold_gain":0.0,"event_name":"Falling","player_choice":"Removed Skill","floor":38.0,"gold_loss":0.0,"damage_taken":0.0},{"damage_healed":0.0,"max_hp_gain":0.0,"max_hp_loss":0.0,"gold_gain":0.0,"event_name":"WeMeetAgain","player_choice":"Gave Potion","floor":41.0,"gold_loss":0.0,"damage_taken":0.0,"relics_obtained":["Pocketwatch"]},{"cards_removed":["rmod:defend"],"damage_healed":0.0,"max_hp_gain":0.0,"max_hp_loss":0.0,"gold_gain":0.0,"event_name":"The Cleric","player_choice":"Card Removal","floor":55.0,"gold_loss":50.0,"damage_taken":0.0},{"damage_healed":0.0,"max_hp_gain":0.0,"max_hp_loss":0.0,"gold_gain":0.0,"event_name":"Lab","player_choice":"Got Potions","floor":62.0,"gold_loss":0.0,"damage_taken":0.0}],"is_beta":false,"boss_relics":[{"not_picked":["Runic Dome","SlaversCollar"],"picked":"conspire:SlowCooker"},{"not_picked":["hubris:HollowSoul","conspire:RoyalGoblet"],"picked":"rmod:mogul"},{"not_picked":["hubris:ScarierMask","bronze:MakeshiftBattery"],"picked":"conspire:SpecialSausage"},{"not_picked":["hubris:BlackHole","Velvet Choker"],"picked":"Pandora\u0027s Box"},{"not_picked":["Philosopher\u0027s Stone","Runesmith:UraniumAnvil"],"picked":"Sozu"}],"items_purged_floors":[48,61,71,79],"is_endless":true,"potions_floor_spawned":[4,5,14,30,31,33,36,40,45,50,52,53,57,59,63,65,67,69,70,72,75,81,82,84,86],"killed_by":"Reptomancer","ascension_level":0}}