{"host":"nwd160me4iqdtr8u","time":1612197913,"event":{"mods":["AchievementEnabler","Act Like it!","BaseMod","Colored Map","DeckTracker","Keyboard Shortcuts","Minty Spire (QoL Compilation)","Quick Restart","Rare Cards Sparkle","StSLib","SuperFastMode","everything is the same but u backflip on backflip"],"gold_per_floor":[115,40,56,70,70,102,102,120,120,131,150,150,165,176,176,247,247,264,264,264,54,54,54,64,64,64,35,35,50,50,69,69,69,69],"floor_reached":33,"language":"KOR","playtime":1283,"items_purged":[],"score":498,"play_id":"59603509-479f-4d80-a155-d3f963e7aa50","local_time":"20210202014513","is_ascension_mode":true,"campfire_choices":[{"floor":7.0,"key":"REST"},{"floor":15.0,"key":"REST"},{"data":"A Thousand Cuts","floor":23,"key":"SMITH"},{"data":"Adrenaline","floor":25,"key":"SMITH"},{"floor":28,"key":"REST"},{"floor":32,"key":"REST"}],"circlet_count":0,"master_deck":["AscendersBane","Strike_G","Strike_G","Strike_G","Defend_G","Defend_G","Defend_G","Defend_G","Defend_G","Survivor","Neutralize","Poisoned Stab","Crippling Poison","Deadly Poison","Adrenaline+1","Prepared","Calculated Gamble","Blur","Catalyst","Footwork","A Thousand Cuts+1","Reflex","Acrobatics","Backflip","PiercingWail","All Out Attack"],"relics":["Ring of the Serpent","InkBottle","TungstenRod","Question Card","Nilry\u0027s Codex","Strange Spoon","Bottled Tornado"],"acts_visited":["Exordium","TheCity"],"potions_floor_usage":[24,29,29,31],"damage_taken":[{"damage":6.0,"enemies":"Cultist","floor":1.0,"turns":6.0},{"damage":7.0,"enemies":"Jaw Worm","floor":3.0,"turns":5.0},{"damage":5.0,"enemies":"2 Louse","floor":4.0,"turns":3.0},{"damage":32.0,"enemies":"3 Sentries","floor":6.0,"turns":16.0},{"damage":17.0,"enemies":"Exordium Thugs","floor":8.0,"turns":6.0},{"damage":6.0,"enemies":"2 Fungi Beasts","floor":10.0,"turns":4.0},{"damage":2.0,"enemies":"Blue Slaver","floor":11.0,"turns":3.0},{"damage":2.0,"enemies":"Large Slime","floor":13.0,"turns":6.0},{"damage":1.0,"enemies":"2 Fungi Beasts","floor":14.0,"turns":3.0},{"damage":12.0,"enemies":"The Guardian","floor":16.0,"turns":11.0},{"damage":17.0,"enemies":"Chosen","floor":18.0,"turns":6.0},{"damage":15,"enemies":"Shell Parasite","floor":24,"turns":7},{"damage":17,"enemies":"3 Cultists","floor":29,"turns":6},{"damage":24,"enemies":"Snecko","floor":31,"turns":8},{"damage":15,"enemies":"Collector","floor":33,"turns":3}],"seed_played":"3618314069113068007","potions_obtained":[{"floor":1.0,"key":"Dexterity Potion"},{"floor":8.0,"key":"AttackPotion"},{"floor":10.0,"key":"Poison Potion"},{"floor":12.0,"key":"EntropicBrew"},{"floor":16.0,"key":"Energy Potion"},{"floor":24,"key":"Poison Potion"},{"floor":31,"key":"Fruit Juice"}],"is_trial":false,"path_per_floor":["M","?","M","M","T","E","R","M","T","M","M","?","M","M","R","B",null,"M","?","?","$","?","R","M","R","T","$","R","M","?","M","R","B"],"character_chosen":"THE_SILENT","items_purchased":["Acrobatics","Strange Spoon","Backflip"],"campfire_rested":4,"item_purchase_floors":[21,21,27],"current_hp_per_floor":[59,59,52,47,47,15,36,19,19,13,11,11,9,8,29,17,58,41,24,38,38,38,38,23,23,23,23,44,27,27,8,31,16,16],"gold":69,"neow_bonus":"TEN_PERCENT_HP_BONUS","is_daily":false,"chose_seed":false,"campfire_upgraded":2,"win_rate":0.0,"timestamp":1612197913,"path_taken":["M","?","M","M","?","E","R","M","T","M","M","?","M","M","R","BOSS","M","?","?","$","?","R","M","R","T","?","R","M","?","M","R","BOSS"],"items_purchased_type":["Card","Relic","Card"],"build_version":"2020-12-22","purchased_purges":0,"victory":false,"max_hp_per_floor":[72,72,72,72,72,72,72,72,72,72,72,72,72,72,72,72,72,72,72,72,72,72,72,72,72,72,72,72,72,72,77,77,77,77],"card_choices":[{"not_picked":["Accuracy","Riddle With Holes"],"picked":"Poisoned Stab","floor":1.0},{"not_picked":["Cloak And Dagger","Backstab"],"picked":"Crippling Poison","floor":3.0},{"not_picked":["Flying Knee","PiercingWail"],"picked":"Deadly Poison","floor":4.0},{"not_picked":["Backflip","Dodge and Roll"],"picked":"Adrenaline","floor":6.0},{"not_picked":["Poisoned Stab","Deadly Poison"],"picked":"Prepared","floor":8.0},{"not_picked":["Dagger Throw","Backflip","Bane"],"picked":"Calculated Gamble","floor":10.0},{"not_picked":["Prepared","Deadly Poison","Quick Slash"],"picked":"Blur","floor":11.0},{"not_picked":["Footwork","Accuracy","PiercingWail"],"picked":"Catalyst","floor":13.0},{"not_picked":["Bullet Time","Outmaneuver","Dagger Spray"],"picked":"Footwork","floor":14.0},{"not_picked":["Unload","Die Die Die","Venomology"],"picked":"A Thousand Cuts","floor":16.0},{"not_picked":["Infinite Blades","Dodge and Roll+1","Heel Hook"],"picked":"Reflex","floor":18.0},{"not_picked":["Predator","Slice","Acrobatics","Prepared"],"picked":"SKIP","floor":24},{"not_picked":["Predator","Dodge and Roll","Prepared"],"picked":"PiercingWail","floor":29},{"not_picked":["Dodge and Roll","Cloak And Dagger","Bane"],"picked":"All Out Attack","floor":31}],"player_experience":369632,"relics_obtained":[{"floor":5.0,"key":"InkBottle"},{"floor":6.0,"key":"TungstenRod"},{"floor":9.0,"key":"Question Card"},{"floor":19.0,"key":"Nilry\u0027s Codex"},{"floor":26,"key":"Bottled Tornado"}],"event_choices":[{"cards_removed":["Strike_G"],"damage_healed":0.0,"max_hp_gain":0.0,"max_hp_loss":0.0,"gold_gain":0.0,"event_name":"The Cleric","player_choice":"Card Removal","floor":2.0,"gold_loss":75.0,"damage_taken":0.0},{"damage_healed":0.0,"max_hp_gain":0.0,"max_hp_loss":0.0,"gold_gain":0.0,"event_name":"Lab","player_choice":"Got Potions","floor":12.0,"gold_loss":0.0,"damage_taken":0.0},{"damage_healed":0.0,"max_hp_gain":0.0,"max_hp_loss":0.0,"gold_gain":0.0,"event_name":"Cursed Tome","player_choice":"Obtained Book","floor":19.0,"gold_loss":0.0,"damage_taken":21.0},{"damage_healed":14,"gold_gain":0,"player_choice":"Heal","damage_taken":0,"max_hp_gain":0,"max_hp_loss":0,"event_name":"The Library","floor":20,"gold_loss":0},{"cards_removed":["Strike_G"],"damage_healed":0,"gold_gain":0,"player_choice":"Elegance","damage_taken":0,"max_hp_gain":0,"max_hp_loss":0,"event_name":"Back to Basics","floor":30,"gold_loss":0}],"is_beta":false,"boss_relics":[{"not_picked":["Ectoplasm","Calling Bell"],"picked":"Ring of the Serpent"}],"items_purged_floors":[],"is_endless":false,"potions_floor_spawned":[1,8,10,11,16,24,31],"killed_by":"Collector","ascension_level":20}}