{"host":"8a3jzv7qxg3y7b6t","time":1612168897,"event":{"mods":["BaseMod","Better Third Choice","Downfall","Hermit","Minty Spire (QoL Compilation)","Relic Stats","StSLib","The Bug Knight","The Cursed"],"gold_per_floor":[114,29,40,59,76,103,114,139,191,191,191],"floor_reached":10,"language":"ENG","playtime":693,"items_purged":[],"score":88,"play_id":"4c61c911-5b17-4c97-8a54-4dbeceee9728","local_time":"20210201004137","is_ascension_mode":true,"campfire_choices":[],"circlet_count":0,"master_deck":["HollowMod:NailStrikeStart","HollowMod:NailStrikeStart","HollowMod:NailStrikeStart","HollowMod:NailStrikeStart","HollowMod:QuickDashStart","HollowMod:QuickDashStart","HollowMod:QuickDashStart","HollowMod:QuickDashStart","HollowMod:FocusHealStart","HollowMod:PogoStrike","HollowMod:GreatSlash","Panacea","HollowMod:SharpenedNail","HollowMod:RecoilStrike","HollowMod:CoiledNail","HollowMod:SoulVessel","HollowMod:SoulEater","HollowMod:SoulShaman"],"relics":["HollowMod:VesselMask","Tiny Chest","Blood Vial","Torii"],"acts_visited":["Exordium"],"potions_floor_usage":[6,6],"damage_taken":[{"damage":1,"enemies":"Cultist","floor":1,"turns":4},{"damage":0,"enemies":"Small Slimes","floor":3,"turns":3},{"damage":0,"enemies":"2 Louse","floor":4,"turns":2},{"damage":9,"enemies":"Red Slaver","floor":5,"turns":3},{"damage":29,"enemies":"Lagavulin","floor":6,"turns":8},{"damage":7,"enemies":"Looter","floor":7,"turns":4},{"damage":43,"enemies":"3 Sentries","floor":8,"turns":10},{"damage":8,"enemies":"Lagavulin","floor":10,"turns":3}],"seed_played":"-3012827401268570379","potions_obtained":[{"floor":1,"key":"Energy Potion"},{"floor":3,"key":"SkillPotion"}],"is_trial":false,"path_per_floor":["M","$","M","M","M","E","M","E","T","E"],"character_chosen":"THE_BUGKNIGHT","items_purchased":["Panacea"],"campfire_rested":0,"item_purchase_floors":[2],"current_hp_per_floor":[74,74,74,74,71,48,43,8,8,2,2],"gold":191,"neow_bonus":"RANDOM_COMMON_RELIC","is_daily":false,"chose_seed":false,"campfire_upgraded":0,"win_rate":0.0,"timestamp":1612168897,"path_taken":["M","$","M","M","M","E","?","E","T","E"],"items_purchased_type":["Card"],"build_version":"2020-12-22","purchased_purges":0,"victory":false,"max_hp_per_floor":[75,75,75,75,75,75,75,75,75,75,75],"relic_stats":{"Blood Vial":6,"Torii":0,"counters":[8,37],"Tiny Chest":0,"obtain_stats":[{"Blood Vial":6,"Torii":8,"HollowMod:VesselMask":0,"Tiny Chest":0},{"Blood Vial":5,"Torii":7,"HollowMod:VesselMask":0,"Tiny Chest":0},{"Blood Vial":20,"Torii":34,"HollowMod:VesselMask":0,"Tiny Chest":0}]},"card_choices":[{"not_picked":["HollowMod:Grubsong","HollowMod:QuirrelsAssistance"],"picked":"HollowMod:GreatSlash","floor":1},{"not_picked":["HollowMod:WraithStrike","HollowMod:ChannelNail"],"picked":"HollowMod:SharpenedNail","floor":3},{"not_picked":["HollowMod:ShadowDash","HollowMod:SiblingsSouls"],"picked":"HollowMod:RecoilStrike","floor":4},{"not_picked":["HollowMod:PerfectDash","HollowMod:VoidDash"],"picked":"HollowMod:CoiledNail","floor":5},{"not_picked":["HollowMod:SoulStrike","HollowMod:MonarchWings"],"picked":"HollowMod:SoulVessel","floor":6},{"not_picked":["HollowMod:MonomonsArchive","HollowMod:VengefulVoid"],"picked":"HollowMod:SoulEater","floor":7},{"not_picked":["HollowMod:ShadowDash","HollowMod:FastStrike"],"picked":"HollowMod:SoulShaman","floor":8}],"player_experience":653870,"relics_obtained":[{"floor":6,"key":"Blood Vial"},{"floor":8,"key":"Torii"}],"event_choices":[],"is_beta":false,"boss_relics":[],"items_purged_floors":[],"is_endless":false,"potions_floor_spawned":[1,3],"killed_by":"Lagavulin","ascension_level":2}}