{"host":"7iv10lxbxedtd0qh","time":1612207577,"event":{"mods":["BaseMod","Colored Map","Colored Powertips","Downfall","Minty Spire (QoL Compilation)","StSLib"],"gold_per_floor":[99,111,111,122,138,150,177,7,7,22,22,38,38,73,85,190,190,190,206,220,233,15,28,28,28,28,47,47,47,47],"floor_reached":28,"language":"ENG","playtime":1538,"items_purged":["hexamod:Strike","hexamod:Strike"],"score":246,"play_id":"20ce4eb6-c162-4164-8e21-0baf068741e5","local_time":"20210201202617","is_ascension_mode":true,"campfire_choices":[{"data":"hexamod:Float","floor":1,"key":"SMITH"},{"data":"hexamod:PhantomCloak","floor":9,"key":"SMITH"},{"data":"hexamod:GhostflameBarrier","floor":11,"key":"SMITH"},{"data":"hexamod:ThermalTransfer","floor":13,"key":"SMITH"},{"data":"hexamod:SuperheatedStrike","floor":18,"key":"SMITH"}],"circlet_count":0,"master_deck":["hexamod:Strike+1","hexamod:Defend+1","hexamod:Defend","hexamod:Defend+1","hexamod:Sear+1","hexamod:Float+1","hexamod:ChargedBarrage+1","hexamod:HeatCrush+1","hexamod:SuperheatedStrike+1","hexamod:NightmareGuise","hexamod:PhantomCloak+1","hexamod:GhostflameBarrier+1","hexamod:ThermalTransfer+1","hexamod:GhostShield+1","hexamod:SixthSeal","hexamod:NightmareGuise","hexamod:FastForward+1","hexamod:FirstSeal","hexamod:PhantomCloak","hexamod:SpectersWail","hexamod:ThermalTransfer+1","hexamod:Float+1"],"relics":["hexamod:UnbrokenSoul","Whetstone","Anchor","hexamod:CandleOfCauterizing"],"acts_visited":["Exordium","TheCity"],"potions_floor_usage":[20,21,21,22,27],"damage_taken":[{"damage":0,"enemies":"Small Slimes","floor":2,"turns":3},{"damage":0,"enemies":"Cultist","floor":4,"turns":3},{"damage":7,"enemies":"Jaw Worm","floor":5,"turns":3},{"damage":6,"enemies":"3 Louse","floor":6,"turns":3},{"damage":0,"enemies":"downfall:FleeingMerchant","floor":8,"turns":4},{"damage":0,"enemies":"Exordium Thugs","floor":10,"turns":3},{"damage":0,"enemies":"Exordium Wildlife","floor":12,"turns":3},{"damage":1,"enemies":"Gremlin Nob","floor":14,"turns":4},{"damage":8,"enemies":"3 Louse","floor":15,"turns":3},{"damage":6,"enemies":"SI_SHIV_ARCHETYPE","floor":16,"turns":7},{"damage":11,"enemies":"Shell Parasite","floor":19,"turns":7},{"damage":19,"enemies":"Spheric Guardian","floor":20,"turns":4},{"damage":10,"enemies":"Centurion and Healer","floor":21,"turns":8},{"damage":6,"enemies":"downfall:FleeingMerchant","floor":22,"turns":4},{"damage":17,"enemies":"Snecko","floor":23,"turns":7},{"damage":3,"enemies":"Snake Plant","floor":27,"turns":3},{"damage":20,"enemies":"Chosen and Byrds","floor":28,"turns":4}],"seed_played":"-337353672275848485","potions_obtained":[{"floor":4,"key":"Dexterity Potion"},{"floor":5,"key":"CultistPotion"},{"floor":10,"key":"hexamod:DoubleChargePotion"},{"floor":16,"key":"PowerPotion"},{"floor":20,"key":"Weak Potion"},{"floor":21,"key":"ColorlessPotion"},{"floor":23,"key":"sneckomod:MuddlingPotion"},{"floor":27,"key":"BlessingOfTheForge"}],"is_trial":false,"path_per_floor":["R","M","?","M","M","M","T","$","R","M","R","M","R","E","M","B",null,"R","M","M","M","$","M","T","?","?","M","M"],"character_chosen":"THE_SPIRIT","items_purchased":["hexamod:PhantomCloak","hexamod:PhantomCloak","hexamod:SpectersWail"],"campfire_rested":0,"item_purchase_floors":[8,22,22],"current_hp_per_floor":[49,49,49,49,42,36,36,36,36,36,36,36,36,35,27,21,70,70,59,40,30,24,14,14,14,14,18,0,0,0],"gold":47,"neow_bonus":"REMOVE_TWO","is_daily":false,"chose_seed":false,"campfire_upgraded":5,"win_rate":0.0,"timestamp":1612207577,"path_taken":["R","M","?","M","M","M","T","$","R","M","R","M","R","E","M","BOSS","R","M","M","M","$","?","T","?","?","M","?"],"items_purchased_type":["Card","Card","Card"],"build_version":"2020-12-22","purchased_purges":2,"victory":false,"max_hp_per_floor":[70,70,70,70,70,70,70,70,70,70,70,70,70,70,70,70,70,70,70,70,70,70,70,70,70,70,70,70,70,70],"card_choices":[{"not_picked":["hexamod:FlamesFromBeyond","hexamod:Rewind"],"picked":"hexamod:ChargedBarrage","floor":2},{"not_picked":["hexamod:ShieldOfDarkness","hexamod:FlamesFromBeyond"],"picked":"hexamod:HeatCrush","floor":4},{"not_picked":["hexamod:AdvancingGuard","hexamod:GhostShield","hexamod:Again"],"picked":"SKIP","floor":5},{"not_picked":["hexamod:GhostShield","hexamod:ApocalypseNow"],"picked":"hexamod:SuperheatedStrike","floor":6},{"not_picked":["hexamod:HeatMetal","hexamod:GhostOfSpireFuture"],"picked":"hexamod:NightmareGuise","floor":8},{"not_picked":["hexamod:RadiantFlame","hexamod:ShieldOfDarkness"],"picked":"hexamod:GhostflameBarrier","floor":10},{"not_picked":["hexamod:HeatMetal","hexamod:SpectralAdrenaline"],"picked":"hexamod:ThermalTransfer","floor":12},{"not_picked":["hexamod:InspiringFlames","hexamod:Incineration","hexamod:ThirdSeal"],"picked":"SKIP","floor":14},{"not_picked":["hexamod:FirstSeal","hexamod:SecondSeal"],"picked":"hexamod:GhostShield","floor":15},{"not_picked":["hexamod:WildfireWeapon","hexamod:TurnItUp"],"picked":"hexamod:SixthSeal","floor":16},{"not_picked":["hexamod:SpectersWail","hexamod:AdvancingGuard+1"],"picked":"hexamod:NightmareGuise","floor":19},{"not_picked":["hexamod:Hexaguard","hexamod:UnlimitedPower"],"picked":"hexamod:FastForward+1","floor":20},{"not_picked":["hexamod:InspiringFlames","hexamod:SpectralSpark","hexamod:NecessarySacrifice"],"picked":"SKIP","floor":21},{"not_picked":["hexamod:RetreatToShadows","hexamod:Hexaguard"],"picked":"hexamod:FirstSeal","floor":22},{"not_picked":["hexamod:FastForward","hexamod:Hexaguard"],"picked":"hexamod:ThermalTransfer","floor":23},{"not_picked":["hexamod:FastForward","hexamod:SwordOfDarkness+1","hexamod:NightmareStrike"],"picked":"SKIP","floor":27}],"player_experience":784254,"relics_obtained":[{"floor":7,"key":"Whetstone"},{"floor":14,"key":"Anchor"},{"floor":24,"key":"hexamod:CandleOfCauterizing"}],"event_choices":[],"is_beta":false,"boss_relics":[{"not_picked":["SacredBark","Coffee Dripper"],"picked":"hexamod:UnbrokenSoul"}],"items_purged_floors":[8,22],"is_endless":false,"potions_floor_spawned":[4,5,10,16,20,21,23,27],"killed_by":"Chosen and Byrds","ascension_level":2}}