{"host":"mw3dmj42qtkbha4b","time":1612182734,"event":{"mods":["BaseMod","Colored Map","Colored Powertips","DeckTracker","Minty Spire (QoL Compilation)","StSLib","SuperFastMode"],"gold_per_floor":[13,13,13,13,13,13,29,48,98,169,169,189,209,209,209],"floor_reached":14,"language":"KOR","playtime":380,"items_purged":[],"score":160,"play_id":"f3e905fc-a226-4041-859a-49b0679d4573","local_time":"20210201213214","is_ascension_mode":true,"campfire_choices":[{"floor":6.0,"key":"REST"},{"floor":11.0,"key":"REST"}],"circlet_count":0,"master_deck":["AscendersBane","Strike_P","Strike_P+1","Strike_P","Defend_P","Defend_P","Eruption+1","Vigilance"],"relics":["PureWater","Golden Idol","Whetstone","Anchor"],"acts_visited":["Exordium"],"potions_floor_usage":[],"damage_taken":[{"damage":0.0,"enemies":"Small Slimes","floor":1.0,"turns":3.0},{"damage":24.0,"enemies":"Jaw Worm","floor":7.0,"turns":2.0},{"damage":7.0,"enemies":"2 Louse","floor":8.0,"turns":4.0},{"damage":8.0,"enemies":"Gremlin Nob","floor":10.0,"turns":3.0},{"damage":0.0,"enemies":"2 Fungi Beasts","floor":12.0,"turns":2.0},{"damage":7.0,"enemies":"Lots of Slimes","floor":13.0,"turns":3.0},{"damage":34,"enemies":"3 Sentries","floor":14,"turns":8}],"seed_played":"-794923839209475556","potions_obtained":[{"floor":7.0,"key":"Regen Potion"},{"floor":8.0,"key":"StancePotion"}],"is_trial":false,"path_per_floor":["M","?","?","$","?","R","M","M","T","?","R","M","M","E"],"character_chosen":"WATCHER","items_purchased":[],"campfire_rested":2,"item_purchase_floors":[],"current_hp_per_floor":[61,38,38,38,31,51,27,29,29,21,41,41,34,0,0],"gold":209,"neow_bonus":"REMOVE_TWO","is_daily":false,"chose_seed":false,"campfire_upgraded":0,"win_rate":0.0,"timestamp":1612182734,"path_taken":["M","?","?","?","?","R","M","M","T","?","R","?","M","E"],"items_purchased_type":[],"build_version":"2020-12-22","purchased_purges":0,"victory":false,"max_hp_per_floor":[68,68,68,68,68,68,68,68,68,68,68,68,68,68,68],"card_choices":[{"not_picked":["Evaluate","Consecrate","SandsOfTime"],"picked":"SKIP","floor":1.0},{"not_picked":["SignatureMove","PathToVictory","Crescendo"],"picked":"SKIP","floor":7.0},{"not_picked":["WreathOfFlame","CrushJoints","JustLucky"],"picked":"SKIP","floor":8.0},{"not_picked":["Study","Protect","Fasting2"],"picked":"SKIP","floor":12.0},{"not_picked":["Consecrate","DeceiveReality","SignatureMove"],"picked":"SKIP","floor":13.0}],"player_experience":1773919,"relics_obtained":[{"floor":9.0,"key":"Whetstone"},{"floor":10.0,"key":"Anchor"}],"event_choices":[{"damage_healed":0.0,"max_hp_gain":0.0,"max_hp_loss":0.0,"gold_gain":0.0,"event_name":"Golden Idol","player_choice":"Take Damage","floor":2.0,"gold_loss":0.0,"damage_taken":23.0,"relics_obtained":["Golden Idol"]},{"damage_healed":0.0,"max_hp_gain":0.0,"max_hp_loss":0.0,"gold_gain":0.0,"event_name":"Liars Game","player_choice":"Ignored","floor":3.0,"gold_loss":0.0,"damage_taken":0.0},{"cards_removed":["Defend_P"],"damage_healed":0.0,"max_hp_gain":0.0,"max_hp_loss":0.0,"gold_gain":0.0,"event_name":"Golden Wing","player_choice":"Card Removal","floor":5.0,"gold_loss":0.0,"damage_taken":7.0},{"damage_healed":0.0,"max_hp_gain":0.0,"max_hp_loss":0.0,"gold_gain":0.0,"event_name":"Dead Adventurer","player_choice":"Searched \u00272\u0027 times","floor":10.0,"gold_loss":0.0,"damage_taken":0.0}],"is_beta":false,"boss_relics":[],"items_purged_floors":[],"is_endless":false,"potions_floor_spawned":[7,8],"killed_by":"3 Sentries","ascension_level":20}}