{"host":"qg654vxoo1kzp6cj","time":1612210588,"event":{"mods":["100% Spire Juice","2.2 Compatiblity","Act Like it!","Aspiration","BaseMod","Better Altar","Better Skull","Better Third Choice","Better Vampires","Displayed Cursed Tome","Downfall","Elementarium","Gensokyo","GifTheSpireLib","Hallownest","HololiveMod","Hubris","Ironclad Rager","Menagerie","Minty Spire (QoL Compilation)","MostiFishMod","Pale of the Ancients","Reliquary","Replay The Spire","Spicy Shops","StSLib","Stuff the Spire","The Animator","The Bug Knight","The Dragonkin","The Runesmith","The Senshi","The Servant 0.9.4","TheHero","Wandering Minibosses","WarShipGirlsR/????R mod"],"gold_per_floor":[99,28,28,28,28,60,60,76,76,87,103,88,88,119,130,229,229,29,41,141,155,170,170,170,170,170,201,220,28,28,13,27,27,27,27],"floor_reached":33,"language":"ENG","playtime":2010,"items_purged":["Pain"],"score":285,"play_id":"a156c3a4-3d9d-4617-9237-942e1fd260d4","local_time":"20210201151628","is_ascension_mode":true,"campfire_choices":[{"floor":1,"key":"RECALL"},{"data":"Guardian:TwinSlam","floor":9,"key":"SMITH"},{"floor":13,"key":"REST"},{"data":"Guardian:AncientConstruct","floor":18,"key":"SMITH"},{"data":"Guardian:PrismaticBarrier","floor":30,"key":"SMITH"}],"circlet_count":0,"master_deck":["Guardian:Strike_Guardian","Guardian:Strike_Guardian","Guardian:Strike_Guardian","Guardian:Strike_Guardian","Guardian:Defend_Guardian","Guardian:Defend_Guardian","Guardian:Defend_Guardian","Guardian:Defend_Guardian","Guardian:CurlUp+1","Guardian:TwinSlam+1","Guardian:AncientConstruct+1","Guardian:RollAttack","Guardian:PrimingBeam","Guardian:SpikerProtocol","Guardian:TimeBomb","Guardian:ShieldSpikes","Guardian:SpikerProtocol","Guardian:PrismaticBarrier+1","Guardian:ConstructionForm","Guardian:DonusPower+1","Guardian:PiercingHide","Guardian:Repulse","Guardian:ShieldCharger+1","Shame","Elementarium:StickyTar","Guardian:Gem_Red"],"relics":["Guardian:ModeShifter","DaveBox","downfall:HeartsMalice","HandDrill","Menagerie:ShiftingBlessing","Replay:Bottled Steam","HollowDreamFlower","Ring of Chaos","downfall:HeartBlessingBlue","downfall:HeartBlessingGreen","reliquary:TridentHead","hubris:CuriousFeather","Elementarium:GolemsHeart","Blood Vial","Pen Nib","reliquary:PrincelyHelmet"],"acts_visited":["Exordium","Menagerie:Menagerie"],"potions_floor_usage":[11,12,12,12,16,27,27,29],"damage_taken":[{"damage":0,"enemies":"downfall:FleeingMerchant","floor":2,"turns":1},{"damage":0,"enemies":"Menagerie:MonstrousExperiment","floor":4,"turns":1},{"damage":0,"enemies":"Menagerie:WhisperingWraith","floor":5,"turns":1},{"damage":24,"enemies":"Menagerie:VoidReaper","floor":6,"turns":6},{"damage":0,"enemies":"Menagerie:2_RABBITS","floor":8,"turns":5},{"damage":5,"enemies":"Menagerie:RedMage","floor":10,"turns":4},{"damage":0,"enemies":"Menagerie:DREAD_MOTH_AND_GRAFTED_WORMS","floor":11,"turns":2},{"damage":0,"enemies":"downfall:FleeingMerchant","floor":12,"turns":4},{"damage":46,"enemies":"Menagerie:MaskedSummoner","floor":14,"turns":13},{"damage":9,"enemies":"Menagerie:EntropyWarlock","floor":15,"turns":4},{"damage":14,"enemies":"SI_SHIV_ARCHETYPE","floor":16,"turns":10},{"damage":0,"enemies":"Elementarium:2_ELEMENTALS","floor":19,"turns":6},{"damage":9,"enemies":"Elementarium:FIRE_SANCTUM_HERALD","floor":20,"turns":10},{"damage":22,"enemies":"Elementarium:FIRE_SANCTUM_FIRELORD","floor":20,"turns":6},{"damage":8,"enemies":"Elementarium:MUD_AND_TAR_GOLEMS","floor":21,"turns":2},{"damage":61,"enemies":"Elementarium:CYCLONE_AND_ORB_OF_FIRE","floor":22,"turns":6},{"damage":12,"enemies":"Elementarium:ElementalPortal","floor":27,"turns":8},{"damage":8,"enemies":"Elementarium:VoidBeast","floor":28,"turns":6},{"damage":3,"enemies":"downfall:FleeingMerchant","floor":29,"turns":4},{"damage":0,"enemies":"downfall:FleeingMerchant","floor":31,"turns":4},{"damage":0,"enemies":"Elementarium:VOID_CORRUPTION_AND_TAR_GOLEM","floor":32,"turns":7},{"damage":48,"enemies":"DF_ARCHETYPE_CLAW","floor":33,"turns":5}],"seed_played":"-3707551423407177078","potions_obtained":[{"floor":6,"key":"Guardian:BlockOnCardUsePotion"},{"floor":8,"key":"Block Potion"},{"floor":10,"key":"LiquidBronze"},{"floor":11,"key":"GamblersBrew"},{"floor":14,"key":"AttackPotion"},{"floor":21,"key":"Swift Potion"},{"floor":22,"key":"Regen Potion"},{"floor":28,"key":"LiquidMemories"}],"is_trial":false,"path_per_floor":["R","$","?","M","M","E","T","M","R","M","M","$","R","E","M","B",null,"R","M","?","M","M","?","T","?","?","E","M","$","R","$","M","B"],"character_chosen":"GUARDIAN","items_purchased":["HandDrill","reliquary:PrincelyHelmet"],"campfire_rested":1,"item_purchase_floors":[2,29],"current_hp_per_floor":[80,80,71,71,71,47,47,47,47,42,42,42,66,20,15,5,80,90,90,63,59,2,2,2,2,11,20,18,21,21,27,33,0,0,0],"gold":27,"neow_bonus":"THREE_ENEMY_KILL","is_daily":false,"chose_seed":false,"campfire_upgraded":3,"win_rate":0.0,"timestamp":1612210588,"path_taken":["R","$","?","M","M","E","T","M","R","M","M","$","R","E","M","BOSS","R","M","?","M","M","?","T","?","?","E","?","?","R","?","M","BOSS"],"items_purchased_type":["Relic","Relic"],"build_version":"2020-12-22","purchased_purges":1,"victory":false,"max_hp_per_floor":[80,80,80,80,80,80,80,80,80,80,80,80,80,80,80,80,80,90,90,90,90,90,90,90,90,90,90,90,90,90,90,90,90,90,90],"card_choices":[{"not_picked":["Guardian:VentSteam","Guardian:EvasiveProtocol"],"picked":"Guardian:AncientConstruct","floor":2},{"not_picked":["Guardian:PrimingBeam","Guardian:ShieldSpikes"],"picked":"Guardian:Gem_Blue","floor":4},{"not_picked":["Guardian:FuturePlans","Guardian:Incinerate"],"picked":"Guardian:RollAttack","floor":5},{"not_picked":["Guardian:PrismaticBarrier","Guardian:Emergency"],"picked":"Guardian:PrimingBeam","floor":6},{"not_picked":["Guardian:Harden","Guardian:Planning"],"picked":"Guardian:Gem_Blue","floor":8},{"not_picked":["Guardian:Reroute","Guardian:Recover"],"picked":"Guardian:SpikerProtocol","floor":10},{"not_picked":["Guardian:Gem_Lightblue","Guardian:FloatingOrbs"],"picked":"Guardian:TimeBomb","floor":11},{"not_picked":["Guardian:RollAttack","Guardian:PolyBeam"],"picked":"Guardian:ShieldSpikes","floor":12},{"not_picked":["Guardian:TemporalStrike","Guardian:ChargeCore"],"picked":"Guardian:SpikerProtocol","floor":14},{"not_picked":["Guardian:PolyBeam","Guardian:ChargeCore"],"picked":"Guardian:PrismaticBarrier","floor":15},{"not_picked":["Guardian:ExploitGems","Guardian:StasisEngine"],"picked":"Guardian:ConstructionForm","floor":16},{"not_picked":["Guardian:VentSteam","Guardian:ChargeCore"],"picked":"Guardian:Gem_Cyan","floor":19},{"not_picked":["Guardian:PrimingBeam","Guardian:GuardianWhirl"],"picked":"Guardian:Gem_Fragmented","floor":20},{"not_picked":["Guardian:CrystalBeam","Guardian:Gem_Green"],"picked":"Guardian:DonusPower+1","floor":21},{"not_picked":["Guardian:SphericShield","Guardian:ChargeCore"],"picked":"Guardian:PiercingHide","floor":22},{"not_picked":["Guardian:VentSteam","Guardian:TemporalStrike"],"picked":"Guardian:Gem_Purple","floor":27},{"not_picked":["Guardian:Orbwalk","Guardian:TemporalShield"],"picked":"Guardian:Repulse","floor":28},{"not_picked":["Guardian:TemporalShield","Guardian:RollAttack"],"picked":"Guardian:ShieldCharger+1","floor":29},{"not_picked":["Guardian:ChargeCore","Guardian:MultiBeam","Guardian:TemporalShield+1"],"picked":"SKIP","floor":31},{"not_picked":["Guardian:Recover+1","Guardian:CrystalBeam"],"picked":"Guardian:Gem_Red","floor":32}],"player_experience":846296,"relics_obtained":[{"floor":6,"key":"Replay:Bottled Steam"},{"floor":14,"key":"HollowDreamFlower"},{"floor":20,"key":"reliquary:TridentHead"},{"floor":20,"key":"hubris:CuriousFeather"},{"floor":24,"key":"Blood Vial"},{"floor":27,"key":"Pen Nib"}],"event_choices":[{"damage_healed":0,"gold_gain":0,"player_choice":"Touch","damage_taken":9,"relics_obtained":["Menagerie:ShiftingBlessing"],"max_hp_gain":0,"max_hp_loss":0,"event_name":"Menagerie:LunarGift","floor":3,"gold_loss":0},{"damage_healed":0,"gold_gain":0,"player_choice":"Fight","damage_taken":0,"max_hp_gain":0,"max_hp_loss":0,"event_name":"Elementarium:FireSanctum","floor":20,"gold_loss":0},{"damage_healed":0,"gold_gain":0,"player_choice":"Confrontation","damage_taken":0,"max_hp_gain":0,"max_hp_loss":0,"event_name":"Elementarium:FireSanctum","floor":20,"gold_loss":0},{"damage_healed":0,"gold_gain":0,"player_choice":"Chest","damage_taken":0,"relics_obtained":["Elementarium:GolemsHeart"],"max_hp_gain":0,"max_hp_loss":0,"event_name":"Elementarium:AbandonedFactory","floor":23,"gold_loss":0,"cards_obtained":["Pain"]}],"is_beta":false,"boss_relics":[{"not_picked":["Replay:Wanted Poster","reliquary:Craggleroot"],"picked":"Ring of Chaos"}],"items_purged_floors":[29],"is_endless":false,"potions_floor_spawned":[6,8,10,11,14,21,22,28],"killed_by":"DF_ARCHETYPE_CLAW","ascension_level":1}}