{"host":"fuszjwm6fqgjjp4d","time":1612221864,"event":{"mods":["BaseMod","Bestiary","Colored Map","DeckTracker","Minty Spire (QoL Compilation)","Permanent Neow","Relic Sorter","Relic Stats","StSLib"],"gold_per_floor":[113,130,143,157,175,175,187,220,220,220,231,231,258,274,274,274,274],"floor_reached":16,"language":"ENG","playtime":447,"items_purged":[],"score":232,"play_id":"28c9b899-1960-4768-940d-ed0c53ad2d2c","local_time":"20210201172424","is_ascension_mode":true,"campfire_choices":[{"data":"Bouncing Flask","floor":6.0,"key":"SMITH"},{"floor":10.0,"key":"REST"},{"data":"Noxious Fumes","floor":12.0,"key":"SMITH"},{"data":"Noxious Fumes","floor":15,"key":"SMITH"}],"circlet_count":0,"master_deck":["AscendersBane","Strike_G","Strike_G","Strike_G","Strike_G","Strike_G","Defend_G","Defend_G","Defend_G","Defend_G","Defend_G","Survivor","Neutralize","Bouncing Flask+1","Blade Dance","Cloak And Dagger","Noxious Fumes+1","Noxious Fumes+1","Backflip","PiercingWail","Crippling Poison","Backflip"],"relics":["Sozu","Ancient Tea Set","Question Card","Strawberry"],"acts_visited":["Exordium"],"potions_floor_usage":[],"damage_taken":[{"damage":1.0,"enemies":"Small Slimes","floor":1.0,"turns":5.0},{"damage":3.0,"enemies":"2 Louse","floor":2.0,"turns":5.0},{"damage":4.0,"enemies":"Cultist","floor":3.0,"turns":4.0},{"damage":3.0,"enemies":"3 Louse","floor":4.0,"turns":4.0},{"damage":7.0,"enemies":"Lots of Slimes","floor":5.0,"turns":5.0},{"damage":6.0,"enemies":"2 Fungi Beasts","floor":7.0,"turns":3.0},{"damage":29.0,"enemies":"Gremlin Nob","floor":8.0,"turns":4.0},{"damage":0.0,"enemies":"Large Slime","floor":11.0,"turns":4.0},{"damage":17,"enemies":"3 Sentries","floor":13,"turns":6},{"damage":0,"enemies":"Exordium Wildlife","floor":14,"turns":3},{"damage":18,"enemies":"Slime Boss","floor":16,"turns":3}],"seed_played":"-1988399779194432545","potions_obtained":[],"is_trial":false,"path_per_floor":["M","M","M","M","M","R","M","E","T","R","M","R","E","M","R","B"],"character_chosen":"THE_SILENT","items_purchased":[],"campfire_rested":1,"item_purchase_floors":[],"current_hp_per_floor":[58,55,51,48,41,41,35,6,6,25,25,25,15,15,15,0,0],"gold":274,"neow_bonus":"BOSS_RELIC","is_daily":false,"chose_seed":false,"campfire_upgraded":3,"win_rate":0.0,"timestamp":1612221864,"path_taken":["M","M","M","M","M","R","M","E","T","R","M","R","E","M","R","BOSS"],"items_purchased_type":[],"build_version":"2020-12-22","purchased_purges":0,"victory":false,"max_hp_per_floor":[66,66,66,66,66,66,66,66,66,66,66,66,73,73,73,73,73],"relic_stats":{"Sozu":4,"counters":[11,46],"Question Card":3,"obtain_stats":[{"Sozu":0,"Strawberry":13,"Ancient Tea Set":8,"Question Card":9,"Ring of the Snake":0},{"Sozu":0,"Strawberry":9,"Ancient Tea Set":7,"Question Card":7,"Ring of the Snake":0},{"Sozu":0,"Strawberry":40,"Ancient Tea Set":30,"Question Card":30,"Ring of the Snake":0}]},"card_choices":[{"not_picked":["Flying Knee","Backflip"],"picked":"Bouncing Flask","floor":1.0},{"not_picked":["Backflip","Sucker Punch"],"picked":"Blade Dance","floor":2.0},{"not_picked":["Dagger Throw","Dodge and Roll"],"picked":"Cloak And Dagger","floor":3.0},{"not_picked":["Deflect","Reflex","Terror"],"picked":"SKIP","floor":4.0},{"not_picked":["Underhanded Strike","Quick Slash"],"picked":"Noxious Fumes","floor":5.0},{"not_picked":["Bane","Underhanded Strike"],"picked":"Noxious Fumes","floor":7.0},{"not_picked":["Flechettes","Deadly Poison"],"picked":"Backflip","floor":8.0},{"not_picked":["Prepared","Deflect","Blade Dance"],"picked":"PiercingWail","floor":11.0},{"not_picked":["Sucker Punch","Cloak And Dagger","Accuracy"],"picked":"Crippling Poison","floor":13},{"not_picked":["Cloak And Dagger","All Out Attack","Deflect"],"picked":"Backflip","floor":14}],"player_experience":1419035,"relics_obtained":[{"floor":8.0,"key":"Ancient Tea Set"},{"floor":9.0,"key":"Question Card"},{"floor":13,"key":"Strawberry"}],"event_choices":[],"is_beta":false,"boss_relics":[],"items_purged_floors":[],"is_endless":false,"potions_floor_spawned":[2,3,5,14],"killed_by":"Slime Boss","ascension_level":20}}