{"host":"unahupgi85cj6bxp","time":1612158652,"event":{"mods":["Act Like it!","Aspiration","BaseMod","Card Forge","Conspire","Downfall","Energized Spire","Hubris","Infinite Spire","Minty Spire (QoL Compilation)","Replay The Spire","StSLib"],"gold_per_floor":[99,112,132,152,152,167,247,47,63,85,70,86,86,113,129,230,230,130,147,147,166,266,300,349,349,367,367,367,378,378,12,25,128,128,128,140,150,162,180,11,11,11,11,11],"floor_reached":42,"language":"ENG","playtime":3803,"items_purged":[],"score":547,"play_id":"8ff6d3ec-ee98-444a-b4d0-865712dda073","local_time":"20210131215052","is_ascension_mode":false,"campfire_choices":[{"floor":1.0,"key":"RECALL"},{"floor":8.0,"key":"REST"},{"floor":13,"key":"REST"},{"data":"bronze:Break","floor":18,"key":"SMITH"},{"data":"bronze:ClassDefault","floor":25,"key":"SMITH"},{"data":"bronze:DigitalCarnage","floor":28,"key":"SMITH"},{"data":"bronze:SpaghettiCode","floor":35,"key":"SMITH"}],"circlet_count":0,"master_deck":["bronze:Strike+1","bronze:Strike+1","bronze:Strike+1","bronze:Strike+1","bronze:Defend+1","bronze:Defend+1","bronze:Defend+1","bronze:Defend+1","bronze:Replicate+1","bronze:Goto+1","bronze:BronzeOrb+1","bronze:Fortify+1","bronze:Invalidate+1","Regret","bronze:Frontload+1","bronze:Backtrace+1","bronze:CutThrough+1","bronze:ItsAFeature+1","bronze:BuggyMess+1","bronze:WhirlingStrike+1","bronze:Backtrace+1","bronze:Break+1","bronze:BuggyMess+1","bronze:Flail+1","bronze:OilSpill+1","bronze:ClassDefault+1","bronze:DigitalCarnage+1","bronze:NullPointer+1","bronze:DarkDash+1","bronze:DelayedGuard+1","bronze:CloningBeam+1","bronze:Branch+1","bronze:SpaghettiCode+1","bronze:MaxOutput+1","bronze:Overload+1","bronze:ChosenStrike+1","bronze:DelayedSlice+1","bronze:HardenedForm+1","bronze:HyperBeam+1","bronze:Safeguard+1","bronze:Safeguard+1","Discovery+1","bronze:Frontload+1"],"relics":["bronze:BronzeCore","Hammer of Thor","Seething Fire","Anvil of the Gods","Letter Opener","downfall:HeartBlessingRed","downfall:HeartBlessingBlue","Odd Mushroom","Replay:Accelerometer","SlaversCollar","downfall:HeartBlessingGreen","hubris:BottledHeart","Peace Pipe","Quantum Egg","ReplayTheSpireMod:TigerMarble","downfall:RedIOU","hubris:Icosahedron","Question Card","bronze:MakeshiftBattery","Medical Kit","Darkstone Periapt"],"acts_visited":["Exordium","TheCity","TheBeyond"],"potions_floor_usage":[16,16,16,33,38],"damage_taken":[{"damage":0.0,"enemies":"conspire:RoseBush","floor":2.0,"turns":2.0},{"damage":0.0,"enemies":"Small Slimes","floor":3.0,"turns":3.0},{"damage":5.0,"enemies":"Jaw Worm","floor":4.0,"turns":2.0},{"damage":0.0,"enemies":"Blue Slaver","floor":6.0,"turns":2.0},{"damage":2.0,"enemies":"Exordium Wildlife","floor":9.0,"turns":3.0},{"damage":10.0,"enemies":"The Mushroom Lair","floor":10.0,"turns":4.0},{"damage":26.0,"enemies":"downfall:FleeingMerchant","floor":11.0,"turns":4.0},{"damage":7,"enemies":"Large Slime","floor":12,"turns":5},{"damage":6,"enemies":"3 Sentries","floor":14,"turns":5},{"damage":0,"enemies":"3 Louse","floor":15,"turns":1},{"damage":47,"enemies":"SI_SHIV_ARCHETYPE","floor":16,"turns":4},{"damage":1,"enemies":"conspire:FuzzyDice","floor":19,"turns":4},{"damage":0,"enemies":"Shell Parasite","floor":21,"turns":3},{"damage":0,"enemies":"IC_STATUS_ARCHETYPE","floor":22,"turns":3},{"damage":0,"enemies":"Nightmare","floor":23,"turns":6},{"damage":0,"enemies":"Snake Plant","floor":26,"turns":2},{"damage":0,"enemies":"Centurion and Healer","floor":29,"turns":3},{"damage":0,"enemies":"downfall:FleeingMerchant","floor":31,"turns":4},{"damage":0,"enemies":"Sentry and Sphere","floor":32,"turns":2},{"damage":0,"enemies":"WA_ARCHETYPE_CALM","floor":33,"turns":7},{"damage":0,"enemies":"3 Darklings","floor":36,"turns":4},{"damage":0,"enemies":"Orb Walker","floor":37,"turns":2},{"damage":0,"enemies":"Transient","floor":38,"turns":5},{"damage":0,"enemies":"Sphere and 2 Shapes","floor":39,"turns":3},{"damage":0,"enemies":"downfall:FleeingMerchant","floor":40,"turns":2},{"damage":2,"enemies":"Nightmare","floor":42,"turns":4}],"seed_played":"4881132221540307681","potions_obtained":[{"floor":6.0,"key":"infinitespire:BlackPotion"},{"floor":9.0,"key":"Adrenaline Potion"},{"floor":12,"key":"Slimebound:ThreeZeroPotion"},{"floor":26,"key":"Adrenaline Potion"},{"floor":32,"key":"ColorlessPotion"},{"floor":39,"key":"Guardian:BlockOnCardUsePotion"}],"is_trial":false,"path_per_floor":["R","M","M","M","?","M","T","R","M","?","$","M","R","E","M","B",null,"R","M","?","M","?","NM","T","R","M","?","R","M","?","$","M","B",null,"R","M","M","M","M","$","T","NM"],"character_chosen":"THE_AUTOMATON","items_purchased":["Question Card","bronze:DelayedGuard","bronze:CloningBeam","bronze:HyperBeam","bronze:Safeguard","Medical Kit","Discovery","bronze:Frontload"],"campfire_rested":2,"item_purchase_floors":[31,31,31,40,40,40,40,40],"current_hp_per_floor":[77,77,77,72,72,72,72,87,85,75,49,42,68,62,62,15,87,87,86,1,1,1,1,1,1,1,1,1,1,1,1,1,1,1,1,1,1,1,1,1,1,0,0,0],"gold":11,"neow_bonus":"TEN_PERCENT_HP_BONUS","is_daily":false,"chose_seed":false,"campfire_upgraded":4,"win_rate":0.0,"timestamp":1612158652,"path_taken":["R","M","M","?","?","M","T","R","M","?","?","M","R","E","M","BOSS","R","M","?","M","?","NM","T","R","M","?","R","M","?","?","M","BOSS","R","M","M","?","M","$","T","NM"],"items_purchased_type":["Relic","Card","Card","Card","Card","Relic","Card","Card"],"build_version":"2020-12-22","purchased_purges":0,"victory":false,"max_hp_per_floor":[77,77,77,77,77,77,77,87,87,87,87,87,87,87,87,87,87,87,87,1,1,1,1,1,1,1,1,1,1,1,1,1,1,1,1,1,1,1,1,1,1,1,1,1],"card_choices":[{"not_picked":["bronze:MaxOutput","bronze:FineTuning"],"picked":"bronze:BronzeOrb","floor":2.0},{"not_picked":["bronze:FollowUp","bronze:OilSpill"],"picked":"bronze:Fortify","floor":3.0},{"not_picked":["bronze:Repulsor","bronze:BugBarrage"],"picked":"bronze:Invalidate","floor":4.0},{"not_picked":["bronze:ForLoop","bronze:BugBarrage"],"picked":"bronze:Frontload","floor":6.0},{"not_picked":["bronze:Invalidate","bronze:ClassDefault"],"picked":"bronze:Backtrace","floor":9.0},{"not_picked":["bronze:Frontload","bronze:Repair"],"picked":"bronze:CutThrough","floor":10.0},{"not_picked":["bronze:Return","bronze:BugBarrage"],"picked":"bronze:ItsAFeature","floor":11},{"not_picked":["bronze:BitShift","bronze:Overheat"],"picked":"bronze:BuggyMess","floor":12},{"not_picked":["bronze:ThunderWave","bronze:CleanCode"],"picked":"bronze:WhirlingStrike","floor":14},{"not_picked":["bronze:Deprecate","bronze:Frontload"],"picked":"bronze:Backtrace","floor":15},{"not_picked":["bronze:CleanCode","bronze:Virus"],"picked":"bronze:Break","floor":16},{"not_picked":["bronze:Frontload+1","bronze:Deprecate"],"picked":"bronze:BuggyMess","floor":19},{"not_picked":["bronze:Philosophize","bronze:CutThrough"],"picked":"bronze:Flail","floor":21},{"not_picked":["bronze:ForLoop","bronze:Philosophize"],"picked":"bronze:OilSpill","floor":22},{"not_picked":["bronze:MaxOutput","bronze:BuggyMess"],"picked":"bronze:ClassDefault","floor":23},{"not_picked":["bronze:MaxOutput+1","bronze:Virus"],"picked":"bronze:DigitalCarnage","floor":26},{"not_picked":["bronze:BronzeArmor+1","bronze:GetLatest"],"picked":"bronze:NullPointer","floor":29},{"not_picked":["bronze:Frontload","bronze:Invalidate"],"picked":"bronze:DarkDash","floor":31},{"not_picked":["bronze:Invalidate","bronze:ForceShield","bronze:Turbo+1"],"picked":"bronze:Branch","floor":32},{"not_picked":["bronze:ThunderWave","bronze:Break","bronze:ShipIt"],"picked":"bronze:SpaghettiCode","floor":33},{"not_picked":["bronze:DigitalCarnage","bronze:WildBeam","bronze:Overheat"],"picked":"bronze:MaxOutput+1","floor":36},{"not_picked":["bronze:Flail","bronze:DelayedSlice","bronze:DigitalCarnage+1"],"picked":"bronze:Overload","floor":37},{"not_picked":["bronze:Shield+1","bronze:Fortify+1","bronze:WhirlingStrike+1"],"picked":"bronze:ChosenStrike","floor":38},{"not_picked":["bronze:ForceShield","bronze:CutThrough+1","bronze:Repulsor+1"],"picked":"bronze:DelayedSlice","floor":39},{"not_picked":["bronze:BitShift","bronze:ForceShield","bronze:DelayedGuard"],"picked":"bronze:HardenedForm","floor":40}],"player_experience":869641,"relics_obtained":[{"floor":10.0,"key":"Odd Mushroom"},{"floor":14,"key":"Replay:Accelerometer"},{"floor":22,"key":"Peace Pipe"},{"floor":22,"key":"Quantum Egg"},{"floor":23,"key":"Anchor"},{"floor":24,"key":"ReplayTheSpireMod:TigerMarble"},{"floor":41,"key":"Darkstone Periapt"}],"event_choices":[{"damage_healed":0.0,"max_hp_gain":0.0,"max_hp_loss":0.0,"gold_gain":0.0,"event_name":"Big Fish","player_choice":"Box","floor":5.0,"gold_loss":0.0,"damage_taken":0.0,"relics_obtained":["Letter Opener"],"cards_obtained":["Regret"]},{"damage_healed":0.0,"max_hp_gain":0.0,"max_hp_loss":0.0,"gold_gain":0.0,"event_name":"Mushrooms","player_choice":"Fought Mushrooms","floor":10.0,"gold_loss":0.0,"damage_taken":0.0}],"is_beta":false,"boss_relics":[{"not_picked":["Cursed Key","hubris:HollowSoul"],"picked":"SlaversCollar"},{"not_picked":["aspiration:WatcherSkillbook","hubris:Stopwatch"],"picked":"bronze:MakeshiftBattery"}],"items_purged_floors":[],"is_endless":true,"potions_floor_spawned":[6,9,12,14,26,32,39],"killed_by":"Nightmare","ascension_level":0}}