{"host":"2q82lssse0ckn8xu","time":1612173159,"event":{"mods":["AchievementEnabler","BaseMod","Colored Map","Colored Powertips","Minty Spire (QoL Compilation)","Permanent Neow","Quick Restart","StSLib","The Saiyan","Unceasing Turn Reminder"],"gold_per_floor":[109,129,141,159,159,159,188,204,204,234,247,247,267,280,280,357,407,417,436,436,486,496,516,441,441,520,520,538,538,538],"floor_reached":29,"language":"ENG","playtime":1952,"items_purged":[],"score":458,"play_id":"b7aa3687-5ee5-4a0b-b2d3-9a9c9f629df5","local_time":"20210201152239","is_ascension_mode":true,"campfire_choices":[{"data":"Uppercut","floor":6.0,"key":"SMITH"},{"data":"Armaments","floor":12.0,"key":"SMITH"},{"data":"Berserk","floor":15.0,"key":"SMITH"},{"floor":25.0,"key":"REST"},{"data":"Shockwave","floor":27.0,"key":"SMITH"}],"circlet_count":0,"master_deck":["AscendersBane","Strike_R","Strike_R","Strike_R","Strike_R","Defend_R","Defend_R","Defend_R","Defend_R","Bash","Iron Wave","Cleave","Anger","Uppercut+1","Berserk+1","Iron Wave","Shrug It Off+1","Armaments+1","Pommel Strike","Carnage","Offering","Headbutt","Pommel Strike","Pummel","Shockwave+1","Dual Wield"],"relics":["Burning Blood","Akabeko","HornCleat","Bronze Scales","Tiny House","Singing Bowl"],"acts_visited":["Exordium","TheCity"],"potions_floor_usage":[],"damage_taken":[{"damage":6.0,"enemies":"Cultist","floor":1.0,"turns":3.0},{"damage":4.0,"enemies":"Jaw Worm","floor":2.0,"turns":4.0},{"damage":2.0,"enemies":"Small Slimes","floor":3.0,"turns":3.0},{"damage":11.0,"enemies":"Looter","floor":4.0,"turns":4.0},{"damage":14.0,"enemies":"Gremlin Nob","floor":7.0,"turns":4.0},{"damage":15.0,"enemies":"Large Slime","floor":8.0,"turns":5.0},{"damage":31.0,"enemies":"3 Sentries","floor":10.0,"turns":10.0},{"damage":6.0,"enemies":"3 Louse","floor":11.0,"turns":3.0},{"damage":3.0,"enemies":"Blue Slaver","floor":13.0,"turns":3.0},{"damage":6.0,"enemies":"Exordium Thugs","floor":14.0,"turns":5.0},{"damage":5.0,"enemies":"Hexaghost","floor":16.0,"turns":9.0},{"damage":10.0,"enemies":"3 Byrds","floor":18.0,"turns":3.0},{"damage":21.0,"enemies":"Shell Parasite","floor":19.0,"turns":5.0},{"damage":34.0,"enemies":"Cultist and Chosen","floor":22.0,"turns":6.0},{"damage":26.0,"enemies":"Shelled Parasite and Fungi","floor":23.0,"turns":5.0},{"damage":35,"enemies":"Sentry and Sphere","floor":28,"turns":6}],"seed_played":"4808245676699648657","potions_obtained":[{"floor":1.0,"key":"Regen Potion"},{"floor":3.0,"key":"SkillPotion"},{"floor":8.0,"key":"BloodPotion"},{"floor":11.0,"key":"DistilledChaos"},{"floor":23.0,"key":"FearPotion"}],"is_trial":false,"path_per_floor":["M","M","M","M","?","R","E","M","T","E","M","R","M","M","R","B",null,"M","M","?","?","M","M","?","R","T","R","M","?"],"character_chosen":"IRONCLAD","items_purchased":[],"campfire_rested":1,"item_purchase_floors":[],"current_hp_per_floor":[75,77,81,76,82,82,74,65,65,40,56,56,59,59,59,60,82,78,63,63,55,42,22,22,48,48,48,21,0,0],"gold":538,"neow_bonus":"TEN_PERCENT_HP_BONUS","is_daily":false,"chose_seed":false,"campfire_upgraded":4,"win_rate":0.0,"timestamp":1612173159,"path_taken":["M","M","M","M","?","R","E","?","T","E","M","R","M","M","R","BOSS","M","M","?","?","M","?","?","R","T","R","M","?"],"items_purchased_type":[],"build_version":"2020-12-22","purchased_purges":0,"victory":false,"max_hp_per_floor":[82,82,82,82,82,82,82,82,82,82,82,82,82,82,82,82,87,87,87,87,87,87,87,87,87,87,87,89,94,94],"card_choices":[{"not_picked":["Rupture","Body Slam"],"picked":"Iron Wave","floor":1.0},{"not_picked":["Iron Wave","Twin Strike"],"picked":"Cleave","floor":2.0},{"not_picked":["Body Slam","Warcry"],"picked":"Anger","floor":3.0},{"not_picked":["Body Slam","Sword Boomerang"],"picked":"Uppercut","floor":4.0},{"not_picked":["Twin Strike","Wild Strike"],"picked":"Berserk","floor":7.0},{"not_picked":["Flex","Blood for Blood"],"picked":"Iron Wave","floor":8.0},{"not_picked":["Disarm","Wild Strike"],"picked":"Shrug It Off","floor":10.0},{"not_picked":["Iron Wave","Warcry"],"picked":"Armaments","floor":11.0},{"not_picked":["Intimidate","Perfected Strike"],"picked":"Pommel Strike","floor":13.0},{"not_picked":["Second Wind","Twin Strike"],"picked":"Carnage","floor":14.0},{"not_picked":["Corruption","Brutality"],"picked":"Offering","floor":16.0},{"not_picked":["Combust","Shrug It Off"],"picked":"Headbutt","floor":17.0},{"not_picked":["Rage","Havoc"],"picked":"Pommel Strike","floor":18.0},{"not_picked":["Disarm","Sentinel"],"picked":"Pummel","floor":19.0},{"not_picked":["Armaments","Clash"],"picked":"Shockwave","floor":22.0},{"not_picked":["Thunderclap","Fire Breathing"],"picked":"Dual Wield","floor":23.0},{"not_picked":["Clothesline","Twin Strike","Heavy Blade"],"picked":"Singing Bowl","floor":28}],"player_experience":646673,"relics_obtained":[{"floor":7.0,"key":"Akabeko"},{"floor":9.0,"key":"HornCleat"},{"floor":10.0,"key":"Bronze Scales"},{"floor":26.0,"key":"Singing Bowl"}],"event_choices":[{"damage_healed":6.0,"max_hp_gain":0.0,"max_hp_loss":0.0,"gold_gain":0.0,"event_name":"Wheel of Change","player_choice":"Full Heal","floor":5.0,"gold_loss":0.0,"damage_taken":0.0},{"damage_healed":0.0,"max_hp_gain":0.0,"max_hp_loss":0.0,"gold_gain":0.0,"event_name":"Ghosts","player_choice":"Ignored","floor":20.0,"gold_loss":0.0,"damage_taken":0.0},{"damage_healed":0.0,"max_hp_gain":0.0,"max_hp_loss":0.0,"gold_gain":50.0,"event_name":"FaceTrader","player_choice":"Touch","floor":21.0,"gold_loss":0.0,"damage_taken":8.0},{"cards_removed":["Strike_R"],"damage_healed":0.0,"max_hp_gain":0.0,"max_hp_loss":0.0,"gold_gain":0.0,"event_name":"Beggar","player_choice":"Gave Gold","floor":24.0,"gold_loss":75.0,"damage_taken":0.0}],"is_beta":false,"boss_relics":[{"not_picked":["Runic Cube","Astrolabe"],"picked":"Tiny House"}],"items_purged_floors":[],"is_endless":false,"potions_floor_spawned":[1,3,8,11,16,18,19,23],"ascension_level":18}}