{"host":"4c7m9tuvqombcnjj","time":1612180098,"event":{"mods":["Act Like it!","Aspiration","Astrologer","BaseMod","Conspire","Dota2Spire","Gensokyo","GungeonMod","Hallownest","HololiveMod","Jedi Mod","Jorbs\u0027s Wanderer Trilogy","Koishi","KomeijiMod","Lobotomy","LobotomyExtend","Minty Spire (QoL Compilation)","MostiFishMod","Prisma Mod","Reimu（博丽灵梦）","Reliquary","Remilia（蕾米莉亚）","Replay The Spire","RumiaBox-露米娅的神秘盒子","Smile Girya","StSLib","TestMod","The Alterego","The Animator","The Bug Knight","The Construct","The Cursed","The Hierophant","The Jungle","The Runesmith","WarShipGirlsR/战舰少女R mod","Yuyuko","[IsaacMod]以撒尖塔","【功能Mod】混沌之环修复补丁","【遗物卡牌】REMEMod"],"gold_per_floor":[116,129,129,145,172,172,187,204,255,290,308,373,398,423,423,518,518,563,577,618,472,483,483,483,555,555,585,616,645,645,535,535,634,684,684,697,193,234,245,273,285,320,397,417,454,454,455,473,473,480,480,480,480,50,90,90],"floor_reached":57,"language":"ZHS","playtime":4368,"items_purged":[],"score":2320,"play_id":"eebc8392-81a9-463a-b013-b5e796ebb260","local_time":"20210201194818","is_ascension_mode":false,"campfire_choices":[{"floor":6.0,"key":"RECALL"},{"data":"PrismaMod:IllyaUberPoisonChannel","floor":15.0,"key":"SMITH"},{"data":"Aggregate","floor":23.0,"key":"SMITH"},{"floor":30.0,"key":"REST"},{"floor":32.0,"key":"DIG"},{"floor":46,"key":"REST"},{"floor":49,"key":"REST"},{"floor":53,"key":"REST"}],"circlet_count":0,"master_deck":["Strike_B+1","Strike_B+1","Strike_B+1","Strike_B+1","Defend_B+1","Defend_B+1","Defend_B+1","Defend_B+1","Zap","Dualcast","BloodyBrimstone","PrismaMod:IllyaUberPoisonChannel+1","CommonCold","BasicCrystalCard","Glacier","Panic Button","Aggregate+1","Panic Button","Conserve Battery","jedi:blockon","ElectricPowerLearning","Hello World","Cold Snap","Crystallizer","Ball Lightning","Cold Snap","Loop","Glacier","ReplayTheSpireMod:Dual Polarity","jedi:meditation","Hologram+1","Conserve Battery","Glacier+1","conspire:Rain+1","jedi:gatheringstorm","Cold Snap","Tempest","Aggregate","Coolheaded","Rainbow","Cold Snap+1","Genetic Algorithm","Storm","jedi:studyfrost","Cold Snap+1","jedi:BurstFrost+1","Aggregate+1","FIFO Queue+1","ReplayTheSpireMod:Calculation Training+1","Genetic Algorithm","ReplayTheSpireMod:Calculation Training+1","Sweeping Beam","Hologram+1","Coolheaded","Conserve Battery+1","jedi:locknload+1","Lockon","Parasite","White Noise+1","MostiFishMod:ReadyAimFire","REME_TwoStrings","jedi:markofdeath","Blizzard","Aggregate","Parasite"],"relics":["Cracked Core","HushsDoor","REME_ComplimentaryCards","DaveBox","testmod-TestBox","testmod-CasingShield","BirthdayGift-Tetrahedron","SalivaCoin","reliquary:Conveyor","SynthV:TestCard","jedi:arcanewood","conspire:Dentures","Replay:Grab Bag","LetterFromLob","DemoMod:WhiteGuonStone","Dota2Spire:DrumOfEndurance","DeathBook","UnicornStump","reliquary:TatteredRug","Happy Flower","jedi:hotpepper","Fusion Hammer","Tiny House","Replay:Rubber Ducky","testmod-ConstraintPeriapt","Orrery","DemoMod:ChaffGrenade","DemoMod:BlueGuonStone","Bottled Tornado","Replay:WaspNest","Blood Vial"],"acts_visited":["Exordium","TheCity","TheBeyond","TheEnding"],"potions_floor_usage":[55,56,56],"damage_taken":[{"damage":0.0,"enemies":"Small Slimes","floor":1.0,"turns":2.0},{"damage":0.0,"enemies":"Cultist","floor":2.0,"turns":2.0},{"damage":0.0,"enemies":"Jaw Worm","floor":4.0,"turns":3.0},{"damage":4.0,"enemies":"Blue Slaver","floor":5.0,"turns":3.0},{"damage":0.0,"enemies":"Lots of Slimes","floor":7.0,"turns":2.0},{"damage":0.0,"enemies":"Large Slime","floor":8.0,"turns":4.0},{"damage":0.0,"enemies":"Gremlin Nob","floor":10.0,"turns":4.0},{"damage":0.0,"enemies":"Red Slaver","floor":11.0,"turns":3.0},{"damage":11.0,"enemies":"2 Fungi Beasts","floor":12.0,"turns":2.0},{"damage":0.0,"enemies":"Replay:BlueRogue","floor":13.0,"turns":3.0},{"damage":5.0,"enemies":"Looter","floor":14.0,"turns":2.0},{"damage":0.0,"enemies":"Slime Boss","floor":16.0,"turns":6.0},{"damage":4.0,"enemies":"3 Byrds","floor":18.0,"turns":4.0},{"damage":0.0,"enemies":"conspire:FuzzyDice","floor":19.0,"turns":6.0},{"damage":10.0,"enemies":"Chosen and Byrds","floor":20.0,"turns":5.0},{"damage":0.0,"enemies":"Shelled Parasite and Fungi","floor":22.0,"turns":6.0},{"damage":0.0,"enemies":"Book of Stabbing","floor":27.0,"turns":6.0},{"damage":15.0,"enemies":"Centurion and Healer","floor":28.0,"turns":7.0},{"damage":0.0,"enemies":"HollowMod:Nosk","floor":29.0,"turns":6.0},{"damage":0.0,"enemies":"Pondfish","floor":33.0,"turns":10.0},{"damage":0.0,"enemies":"3 Shapes","floor":36.0,"turns":2.0},{"damage":10.0,"enemies":"3 Darklings","floor":38.0,"turns":4.0},{"damage":0.0,"enemies":"Writhing Mass","floor":39.0,"turns":4.0},{"damage":0.0,"enemies":"Reptomancer","floor":40.0,"turns":6.0},{"damage":0.0,"enemies":"Maw","floor":41.0,"turns":5.0},{"damage":0.0,"enemies":"Giant Head","floor":42.0,"turns":8.0},{"damage":0,"enemies":"Jaw Worm Horde","floor":44,"turns":2},{"damage":0,"enemies":"Writhing Mass","floor":45,"turns":4},{"damage":0,"enemies":"Writhing Mass","floor":48,"turns":4},{"damage":0,"enemies":"Awakened One","floor":50,"turns":8},{"damage":0,"enemies":"Shield and Spear","floor":55,"turns":6},{"damage":0,"enemies":"Delirium","floor":56,"turns":24}],"seed_played":"4845517978414342396","potions_obtained":[{"floor":1.0,"key":"Languid Potion"},{"floor":4.0,"key":"PotionOfCapacity"},{"floor":7.0,"key":"LiquidMemories"},{"floor":11.0,"key":"REME_GoldPotion"},{"floor":16.0,"key":"jedi:holywater"},{"floor":19.0,"key":"Dota2Spire:Clarity"},{"floor":27.0,"key":"FearPotion"},{"floor":28.0,"key":"DemoMod:LeadSkinPotion"},{"floor":29.0,"key":"conspire:TimeTravelPotion"},{"floor":34.0,"key":"Explosive Potion"},{"floor":39.0,"key":"Weak Potion"},{"floor":41.0,"key":"Dota2Spire:HealingSalve"},{"floor":42.0,"key":"jedi:StrikingPotion"},{"floor":48,"key":"Dota2Spire:HealingSalve"}],"is_trial":false,"path_per_floor":["M","M","?","M","M","R","M","M","T","E","M","M","E","M","R","B",null,"M","M","M","$","M","R","?","?","T","E","M","E","R","$","R","B",null,"M","M","$","M","M","E","M","E","T","M","?","R","$","M","R","B",null,null,"R","$","E","B",null],"character_chosen":"DEFECT","items_purchased":["DemoMod:WhiteGuonStone","Aggregate","Coolheaded","reliquary:TatteredRug","Replay:Rubber Ducky","Storm","testmod-ConstraintPeriapt","Orrery","jedi:locknload+1","Lockon","MostiFishMod:ReadyAimFire","REME_TwoStrings","jedi:markofdeath","PowerPotion","Blizzard","LifebloodPotion"],"campfire_rested":4,"item_purchase_floors":[21,31,31,31,37,37,37,37,47,47,54,54,54,54,54,54],"current_hp_per_floor":[75,75,75,75,71,71,71,71,71,71,71,60,60,55,55,55,72,68,68,58,58,58,58,58,43,43,43,28,28,49,49,49,49,57,57,57,57,48,49,49,50,51,51,52,53,57,57,57,57,57,57,57,57,57,57,54],"gold":90,"neow_bonus":"ONE_RARE_RELIC","is_daily":false,"chose_seed":false,"campfire_upgraded":2,"win_rate":0.0,"timestamp":1612180098,"path_taken":["M","M","?","?","M","R","M","M","T","E","M","M","E","M","R","BOSS","M","M","M","$","M","R","?","?","T","E","M","E","R","$","R","BOSS","M","M","$","M","M","E","M","E","T","M","?","R","$","M","R","BOSS","R","$","E","BOSS"],"items_purchased_type":["Relic","Card","Card","Relic","Relic","Card","Relic","Relic","Card","Card","Card","Card","Card","Potion","Card","Potion"],"build_version":"2020-12-22","purchased_purges":0,"victory":true,"max_hp_per_floor":[75,75,75,75,75,75,75,75,75,75,75,75,72,72,72,72,72,72,72,72,72,72,72,72,72,72,72,72,72,72,72,72,72,57,57,57,57,57,57,57,57,57,57,57,57,57,57,57,57,57,57,57,57,57,57,54],"card_choices":[{"not_picked":[],"picked":"BloodyBrimstone","floor":0.0},{"not_picked":["Leap","Go for the Eyes"],"picked":"BasicCrystalCard","floor":1.0},{"not_picked":["Leap","jedi:BurstFrost","Ball Lightning","jedi:blockon"],"picked":"Glacier","floor":2.0},{"not_picked":["Sweeping Beam","Panic Button","jedi:blockon","BasicCrystalCard"],"picked":"ElectricPowerLearning","floor":4.0},{"not_picked":["Panic Button","Streamline","Defragment","Rebound"],"picked":"Hello World","floor":5.0},{"not_picked":["Redo","Rebound","Beam Cell","MostiFishMod:PushDownKick"],"picked":"Cold Snap","floor":7.0},{"not_picked":["MostiFishMod:IceShield","FTL","Loop","Hologram"],"picked":"Crystallizer","floor":8.0},{"not_picked":["Steam Power","MostiFishMod:FluxCapactior","Lockon","Fusion"],"picked":"Ball Lightning","floor":10.0},{"not_picked":["Bomb","MostiFishMod:InterfaceCompatibility","Rebound","jedi:blockon"],"picked":"Cold Snap","floor":11.0},{"not_picked":["Barrage","Rebound","conspire:SharedLibrary","Cold Snap"],"picked":"Loop","floor":12.0},{"not_picked":["ReplayGash","ReplayTheSpireMod:GoodbyeWorld","Gash","jedi:blockon"],"picked":"Glacier","floor":13.0},{"not_picked":["jedi:BurstFrost","jedi:blockon","Conserve Battery","Ball Lightning"],"picked":"ReplayTheSpireMod:Dual Polarity","floor":14.0},{"not_picked":["Mirror Shield","MostiFishMod:Culaccino","Rainbow","MostiFishMod:ActiveDefenseSystem"],"picked":"jedi:meditation","floor":16.0},{"not_picked":["Lockon+1","Reprogram+1","Panic Button+1","Ball Lightning"],"picked":"Hologram+1","floor":18.0},{"not_picked":["jedi:blockon+1","Defragment","Cold Snap","MostiFishMod:PushDownKick"],"picked":"Conserve Battery","floor":19.0},{"not_picked":["Go for the Eyes","Darkness","Redo","Melter"],"picked":"Glacier","floor":20.0},{"not_picked":["jedi:blockon+1","Compile Driver+1","MostiFishMod:PushDownKick+1","Streamline"],"picked":"conspire:Rain+1","floor":22.0},{"not_picked":["jedi:BurstDark","BasicCrystalCard+1","Sweeping Beam","Barrage"],"picked":"jedi:gatheringstorm","floor":27.0},{"not_picked":["Conserve Battery","Compile Driver","Barrage+1","Redo+1"],"picked":"Cold Snap","floor":28.0},{"not_picked":["Hologram","Rebound","jedi:blockon+1","Steam Power+1"],"picked":"Tempest","floor":29.0},{"not_picked":["Multi-Cast","MostiFishMod:DawningShadow","Echo Form","MostiFishMod:Distribution"],"picked":"Rainbow","floor":33.0},{"not_picked":["ReplayTheSpireMod:Repulse","conspire:SharedLibrary","ReplayTheSpireMod:Dual Polarity","Force Field"],"picked":"Cold Snap+1","floor":34.0},{"not_picked":["Stack+1","All For One","Sweeping Beam","MostiFishMod:PushDownKick+1"],"picked":"Genetic Algorithm","floor":36.0},{"not_picked":["ReplayTheSpireMod:Repulse","Streamline","MostiFishMod:FluxCapactior","Cancel"],"picked":"jedi:studyfrost","floor":37.0},{"not_picked":["Compile Driver+1","Stack","Go for the Eyes+1","Steam+1"],"picked":"Cold Snap+1","floor":37.0},{"not_picked":["Steam","Double Energy+1","Conserve Battery+1","Compile Driver"],"picked":"jedi:BurstFrost+1","floor":37.0},{"not_picked":["Sweeping Beam+1","Compile Driver","Beam Cell","Coolheaded"],"picked":"Aggregate+1","floor":37.0},{"not_picked":["Conserve Battery+1","Barrage","jedi:BurstDark","MostiFishMod:FluxCapactior"],"picked":"FIFO Queue+1","floor":37.0},{"not_picked":["jedi:BurstFrost+1","Hologram","Go for the Eyes","ReplayTheSpireMod:System Scan"],"picked":"ReplayTheSpireMod:Calculation Training+1","floor":38.0},{"not_picked":["Beam Cell+1","conspire:SharedLibrary","Consume+1","Defragment"],"picked":"Genetic Algorithm","floor":39.0},{"not_picked":["Redo","Beam Cell+1","jedi:BurstFrost","Scrape"],"picked":"ReplayTheSpireMod:Calculation Training+1","floor":40.0},{"not_picked":["jedi:BurstLightning","Ball Lightning","Beam Cell+1","jedi:blockon+1"],"picked":"Sweeping Beam","floor":41.0},{"not_picked":["Gash","Darkness+1","MostiFishMod:Overload","REME_Compress+1"],"picked":"Hologram+1","floor":42.0},{"not_picked":["Stack","Compile Driver+1","Time Bomb+1","BasicCrystalCard"],"picked":"Coolheaded","floor":44},{"not_picked":["ElectricPowerLearning","MostiFishMod:FluxCapactior+1","Steam+1","Gash"],"picked":"Conserve Battery+1","floor":45},{"not_picked":["Steam","ReplayTheSpireMod:Repulse+1","Streamline+1","Fan+1"],"picked":"White Noise+1","floor":48},{"not_picked":["Storm+1","Sweeping Beam","Beam Cell+1","MostiFishMod:FluxCapactior"],"picked":"Aggregate","floor":55}],"player_experience":73679,"relics_obtained":[{"floor":1.0,"key":"SynthV:TestCard"},{"floor":10.0,"key":"jedi:arcanewood"},{"floor":13.0,"key":"conspire:Dentures"},{"floor":18.0,"key":"LetterFromLob"},{"floor":26.0,"key":"Dota2Spire:DrumOfEndurance"},{"floor":27.0,"key":"DeathBook"},{"floor":29.0,"key":"UnicornStump"},{"floor":32.0,"key":"Happy Flower"},{"floor":40.0,"key":"DemoMod:ChaffGrenade"},{"floor":42.0,"key":"DemoMod:BlueGuonStone"},{"floor":43,"key":"Bottled Tornado"},{"floor":45,"key":"Replay:WaspNest"},{"floor":55,"key":"Blood Vial"}],"event_choices":[{"damage_healed":0.0,"max_hp_gain":0.0,"max_hp_loss":0.0,"gold_gain":0.0,"event_name":"Back to Basics","player_choice":"Simplicity","floor":24.0,"gold_loss":0.0,"damage_taken":0.0,"cards_upgraded":["Strike_B","Strike_B","Strike_B","Strike_B","Defend_B","Defend_B","Defend_B","Defend_B"]}],"is_beta":false,"boss_relics":[{"not_picked":["reliquary:Ember","RedLine:ReiMu"],"picked":"Replay:Grab Bag"},{"not_picked":[]},{"not_picked":["Cursed Key","Busted Crown"],"picked":"jedi:hotpepper"},{"not_picked":["Velvet Choker","SlaversCollar"],"picked":"Fusion Hammer"},{"not_picked":["testmod-HarvestTotem","aspiration:WatcherSkillbook"],"picked":"Tiny House"}],"items_purged_floors":[],"is_endless":false,"potions_floor_spawned":[1,4,7,10,11,16,19,27,28,29,39,41,42,44,48],"ascension_level":0}}