{"host":"Jedit","time":1612212801,"event":{"mods":["BaseMod","Minty Spire (QoL Compilation)","Relic Stats","StSLib"],"gold_per_floor":[112,112,112,130,280,280,306,321,348,348,348,348],"floor_reached":11,"language":"ENG","playtime":275,"items_purged":[],"score":122,"play_id":"edb4e167-22ae-45c8-98de-4b0770aa93bf","local_time":"20210201205321","is_ascension_mode":true,"campfire_choices":[{"data":"Well Laid Plans","floor":6,"key":"SMITH"},{"floor":10,"key":"REST"}],"circlet_count":0,"master_deck":["AscendersBane","Strike_G","Strike_G","Strike_G","Strike_G","Strike_G","Defend_G","Defend_G","Defend_G","Defend_G","Defend_G","Survivor","Neutralize","Sucker Punch","Well Laid Plans+1","Doubt","Eviscerate","Bouncing Flask"],"relics":["Velvet Choker","Blue Candle","Golden Idol","Odd Mushroom","Juzu Bracelet"],"acts_visited":["Exordium"],"potions_floor_usage":[7,8],"damage_taken":[{"damage":1,"enemies":"Cultist","floor":1,"turns":4},{"damage":0,"enemies":"2 Louse","floor":4,"turns":3},{"damage":46,"enemies":"The Mushroom Lair","floor":7,"turns":6},{"damage":1,"enemies":"Small Slimes","floor":8,"turns":2},{"damage":21,"enemies":"Gremlin Nob","floor":11,"turns":4}],"seed_played":"5119183649142416996","potions_obtained":[{"floor":4,"key":"Poison Potion"},{"floor":7,"key":"AttackPotion"}],"is_trial":false,"path_per_floor":["M","?","?","M","?","R","?","M","T","R","E"],"character_chosen":"THE_SILENT","items_purchased":[],"campfire_rested":1,"item_purchase_floors":[],"current_hp_per_floor":[58,53,53,53,53,53,7,6,6,24,3,3],"gold":348,"neow_bonus":"BOSS_RELIC","is_daily":false,"chose_seed":false,"campfire_upgraded":1,"win_rate":0.0,"timestamp":1612212801,"path_taken":["M","?","?","M","?","R","?","M","T","R","E"],"items_purchased_type":[],"build_version":"2020-12-18","purchased_purges":0,"victory":false,"max_hp_per_floor":[66,66,60,60,60,60,60,60,60,60,60,60],"relic_stats":{"counters":[5,19],"Golden Idol":12,"Blue Candle":[2],"Juzu Bracelet":0,"obtain_stats":[{"Golden Idol":3,"Blue Candle":2,"Velvet Choker":0,"Juzu Bracelet":9,"Odd Mushroom":7,"Ring of the Snake":0},{"Golden Idol":1,"Blue Candle":1,"Velvet Choker":0,"Juzu Bracelet":4,"Odd Mushroom":3,"Ring of the Snake":0},{"Golden Idol":4,"Blue Candle":4,"Velvet Choker":0,"Juzu Bracelet":15,"Odd Mushroom":13,"Ring of the Snake":0}]},"card_choices":[{"not_picked":["Outmaneuver","Flechettes"],"picked":"Sucker Punch","floor":1},{"not_picked":["Blade Dance","Backflip"],"picked":"Well Laid Plans","floor":4},{"not_picked":["Flechettes","Escape Plan"],"picked":"Eviscerate","floor":7},{"not_picked":["Dagger Spray","Dagger Throw"],"picked":"Bouncing Flask","floor":8}],"player_experience":3469573,"relics_obtained":[{"floor":7,"key":"Odd Mushroom"},{"floor":9,"key":"Juzu Bracelet"}],"event_choices":[{"damage_healed":0,"gold_gain":0,"player_choice":"Success","damage_taken":5,"relics_obtained":["Blue Candle"],"max_hp_gain":0,"max_hp_loss":0,"event_name":"Scrap Ooze","floor":2,"gold_loss":0},{"damage_healed":0,"gold_gain":0,"player_choice":"Lose Max HP","damage_taken":0,"relics_obtained":["Golden Idol"],"max_hp_gain":0,"max_hp_loss":6,"event_name":"Golden Idol","floor":3,"gold_loss":0},{"damage_healed":0,"gold_gain":150,"player_choice":"AGREE","damage_taken":0,"max_hp_gain":0,"max_hp_loss":0,"event_name":"Liars Game","floor":5,"gold_loss":0,"cards_obtained":["Doubt"]},{"damage_healed":0,"gold_gain":0,"player_choice":"Fought Mushrooms","damage_taken":0,"max_hp_gain":0,"max_hp_loss":0,"event_name":"Mushrooms","floor":7,"gold_loss":0}],"is_beta":true,"boss_relics":[],"items_purged_floors":[],"is_endless":false,"potions_floor_spawned":[4,7],"killed_by":"Gremlin Nob","ascension_level":20}}