{"host":"s5d39dhq0ddhxhke","time":1612222176,"event":{"mods":["AchievementEnabler","BaseMod","Colored Map","Minty Spire (QoL Compilation)","Smile Girya","SuperFastMode"],"gold_per_floor":[110,124,134,150,150,181,181,213,213,41,60,25,35,35,35,111,111,124,124,143,143,143],"floor_reached":21,"language":"ENG","playtime":640,"items_purged":[],"score":446,"play_id":"decd1e52-2ff4-4620-8cd6-17198b1ac88f","local_time":"20210202012936","is_ascension_mode":true,"campfire_choices":[{"floor":15,"key":"REST"}],"circlet_count":0,"master_deck":["AscendersBane","Strike_R","Strike_R","Strike_R+1","Strike_R","Defend_R","Defend_R","Defend_R","Defend_R","Bash+1","Metallicize+1","Armaments","Brutality","Twin Strike+1","Flame Barrier","Twin Strike","Heavy Blade","Barricade"],"relics":["Fusion Hammer","Whetstone","Vajra","Gremlin Horn","Anchor","HandDrill","SlaversCollar"],"acts_visited":["Exordium","TheCity"],"potions_floor_usage":[16,20],"damage_taken":[{"damage":0.0,"enemies":"Cultist","floor":1.0,"turns":4.0},{"damage":0.0,"enemies":"2 Louse","floor":2.0,"turns":3.0},{"damage":3.0,"enemies":"Small Slimes","floor":3.0,"turns":4.0},{"damage":5.0,"enemies":"Looter","floor":4.0,"turns":3.0},{"damage":23.0,"enemies":"Gremlin Nob","floor":6.0,"turns":4.0},{"damage":5,"enemies":"Lagavulin","floor":8,"turns":7},{"damage":0,"enemies":"Blue Slaver","floor":11,"turns":3},{"damage":0,"enemies":"Large Slime","floor":13,"turns":4},{"damage":0,"enemies":"The Guardian","floor":16,"turns":12},{"damage":12,"enemies":"Spheric Guardian","floor":18,"turns":5},{"damage":15,"enemies":"Shell Parasite","floor":20,"turns":4},{"damage":48,"enemies":"Cultist and Chosen","floor":21,"turns":5}],"seed_played":"-9184303164123481614","potions_obtained":[{"floor":2.0,"key":"Explosive Potion"},{"floor":3.0,"key":"Dexterity Potion"},{"floor":8,"key":"Swift Potion"},{"floor":16,"key":"SkillPotion"}],"is_trial":false,"path_per_floor":["M","M","M","M","?","E","?","E","T","$","M","?","M","?","R","B",null,"M","?","M","M"],"character_chosen":"IRONCLAD","items_purchased":["HandDrill"],"campfire_rested":1,"item_purchase_floors":[10],"current_hp_per_floor":[68,68,65,60,53,30,19,14,14,14,14,32,32,9,31,31,64,52,52,37,0,0],"gold":143,"neow_bonus":"BOSS_RELIC","is_daily":false,"chose_seed":false,"campfire_upgraded":0,"win_rate":0.0,"timestamp":1612222176,"path_taken":["M","M","M","?","?","E","?","E","T","$","M","?","M","?","R","BOSS","M","?","M","M"],"items_purchased_type":["Relic"],"build_version":"2020-12-22","purchased_purges":0,"victory":false,"max_hp_per_floor":[75,75,75,75,75,75,75,75,75,75,75,75,75,75,75,75,75,75,75,75,75,75],"card_choices":[{"not_picked":["Flex","Clash"],"picked":"Metallicize","floor":1.0},{"not_picked":["Sever Soul","Headbutt"],"picked":"Armaments","floor":2.0},{"not_picked":["Rage","Clash"],"picked":"Brutality","floor":3.0},{"not_picked":["Cleave","Clash"],"picked":"Twin Strike","floor":4.0},{"not_picked":["Headbutt","Clash"],"picked":"Flame Barrier","floor":6.0},{"not_picked":["Thunderclap","Dual Wield"],"picked":"Twin Strike","floor":8},{"not_picked":["Rage","Battle Trance"],"picked":"Heavy Blade","floor":11},{"not_picked":["Perfected Strike","Havoc","Sever Soul"],"picked":"SKIP","floor":13},{"not_picked":["Offering","Brutality"],"picked":"Barricade","floor":16},{"not_picked":["Twin Strike+1","Dark Embrace","Havoc"],"picked":"SKIP","floor":18},{"not_picked":["Second Wind","Spot Weakness","Headbutt"],"picked":"SKIP","floor":20}],"player_experience":473477,"relics_obtained":[{"floor":6.0,"key":"Whetstone"},{"floor":8,"key":"Gremlin Horn"},{"floor":9,"key":"Anchor"}],"event_choices":[{"cards_removed":["Strike_R"],"damage_healed":0.0,"max_hp_gain":0.0,"max_hp_loss":0.0,"gold_gain":0.0,"event_name":"Golden Wing","player_choice":"Card Removal","floor":5.0,"gold_loss":0.0,"damage_taken":7.0},{"damage_healed":0.0,"max_hp_gain":0.0,"max_hp_loss":0.0,"gold_gain":0.0,"event_name":"Scrap Ooze","player_choice":"Success","floor":7.0,"gold_loss":0.0,"damage_taken":11.0,"relics_obtained":["Vajra"]},{"damage_healed":18,"gold_gain":0,"player_choice":"Healed","damage_taken":0,"max_hp_gain":0,"max_hp_loss":0,"event_name":"The Cleric","floor":12,"gold_loss":35},{"damage_healed":0,"gold_gain":0,"player_choice":"Entered Light","damage_taken":23,"max_hp_gain":0,"max_hp_loss":0,"event_name":"Shining Light","floor":14,"gold_loss":0,"cards_upgraded":["Twin Strike","Metallicize"]},{"damage_healed":0,"gold_gain":0,"player_choice":"Ignored","damage_taken":0,"max_hp_gain":0,"max_hp_loss":0,"event_name":"Vampires","floor":19,"gold_loss":0}],"is_beta":false,"boss_relics":[{"not_picked":["Cursed Key","Tiny House"],"picked":"SlaversCollar"}],"items_purged_floors":[],"is_endless":false,"potions_floor_spawned":[2,3,8,11,16,18],"killed_by":"Cultist and Chosen","ascension_level":17}}