{"host":"ymw71f7rc9ndansy","time":1612182605,"event":{"mods":["ATMod(阿瑾Mod)","Act Like it!","Arknights","Aspiration","BaseMod","DeckTracker","Hubris","Library of Ruina","Library of Ruina Extra","Minty Spire (QoL Compilation)","MostiFishMod","Relic Filter Mod","Remove Card Discount Mod","Replay The Spire","RumiaBox-露米娅的神秘盒子","StSLib","TestMod","[Fun]BeWhatYouAte","【功能Mod】精心准备","【遗物卡牌】REMEMod"],"gold_per_floor":[114,135,147,59,121,153,153,192,192,192,192,210,94,111,111,212,212,230,228,238,257,67,67,102,125,174,174,194,194,235,259,259,354,354,370,1,21,37,85,85,99,126,126,126,126,0,0,30,30,35,40,40,40,32,62,68],"floor_reached":57,"language":"ZHS","playtime":1375,"items_purged":["ats:Strike G","ats:Strike S","ats:Strike V","ats:Armor Crushing Shot","ats:Defend","ats:Strike C","ats:Assault Order","ats:Very Hot Blade","ats:Sunburst","ats:Ignite","ats:Explosion Area Strengthen","ats:Defend+1","ats:Volcano+1","ats:Defend+1","ats:Burning Ground+1"],"score":1535,"play_id":"0f49b080-1302-41e1-b33b-82dede0baf4b","local_time":"20210201203005","is_ascension_mode":false,"campfire_choices":[{"data":"ats:Guardian Obelisk","floor":7.0,"key":"SMITH"},{"data":"AT_ShadowStep","floor":10.0,"key":"SMITH"},{"data":"hubris:DuctTapeCard","floor":15.0,"key":"SMITH"},{"data":"ats:Emotion Absorption","floor":23.0,"key":"SMITH"},{"data":"ats:Echo Reverb","floor":27.0,"key":"SMITH"},{"data":"ats:Ignite","floor":32.0,"key":"PURGE"},{"data":"ats:Volcano","floor":40.0,"key":"SMITH"},{"floor":49,"key":"RECALL"},{"data":"ats:Mental Burst","floor":53,"key":"SMITH"}],"circlet_count":0,"master_deck":["ats:Emotion Absorption+1","AT_ShadowStep+1","ats:Echo Reverb+1","ats:Very Hot Blade","ats:Wolf Pack","ats:Mental Burst+1","ats:Apocalypse+1","ats:Mental Burst+1","ats:Emotion Absorption+1","hubris:DuctTapeCard"],"relics":["testmod-TestBox","DaveBox","REME_ComplimentaryCards","AT_ATBox","Membership Card","testmod-SaigiyounoYou","RhineSuit","SynthV:TestCard","Potion Belt","ats:Originium","Tiny Chest","The Courier","Quantum Egg","hubris:DuctTape","ExusiaiGun","Sundial","AT_BladeRuinedKing","SentryEyes","aspiration:RandomNobGenerator","ats:Rhine Circuitry","testmod-TurbochargingSystem","Torii","War Paint","AT_ChloranthyRing","Blood Vial","Vajra","GodSword4","aspiration:SeaSaltIceCream","DaveBox","BrkXgEgg","Gremlin Food","AT_SpeedBoots"],"acts_visited":["Exordium","TheCity","TheBeyond","TheEnding"],"potions_floor_usage":[56,56],"damage_taken":[{"damage":0.0,"enemies":"Jaw Worm","floor":1.0,"turns":2.0},{"damage":6.0,"enemies":"Cultist","floor":2.0,"turns":3.0},{"damage":0.0,"enemies":"Small Slimes","floor":3.0,"turns":3.0},{"damage":18.0,"enemies":"Gremlin Nob","floor":6.0,"turns":3.0},{"damage":18.0,"enemies":"3 Sentries","floor":8.0,"turns":5.0},{"damage":0.0,"enemies":"Exordium Thugs","floor":12.0,"turns":3.0},{"damage":9.0,"enemies":"2 Fungi Beasts","floor":14.0,"turns":2.0},{"damage":21.0,"enemies":"Hexaghost","floor":16.0,"turns":5.0},{"damage":0.0,"enemies":"3 Byrds","floor":18.0,"turns":2.0},{"damage":0.0,"enemies":"2 Thieves","floor":20.0,"turns":1.0},{"damage":0.0,"enemies":"Cultist and Chosen","floor":21.0,"turns":1.0},{"damage":0.0,"enemies":"Gremlin Leader","floor":24.0,"turns":1.0},{"damage":0.0,"enemies":"Centurion and Healer","floor":25.0,"turns":1.0},{"damage":0.0,"enemies":"Snecko","floor":28.0,"turns":2.0},{"damage":0.0,"enemies":"Book of Stabbing","floor":30.0,"turns":1.0},{"damage":2.0,"enemies":"Shelled Parasite and Fungi","floor":31.0,"turns":2.0},{"damage":0.0,"enemies":"RedHoodMercenary","floor":33.0,"turns":3.0},{"damage":0.0,"enemies":"Orb Walker","floor":35.0,"turns":1.0},{"damage":0.0,"enemies":"3 Darklings","floor":37.0,"turns":1.0},{"damage":0.0,"enemies":"Transient","floor":38.0,"turns":1.0},{"damage":15.0,"enemies":"4 Shapes","floor":41.0,"turns":1.0},{"damage":0.0,"enemies":"R_Hoarder","floor":42.0,"turns":1.0},{"damage":0,"enemies":"Nemesis","floor":48,"turns":1},{"damage":0,"enemies":"Time Eater","floor":50,"turns":1},{"damage":0,"enemies":"Shield and Spear","floor":55,"turns":1},{"damage":26,"enemies":"The Heart","floor":56,"turns":3}],"seed_played":"-3265903251687527516","potions_obtained":[{"floor":3.0,"key":"Energy Potion"},{"floor":5.0,"key":"FairyPotion"},{"floor":5.0,"key":"testmod-TestPotion"},{"floor":5.0,"key":"Dexterity Potion"},{"floor":6.0,"key":"Fire Potion"},{"floor":24.0,"key":"testmod-SpacePotion"},{"floor":28.0,"key":"Fire Potion"},{"floor":31.0,"key":"FearPotion"},{"floor":35.0,"key":"Elixir"}],"is_trial":false,"path_per_floor":["M","M","M","$","?","E","R","E","T","R","?","M","$","M","R","B",null,"M","$","M","M","$","R","E","M","T","R","M","?","E","M","R","B",null,"M","$","M","M","T","R","M","E","T","T","$","$","?","E","R","B",null,null,"R","$","E","B",null],"character_chosen":"DOCTOR_CLASS","items_purchased":["Potion Belt","ats:Very Hot Blade","hubris:DuctTape","ats:Mental Burst","Sundial","AT_BladeRuinedKing","ats:Rhine Circuitry","testmod-TurbochargingSystem","Torii","War Paint","AT_ChloranthyRing","aspiration:SeaSaltIceCream","ats:Explosion Area Strengthen"],"campfire_rested":0,"item_purchase_floors":[4,13,13,22,22,22,36,36,36,36,36,46,46],"current_hp_per_floor":[72,67,71,71,53,46,46,45,45,45,45,55,55,53,53,49,72,72,72,72,72,72,72,72,72,72,72,72,59,77,77,77,77,77,77,77,77,77,77,77,77,77,77,77,77,77,77,77,77,77,77,77,77,77,77,76],"gold":68,"neow_bonus":"ONE_RANDOM_RARE_CARD","is_daily":false,"chose_seed":false,"campfire_upgraded":7,"win_rate":0.0,"timestamp":1612182605,"path_taken":["M","M","M","$","?","E","R","E","T","R","?","?","$","M","R","BOSS","M","$","M","M","$","R","E","M","T","R","M","?","E","M","R","BOSS","M","$","M","M","?","R","M","E","T","?","?","$","?","E","R","BOSS","R","$","E","BOSS"],"items_purchased_type":["Relic","Card","Relic","Card","Relic","Relic","Relic","Relic","Relic","Relic","Relic","Relic","Card"],"build_version":"2020-12-22","purchased_purges":15,"victory":true,"max_hp_per_floor":[72,72,72,72,72,72,72,72,72,72,72,72,72,72,72,72,72,72,72,72,72,72,72,72,72,72,72,72,77,77,77,77,77,77,77,77,77,77,77,77,77,77,77,77,77,77,77,77,77,77,77,77,77,77,77,77],"card_choices":[{"not_picked":["ats:Assault Order","ats:Poison Spread","ats:Flexible Camouflage"],"picked":"SKIP","floor":1.0},{"not_picked":["ats:Automatic Cover","ats:Blood Oath","ats:Flexible Camouflage","ats:Consecutive Shot Auto"],"picked":"ats:Ignite","floor":2.0},{"not_picked":["ats:Healing Strengthening","ats:Demon Strength","ats:Counter Healing Mode","ats:Rapid Magazine"],"picked":"ats:Guardian Obelisk","floor":3.0},{"not_picked":["ats:Charging Defense","ats:Chain Hook","ats:Powerful Strike","ats:Healing Strengthening"],"picked":"ats:Echo Reverb","floor":6.0},{"not_picked":["ats:Red Shift","ats:Charging Defense","ats:LN2 Cannon","ats:Composite Medical Shells"],"picked":"ats:Sunburst","floor":8.0},{"not_picked":["ats:Sword Rain","ats:Closed Bolt Burst Fire","ats:Cat Scratch","ats:Flexible Camouflage"],"picked":"ats:Ignite","floor":12.0},{"not_picked":["ats:Ambush","ats:Guard Mode","ats:Explosion Area Strengthen","ats:Leaping Hammer","ats:Hammer On"],"picked":"SKIP","floor":14.0},{"not_picked":["ats:Nebulous Foxfire","ats:Volcano","ats:True Silver Slash","ats:Soul Rend"],"picked":"ats:Wolf Pack","floor":16.0},{"not_picked":["ats:Hammer On","ats:Assault Order","ats:Healing Strengthening","ats:Blood Oath","ats:Absolute Focus"],"picked":"SKIP","floor":18.0},{"not_picked":["ats:Encircling Forest","ats:Guardian Obelisk","ats:Hammer On+1","ats:Support Order","ats:Closed Bolt Burst Fire"],"picked":"SKIP","floor":20.0},{"not_picked":["ats:Shadow Raid+1","ats:Apocalypse","ats:Assault Order","ats:Beaten Up","ats:Powerful Strike"],"picked":"SKIP","floor":21.0},{"not_picked":["ats:Sunburst","ats:Absolute Focus","ats:Directed Diagnosis+1","ats:Nebulous Foxfire","ats:Powerful Strike"],"picked":"SKIP","floor":24.0},{"not_picked":["ats:Explosion Area Strengthen","ats:Support Order+1","ats:Very Hot Blade","ats:Powerful Strike"],"picked":"ats:Apocalypse+1","floor":25.0},{"not_picked":["ats:Apocalypse","ats:Ignite","ats:Sunburst","ats:Guard Mode"],"picked":"ats:Burning Ground+1","floor":28.0},{"not_picked":["ats:Literary Storm","ats:Consecutive Shot Auto","ats:Cat Scratch","ats:Flexible Camouflage","ats:Revitalization"],"picked":"SKIP","floor":30.0},{"not_picked":["ats:Guard Mode","ats:Defend Order+1","ats:Poison Spread","ats:Demon Strength"],"picked":"ats:Mental Burst+1","floor":31.0},{"not_picked":["ats:Closed Bolt Burst Fire","ats:Guardian Obelisk+1","ats:Beaten Up+1","ats:Consecutive Shot Auto+1","ats:Thorns+1"],"picked":"SKIP","floor":35.0},{"not_picked":["ats:Absolute Focus","ats:Hammer On+1","ats:Leaping Hammer+1","ats:Flexible Camouflage+1","ats:Healing Drone"],"picked":"SKIP","floor":37.0},{"not_picked":["ats:Composite Medical Shells","ats:LN2 Cannon","ats:True Silver Slash","ats:Flexible Camouflage+1","ats:Apocalypse"],"picked":"SKIP","floor":38.0},{"not_picked":["ats:Healing Drone","ats:Hammer On","ats:Overload+1","ats:Directed Diagnosis+1","ats:Guard Mode+1"],"picked":"SKIP","floor":41.0},{"not_picked":["ats:Phantom+1","ats:Blood Oath+1","ats:Spore Proliferation+1","ats:Closed Bolt Burst Fire+1","ats:Poison Spread+1"],"picked":"SKIP","floor":42.0},{"not_picked":["ats:Shadow Assault+1","ats:Cat Scratch+1","ats:Sunburst","ats:Curse Doll+1","ats:Literary Storm"],"picked":"SKIP","floor":48},{"not_picked":["ats:Blood Oath+1","ats:Poison Spread","ats:Assault Order","ats:Hook Shot+1","ats:Closed Bolt Burst Fire"],"picked":"SKIP","floor":55}],"player_experience":1074182,"relics_obtained":[{"floor":1.0,"key":"SynthV:TestCard"},{"floor":6.0,"key":"ats:Originium"},{"floor":6.0,"key":"Tiny Chest"},{"floor":8.0,"key":"ats:Originium"},{"floor":8.0,"key":"The Courier"},{"floor":9.0,"key":"Quantum Egg"},{"floor":24.0,"key":"ats:Originium"},{"floor":30.0,"key":"ats:Originium"},{"floor":30.0,"key":"SentryEyes"},{"floor":39.0,"key":"Blood Vial"},{"floor":42.0,"key":"Vajra"},{"floor":44.0,"key":"GodSword4"},{"floor":48,"key":"Gremlin Food"},{"floor":55,"key":"AT_SpeedBoots"}],"event_choices":[{"damage_healed":0.0,"max_hp_gain":0.0,"max_hp_loss":0.0,"gold_gain":0.0,"cards_transformed":["ats:Defend"],"event_name":"Transmorgrifier","player_choice":"Transformed","floor":11.0,"gold_loss":0.0,"damage_taken":0.0,"cards_obtained":["ats:Assault Order"]},{"damage_healed":0.0,"max_hp_gain":5.0,"max_hp_loss":0.0,"gold_gain":0.0,"event_name":"Forgotten Altar","player_choice":"Shed Blood","floor":29.0,"gold_loss":0.0,"damage_taken":18.0},{"damage_healed":0.0,"max_hp_gain":0.0,"max_hp_loss":0.0,"gold_gain":0.0,"event_name":"Duplicator","player_choice":"Copied","floor":47.0,"gold_loss":0.0,"damage_taken":0.0,"cards_obtained":["ats:Emotion Absorption"]}],"is_beta":false,"boss_relics":[{"not_picked":["Snecko Eye","Calling Bell"],"picked":"ExusiaiGun"},{"not_picked":["SoulBox","Replay:Ancient Bell"],"picked":"aspiration:RandomNobGenerator"}],"items_purged_floors":[4,4,4,4,4,13,13,19,22,22,46,54,54,54,54],"is_endless":false,"potions_floor_spawned":[3,6,12,18,24,28,31,35,37,55],"ascension_level":0}}