{"host":"15dd7v8o90xso62x","time":1612179981,"event":{"mods":["BaseMod","Minty Spire (QoL Compilation)","Quick Restart","StSLib","SuperFastMode"],"gold_per_floor":[264,113,113,83,103,119,119,152,166,193,227,227,227,243,243,243,322,322,342,342,100,24,59,101,101,1,28,28,39,62,21,48,48,48,48],"floor_reached":33,"language":"KOR","playtime":914,"items_purged":["Strike_G","Defend_G"],"score":578,"play_id":"388519a8-8d2a-419d-bc74-fbf610a34696","local_time":"20210201204621","is_ascension_mode":true,"campfire_choices":[{"data":"Dagger Spray","floor":6,"key":"SMITH"},{"floor":11,"key":"REST"},{"data":"Neutralize","floor":15,"key":"SMITH"},{"data":"Terror","floor":24,"key":"SMITH"},{"data":"Blade Dance","floor":32,"key":"SMITH"}],"circlet_count":0,"master_deck":["AscendersBane","Strike_G","Defend_G","Defend_G","Survivor","Neutralize+1","Blade Dance+1","Footwork","Dagger Spray+1","Terror+1","Dagger Throw","Die Die Die","Dash+1","Adrenaline","Tactician+1","Die Die Die+1","Prepared+1","Noxious Fumes+1","Accuracy","PiercingWail+1","Acrobatics"],"relics":["Ring of the Snake","Strawberry","Bronze Scales","Toy Ornithopter","MealTicket","Astrolabe","Meat on the Bone","Ancient Tea Set","Red Mask","CeramicFish","PreservedInsect","Pen Nib","Prayer Wheel"],"acts_visited":["Exordium","TheCity"],"potions_floor_usage":[7,7,10,22,23,31,33],"damage_taken":[{"damage":1,"enemies":"2 Louse","floor":1,"turns":3},{"damage":1,"enemies":"Cultist","floor":4,"turns":4},{"damage":0,"enemies":"Small Slimes","floor":5,"turns":4},{"damage":16,"enemies":"3 Sentries","floor":7,"turns":7},{"damage":4,"enemies":"Red Slaver","floor":8,"turns":4},{"damage":34,"enemies":"Gremlin Nob","floor":10,"turns":4},{"damage":12,"enemies":"Exordium Thugs","floor":13,"turns":2},{"damage":4,"enemies":"Hexaghost","floor":16,"turns":9},{"damage":0,"enemies":"3 Byrds","floor":18,"turns":3},{"damage":0,"enemies":"Masked Bandits","floor":22,"turns":2},{"damage":13,"enemies":"Slavers","floor":23,"turns":3},{"damage":1,"enemies":"Shell Parasite","floor":28,"turns":4},{"damage":18,"enemies":"Book of Stabbing","floor":31,"turns":4},{"damage":81,"enemies":"Champ","floor":33,"turns":8}],"seed_played":"-3935886431917622134","potions_obtained":[{"floor":1,"key":"Strength Potion"},{"floor":3,"key":"LiquidMemories"},{"floor":8,"key":"EssenceOfSteel"},{"floor":13,"key":"Dexterity Potion"},{"floor":18,"key":"SteroidPotion"},{"floor":22,"key":"Fire Potion"},{"floor":23,"key":"SpeedPotion"},{"floor":31,"key":"CunningPotion"}],"is_trial":false,"path_per_floor":["M","?","?","M","M","R","E","M","T","E","R","?","M","?","R","B",null,"M","T","$","$","?","E","R","$","T","?","M","T","$","E","R","B"],"character_chosen":"THE_SILENT","items_purchased":["Ancient Tea Set","Accuracy","Acrobatics"],"campfire_rested":1,"item_purchase_floors":[20,21,30],"current_hp_per_floor":[4,58,60,60,59,59,59,43,39,39,10,31,31,19,19,19,15,59,59,59,73,73,73,60,60,73,73,73,72,72,73,55,55,0,0],"gold":48,"neow_bonus":"REMOVE_CARD","is_daily":false,"chose_seed":false,"campfire_upgraded":4,"win_rate":0.0,"timestamp":1612179981,"path_taken":["M","?","?","M","?","R","E","M","T","E","R","?","M","?","R","BOSS","M","?","?","$","?","E","R","$","T","?","M","?","?","E","R","BOSS"],"items_purchased_type":["Relic","Card","Card"],"build_version":"2020-12-22","purchased_purges":2,"victory":false,"max_hp_per_floor":[66,66,73,73,73,73,73,73,73,73,73,73,73,73,73,73,73,73,73,73,73,73,73,73,73,73,73,73,73,73,73,73,73,73,73],"card_choices":[{"not_picked":["Riddle With Holes","Outmaneuver"],"picked":"Blade Dance","floor":1},{"not_picked":["Dagger Throw","Endless Agony"],"picked":"Footwork","floor":4},{"not_picked":["Unload","Poisoned Stab"],"picked":"Dagger Spray","floor":5},{"not_picked":["Unload","Underhanded Strike"],"picked":"Terror","floor":7},{"not_picked":["Riddle With Holes","Backflip"],"picked":"Dagger Throw","floor":8},{"not_picked":["Blur","Heel Hook"],"picked":"Die Die Die","floor":10},{"not_picked":["Sucker Punch","Slice","Underhanded Strike"],"picked":"SKIP","floor":13},{"not_picked":["Venomology","Tools of the Trade"],"picked":"Adrenaline","floor":16},{"not_picked":["Backflip","Endless Agony"],"picked":"Noxious Fumes+1","floor":18},{"not_picked":["Bouncing Flask","Flechettes"],"picked":"PiercingWail+1","floor":23},{"not_picked":["Tactician","Quick Slash","Dagger Spray"],"picked":"SKIP","floor":28},{"not_picked":["Catalyst+1","PiercingWail","Prepared"],"picked":"SKIP","floor":31}],"player_experience":922822,"relics_obtained":[{"floor":7,"key":"Bronze Scales"},{"floor":9,"key":"Toy Ornithopter"},{"floor":10,"key":"MealTicket"},{"floor":19,"key":"Meat on the Bone"},{"floor":22,"key":"Red Mask"},{"floor":23,"key":"CeramicFish"},{"floor":26,"key":"PreservedInsect"},{"floor":29,"key":"Pen Nib"},{"floor":31,"key":"Prayer Wheel"}],"event_choices":[{"damage_healed":0,"gold_gain":0,"player_choice":"Success","damage_taken":5,"relics_obtained":["Strawberry"],"max_hp_gain":0,"max_hp_loss":0,"event_name":"Scrap Ooze","floor":2,"gold_loss":0},{"damage_healed":0,"gold_gain":0,"player_choice":"Bought 2 Potions","damage_taken":0,"max_hp_gain":0,"max_hp_loss":0,"event_name":"The Woman in Blue","floor":3,"gold_loss":0},{"damage_healed":0,"gold_gain":0,"cards_transformed":["Strike_G"],"player_choice":"Change","damage_taken":0,"max_hp_gain":0,"max_hp_loss":0,"event_name":"Living Wall","floor":12,"gold_loss":0,"cards_obtained":["Dash"]},{"damage_healed":0,"gold_gain":0,"player_choice":"Forge","damage_taken":0,"max_hp_gain":0,"max_hp_loss":0,"event_name":"Accursed Blacksmith","floor":14,"gold_loss":0,"cards_upgraded":["Dash"]},{"damage_healed":0,"gold_gain":0,"player_choice":"Fought Bandits","damage_taken":0,"max_hp_gain":0,"max_hp_loss":0,"event_name":"Masked Bandits","floor":22,"gold_loss":0},{"damage_healed":0,"gold_gain":0,"player_choice":"Ignored","damage_taken":0,"max_hp_gain":0,"max_hp_loss":0,"event_name":"Vampires","floor":27,"gold_loss":0}],"is_beta":false,"boss_relics":[{"not_picked":["SlaversCollar","Fusion Hammer"],"picked":"Astrolabe"}],"items_purged_floors":[20,25],"is_endless":false,"potions_floor_spawned":[1,4,8,13,18,22,23,31],"killed_by":"Champ","ascension_level":20}}