{"host":"2q82lssse0ckn8xu","time":1612175970,"event":{"mods":["AchievementEnabler","BaseMod","Colored Map","Colored Powertips","Minty Spire (QoL Compilation)","Permanent Neow","Quick Restart","StSLib","The Saiyan","Unceasing Turn Reminder"],"gold_per_floor":[117,129,147,159,177,203,203,217,264,274,274,308,341,368,368,456,456,477,499,499,527,527,527],"floor_reached":22,"language":"ENG","playtime":1137,"items_purged":[],"score":384,"play_id":"a8082d20-2efc-4341-837c-8fe8b97f8ea3","local_time":"20210201160930","is_ascension_mode":true,"campfire_choices":[{"floor":7.0,"key":"REST"},{"data":"Demon Form","floor":11.0,"key":"SMITH"},{"floor":15,"key":"REST"}],"circlet_count":0,"master_deck":["AscendersBane","Strike_R","Strike_R","Strike_R","Strike_R","Strike_R","Defend_R","Defend_R","Defend_R","Defend_R","Bash","Doubt","Sever Soul","Disarm","Iron Wave","Whirlwind","Ghostly Armor","Inflame","Shrug It Off","Demon Form+1","Armaments","True Grit","Sentinel","Berserk","Dark Embrace","Intimidate","Blood for Blood"],"relics":["Burning Blood","Ancient Tea Set","Toy Ornithopter","CeramicFish","Odd Mushroom","Fusion Hammer"],"acts_visited":["Exordium","TheCity"],"potions_floor_usage":[16,22],"damage_taken":[{"damage":15.0,"enemies":"2 Louse","floor":1.0,"turns":3.0},{"damage":4.0,"enemies":"Small Slimes","floor":2.0,"turns":4.0},{"damage":7.0,"enemies":"Jaw Worm","floor":3.0,"turns":3.0},{"damage":17.0,"enemies":"Red Slaver","floor":4.0,"turns":4.0},{"damage":6.0,"enemies":"Exordium Wildlife","floor":5.0,"turns":3.0},{"damage":45.0,"enemies":"Gremlin Nob","floor":6.0,"turns":5.0},{"damage":4.0,"enemies":"Exordium Thugs","floor":8.0,"turns":4.0},{"damage":8.0,"enemies":"Large Slime","floor":10.0,"turns":5.0},{"damage":44,"enemies":"Lagavulin","floor":12,"turns":8},{"damage":12,"enemies":"The Mushroom Lair","floor":13,"turns":3},{"damage":10,"enemies":"2 Fungi Beasts","floor":14,"turns":4},{"damage":26,"enemies":"Slime Boss","floor":16,"turns":6},{"damage":15,"enemies":"Chosen","floor":18,"turns":4},{"damage":2,"enemies":"3 Byrds","floor":19,"turns":7},{"damage":27,"enemies":"Snake Plant","floor":21,"turns":6},{"damage":19,"enemies":"Snecko","floor":22,"turns":6}],"seed_played":"8673135475783976996","potions_obtained":[{"floor":4.0,"key":"ElixirPotion"},{"floor":5.0,"key":"Regen Potion"},{"floor":8.0,"key":"LiquidMemories"},{"floor":14,"key":"Swift Potion"},{"floor":16,"key":"Energy Potion"},{"floor":19,"key":"LiquidMemories"}],"is_trial":false,"path_per_floor":["M","M","M","M","M","E","R","M","T","M","R","E","?","M","R","B",null,"M","M","?","M","M"],"character_chosen":"IRONCLAD","items_purchased":[],"campfire_rested":2,"item_purchase_floors":[],"current_hp_per_floor":[73,75,74,63,63,24,50,64,64,67,67,29,23,19,45,30,74,65,69,43,22,8,8],"gold":527,"neow_bonus":"TWENTY_PERCENT_HP_BONUS","is_daily":false,"chose_seed":false,"campfire_upgraded":1,"win_rate":0.0,"timestamp":1612175970,"path_taken":["M","M","M","M","M","E","R","M","T","M","R","E","?","M","R","BOSS","M","M","?","M","M"],"items_purchased_type":[],"build_version":"2020-12-22","purchased_purges":0,"victory":false,"max_hp_per_floor":[89,89,89,89,89,89,89,89,89,89,89,89,89,89,89,89,89,89,89,94,94,94,94],"card_choices":[{"not_picked":["Perfected Strike","Warcry"],"picked":"Sever Soul","floor":1.0},{"not_picked":["Body Slam","Heavy Blade"],"picked":"Disarm","floor":2.0},{"not_picked":["Warcry","Cleave"],"picked":"Iron Wave","floor":3.0},{"not_picked":["Clothesline","Body Slam"],"picked":"Whirlwind","floor":4.0},{"not_picked":["Clothesline","Sword Boomerang"],"picked":"Ghostly Armor","floor":5.0},{"not_picked":["Reckless Charge","Intimidate"],"picked":"Inflame","floor":6.0},{"not_picked":["Clothesline","Infernal Blade"],"picked":"Shrug It Off","floor":8.0},{"not_picked":["Clothesline","Shrug It Off"],"picked":"Demon Form","floor":10.0},{"not_picked":["Pommel Strike","Twin Strike"],"picked":"Armaments","floor":12},{"not_picked":["Cleave","Anger"],"picked":"True Grit","floor":13},{"not_picked":["Entrench","Headbutt"],"picked":"Sentinel","floor":14},{"not_picked":["Impervious","Juggernaut"],"picked":"Berserk","floor":16},{"not_picked":["Anger","Twin Strike"],"picked":"Dark Embrace","floor":18},{"not_picked":["Perfected Strike","Body Slam"],"picked":"Intimidate","floor":19},{"not_picked":["Iron Wave","Anger"],"picked":"Blood for Blood","floor":21}],"player_experience":648625,"relics_obtained":[{"floor":6.0,"key":"Ancient Tea Set"},{"floor":9.0,"key":"Toy Ornithopter"},{"floor":12,"key":"CeramicFish"},{"floor":13,"key":"Odd Mushroom"}],"event_choices":[{"damage_healed":0,"gold_gain":0,"player_choice":"Fought Mushrooms","damage_taken":0,"max_hp_gain":0,"max_hp_loss":0,"event_name":"Mushrooms","floor":13,"gold_loss":0},{"damage_healed":0,"gold_gain":0,"player_choice":"Shed Blood","damage_taken":31,"max_hp_gain":5,"max_hp_loss":0,"event_name":"Forgotten Altar","floor":20,"gold_loss":0}],"is_beta":false,"boss_relics":[{"not_picked":["Snecko Eye","Velvet Choker"],"picked":"Fusion Hammer"}],"items_purged_floors":[],"is_endless":false,"potions_floor_spawned":[4,5,6,8,14,16,18,19],"killed_by":"Snecko","ascension_level":18}}