{"host":"8is2j71l4wmybkoi","time":1612185519,"event":{"mods":["AchievementEnabler","BaseMod","Colored Map","Minty Spire (QoL Compilation)","Rare Cards Sparkle","StSLib","SuperFastMode"],"gold_per_floor":[117,117,144,162,15,49,68,112,112,159,185,185,260,260,260,346,346,356,281,281,298,322,347,347,364,388,398,398,398,398,298,298,381,408,434,455,455,475,487,487,515,515,589,617,630,630,630,245,245,245,245,245,22,60,60],"floor_reached":56,"language":"KOR","playtime":2657,"items_purged":["Strike_G","Defend_G","Neutralize"],"score":2125,"play_id":"b7ec088e-fdd4-4826-8a19-edb7040d5ff4","local_time":"20210201221839","is_ascension_mode":true,"campfire_choices":[{"data":"Bouncing Flask","floor":12.0,"key":"SMITH"},{"data":"Catalyst","floor":15.0,"key":"SMITH"},{"data":"Well Laid Plans","floor":24.0,"key":"SMITH"},{"data":"Catalyst","floor":29.0,"key":"SMITH"},{"data":"Strike_G","floor":32.0,"key":"PURGE"},{"data":"Defend_G","floor":40.0,"key":"PURGE"},{"floor":42.0,"key":"RECALL"},{"data":"Adrenaline","floor":46,"key":"SMITH"},{"data":"Burst","floor":49,"key":"SMITH"},{"data":"Phantasmal Killer+1","floor":52,"key":"PURGE"}],"circlet_count":0,"master_deck":["AscendersBane","Survivor","Blade Dance","Well Laid Plans+1","Blade Dance","Predator","Adrenaline+1","Bouncing Flask+1","Catalyst+1","Burst+1","Night Terror","Catalyst+1","Envenom","Venomology+1","Bullet Time+1","Leg Sweep","Blur","Footwork+1","Wraith Form v2","Eviscerate"],"relics":["Ring of the Snake","NeowsBlessing","Bag of Preparation","Happy Flower","CeramicFish","Pantograph","PreservedInsect","Snecko Eye","Omamori","Oddly Smooth Stone","Peace Pipe","Astrolabe","Anchor","Tingsha","Bottled Tornado","Ornamental Fan"],"acts_visited":["Exordium","TheCity","TheBeyond","TheEnding"],"potions_floor_usage":[45,45,45,45,50,50,55,55,55],"damage_taken":[{"damage":0.0,"enemies":"Jaw Worm","floor":1.0,"turns":1.0},{"damage":0.0,"enemies":"Small Slimes","floor":4.0,"turns":1.0},{"damage":0.0,"enemies":"3 Sentries","floor":6.0,"turns":1.0},{"damage":0.0,"enemies":"Cultist","floor":7.0,"turns":2.0},{"damage":7.0,"enemies":"Gremlin Nob","floor":8.0,"turns":3.0},{"damage":27.0,"enemies":"Lagavulin","floor":10.0,"turns":4.0},{"damage":1.0,"enemies":"Blue Slaver","floor":11.0,"turns":4.0},{"damage":20.0,"enemies":"Hexaghost","floor":16.0,"turns":6.0},{"damage":0.0,"enemies":"3 Byrds","floor":18.0,"turns":5.0},{"damage":2.0,"enemies":"Chosen","floor":21.0,"turns":3.0},{"damage":21.0,"enemies":"Centurion and Healer","floor":22.0,"turns":4.0},{"damage":0.0,"enemies":"Book of Stabbing","floor":23.0,"turns":3.0},{"damage":0.0,"enemies":"3 Cultists","floor":25.0,"turns":4.0},{"damage":10.0,"enemies":"Chosen and Byrds","floor":27.0,"turns":4.0},{"damage":45.0,"enemies":"Automaton","floor":33.0,"turns":8.0},{"damage":0.0,"enemies":"Orb Walker","floor":35.0,"turns":1.0},{"damage":9.0,"enemies":"3 Darklings","floor":36.0,"turns":5.0},{"damage":0.0,"enemies":"Writhing Mass","floor":38.0,"turns":2.0},{"damage":0.0,"enemies":"Maw","floor":39.0,"turns":2.0},{"damage":9.0,"enemies":"Giant Head","floor":41.0,"turns":3.0},{"damage":0.0,"enemies":"Reptomancer","floor":44.0,"turns":2.0},{"damage":4,"enemies":"4 Shapes","floor":45,"turns":4},{"damage":45,"enemies":"Awakened One","floor":50,"turns":8},{"damage":24,"enemies":"Shield and Spear","floor":54,"turns":7},{"damage":10,"enemies":"The Heart","floor":55,"turns":3}],"seed_played":"521805987697143633","potions_obtained":[{"floor":4.0,"key":"AttackPotion"},{"floor":7.0,"key":"Ancient Potion"},{"floor":8.0,"key":"ColorlessPotion"},{"floor":10.0,"key":"BlessingOfTheForge"},{"floor":21.0,"key":"LiquidBronze"},{"floor":25.0,"key":"Dexterity Potion"},{"floor":33.0,"key":"Strength Potion"},{"floor":38.0,"key":"Poison Potion"}],"is_trial":false,"path_per_floor":["M","?","T","M","$","E","M","E","T","E","M","R","?","?","R","B",null,"M","?","?","M","M","E","R","M","T","M","?","R","?","$","R","B",null,"M","M","?","M","M","R","E","R","T","E","M","R","?","$","R","B",null,"R","$","E","B",null],"character_chosen":"THE_SILENT","items_purchased":["Predator","Bottled Tornado","Wraith Form v2","DuplicationPotion"],"campfire_rested":0,"item_purchase_floors":[5,48,53,53],"current_hp_per_floor":[59,59,59,59,59,59,59,52,52,25,24,24,13,13,13,18,54,54,54,54,52,31,31,31,31,31,21,34,34,34,34,34,14,53,53,44,44,44,44,44,35,35,35,35,31,31,31,31,31,11,52,52,52,28,43],"gold":60,"neow_bonus":"THREE_ENEMY_KILL","is_daily":false,"chose_seed":false,"campfire_upgraded":6,"win_rate":0.0,"timestamp":1612185519,"path_taken":["M","?","?","M","$","E","M","E","T","E","M","R","?","?","R","BOSS","M","?","?","M","M","E","R","M","T","M","?","R","?","$","R","BOSS","M","M","?","M","M","R","E","R","T","E","M","R","?","$","R","BOSS","R","$","E","BOSS"],"items_purchased_type":["Card","Relic","Card","Potion"],"build_version":"2020-12-22","purchased_purges":3,"victory":true,"max_hp_per_floor":[66,66,66,66,66,66,66,66,66,66,66,66,66,66,66,66,66,66,66,66,66,66,66,66,66,66,66,66,66,66,66,66,66,66,66,66,66,66,66,66,66,66,66,66,66,66,66,66,66,66,66,66,66,66,66],"card_choices":[{"not_picked":["Calculated Gamble","Acrobatics"],"picked":"Blade Dance","floor":1.0},{"not_picked":["Dodge and Roll","Sucker Punch"],"picked":"Blade Dance","floor":4.0},{"not_picked":["Glass Knife","Noxious Fumes"],"picked":"Adrenaline","floor":6.0},{"not_picked":["Caltrops","Bane"],"picked":"Bouncing Flask","floor":7.0},{"not_picked":["Concentrate","Bane"],"picked":"Catalyst","floor":8.0},{"not_picked":["Dagger Spray","Masterful Stab","Slice"],"picked":"SKIP","floor":10.0},{"not_picked":["Skewer","Riddle With Holes"],"picked":"Burst","floor":11.0},{"not_picked":["Tools of the Trade","After Image"],"picked":"Night Terror","floor":16.0},{"not_picked":["PiercingWail","Dodge and Roll","Outmaneuver"],"picked":"SKIP","floor":18.0},{"not_picked":["Poisoned Stab","Dodge and Roll","Slice"],"picked":"SKIP","floor":21.0},{"not_picked":["Backflip","Underhanded Strike"],"picked":"Catalyst","floor":22.0},{"not_picked":["Prepared+1","Infinite Blades","Expertise"],"picked":"SKIP","floor":23.0},{"not_picked":["Poisoned Stab+1","Sucker Punch","Reflex"],"picked":"SKIP","floor":25.0},{"not_picked":["Blade Dance","Quick Slash","Burst"],"picked":"SKIP","floor":27.0},{"not_picked":["Storm of Steel","Venomology"],"picked":"Envenom","floor":33.0},{"not_picked":["Poisoned Stab","Quick Slash"],"picked":"Leg Sweep","floor":35.0},{"not_picked":["Dodge and Roll+1","Slice"],"picked":"Blur","floor":36.0},{"not_picked":["Catalyst","Dodge and Roll"],"picked":"Footwork+1","floor":38.0},{"not_picked":["Outmaneuver","Bane","Dagger Spray"],"picked":"SKIP","floor":39.0},{"not_picked":["Outmaneuver","Blur+1","Dodge and Roll+1"],"picked":"SKIP","floor":41.0},{"not_picked":["Blur","Flechettes","Slice"],"picked":"SKIP","floor":44.0},{"not_picked":["Dodge and Roll+1","Flechettes","Quick Slash"],"picked":"SKIP","floor":45},{"not_picked":["Poisoned Stab","Reflex"],"picked":"Eviscerate","floor":54}],"player_experience":917290,"relics_obtained":[{"floor":3.0,"key":"Bag of Preparation"},{"floor":6.0,"key":"Happy Flower"},{"floor":8.0,"key":"CeramicFish"},{"floor":9.0,"key":"Pantograph"},{"floor":10.0,"key":"PreservedInsect"},{"floor":23.0,"key":"Omamori"},{"floor":26.0,"key":"Oddly Smooth Stone"},{"floor":41.0,"key":"Anchor"},{"floor":44.0,"key":"Tingsha"},{"floor":54,"key":"Ornamental Fan"}],"event_choices":[{"damage_healed":0.0,"max_hp_gain":0.0,"max_hp_loss":0.0,"gold_gain":0.0,"cards_transformed":["Strike_G"],"event_name":"Living Wall","player_choice":"Change","floor":2.0,"gold_loss":0.0,"damage_taken":0.0,"cards_obtained":["Well Laid Plans"]},{"damage_healed":0.0,"max_hp_gain":0.0,"max_hp_loss":0.0,"gold_gain":75.0,"event_name":"World of Goop","player_choice":"Gather Gold","floor":13.0,"gold_loss":0.0,"damage_taken":11.0},{"cards_removed":["Strike_G"],"damage_healed":0.0,"max_hp_gain":0.0,"max_hp_loss":0.0,"gold_gain":0.0,"event_name":"Bonfire Elementals","player_choice":"Offered Basic","floor":14.0,"gold_loss":0.0,"damage_taken":0.0},{"cards_removed":["Strike_G"],"damage_healed":0.0,"max_hp_gain":0.0,"max_hp_loss":0.0,"gold_gain":0.0,"event_name":"Beggar","player_choice":"Gave Gold","floor":19.0,"gold_loss":75.0,"damage_taken":0.0},{"damage_healed":0.0,"max_hp_gain":0.0,"max_hp_loss":0.0,"gold_gain":0.0,"event_name":"Vampires","player_choice":"Ignored","floor":20.0,"gold_loss":0.0,"damage_taken":0.0},{"damage_healed":13.0,"max_hp_gain":0.0,"max_hp_loss":0.0,"gold_gain":0.0,"event_name":"The Library","player_choice":"Heal","floor":28.0,"gold_loss":0.0,"damage_taken":0.0},{"damage_healed":0.0,"max_hp_gain":0.0,"max_hp_loss":0.0,"gold_gain":0.0,"event_name":"The Mausoleum","player_choice":"Opened","floor":30.0,"gold_loss":0.0,"damage_taken":0.0,"relics_obtained":["Peace Pipe"],"cards_obtained":["Writhe"]},{"damage_healed":0.0,"max_hp_gain":0.0,"max_hp_loss":0.0,"gold_gain":0.0,"event_name":"Mysterious Sphere","player_choice":"Ignored","floor":37.0,"gold_loss":0.0,"damage_taken":0.0},{"damage_healed":0,"gold_gain":0,"player_choice":"Memory 1","damage_taken":0,"max_hp_gain":0,"max_hp_loss":0,"event_name":"SensoryStone","floor":47,"gold_loss":0}],"is_beta":false,"boss_relics":[{"not_picked":["Coffee Dripper","SlaversCollar"],"picked":"Snecko Eye"},{"not_picked":["Pandora\u0027s Box","Tiny House"],"picked":"Astrolabe"}],"items_purged_floors":[5,31,48],"is_endless":false,"potions_floor_spawned":[4,7,8,10,11,21,25,33,38,39,41],"ascension_level":15}}