{"host":"mytek2nu1hrzdnew","time":1612138001,"event":{"mods":["AchievementEnabler","Aspiration","BaseMod","Conspire","GifTheSpireLib","Gold Saver","Hubris","Infinite Spire","Minty Spire (QoL Compilation)","Replay The Spire","StSLib","Stuff the Spire","The Death Knight","Uncapped"],"gold_per_floor":[361,93,103,103,119,145,165,165,165,293,309,309,320,21,21,118,118,129,144,69,14,28,28,40,40,65,193,209,209,209,109,109,208,208,225,245,245,245,256,256,272,388,411,411,411],"floor_reached":44,"language":"ENG","playtime":3902,"items_purged":["DeathKnight:Strike_DeathKnight","DeathKnight:Strike_DeathKnight","DeathKnight:Simulacrum"],"score":470,"play_id":"95626608-9497-4c92-8b30-6bb020b15fa8","local_time":"20210131190641","is_ascension_mode":false,"campfire_choices":[{"floor":12,"key":"REST"},{"floor":15,"key":"REST"},{"floor":23,"key":"REST"},{"floor":25,"key":"REST"},{"floor":30,"key":"REST"},{"floor":32,"key":"REST"},{"floor":40,"key":"REST"}],"circlet_count":0,"master_deck":["DeathKnight:RuneTap","DeathKnight:RuneStrike+1","DeathKnight:RuneShock+1","DeathKnight:BloodStrike+1","DeathKnight:MindFreeze","DeathKnight:MutagenicPlague+1","DeathKnight:Hysteria","DeathKnight:IcyTouch+1","DeathKnight:DeathCoil","DeathKnight:Runesurge","StuffTheSpire:Ambrosia","DeathKnight:Contagion","DeathKnight:Contagion","DeathKnight:BludPresence+1","DeathKnight:Frostscythe","DeathKnight:Hysteria","DeathKnight:Frostscythe","DeathKnight:FoulBulwark","DeathKnight:MarkOfBlood","DeathKnight:FesteringStrike","DeathKnight:RunicDetonation","DeathKnight:AntiMagicShell","DeathKnight:Culling","DeathKnight:MutagenicPlague","DeathKnight:IceboundArmor+1","DeathKnight:UnholyExperiment","DeathKnight:DancingRuneblade+1","DeathKnight:PlagueStrike+1"],"relics":["DeathKnight:BrokenRuneblade","StuffTheSpire:Experiment12","StuffTheSpire:TintedRock","Mirror","StuffTheSpire:NeowsTribute","Blood Vial","Tiny Chest","Whetstone","aspiration:FrozenJewel","Pandora\u0027s Box","StuffTheSpire:Tea","Ring of Chaos","conspire:GiftBox","hubris:TenFootPole","StuffTheSpire:GrapeVine"],"acts_visited":["Exordium","TheCity","TheBeyond"],"potions_floor_usage":[10,27,33,41,42],"damage_taken":[{"damage":0,"enemies":"2 Louse","floor":1,"turns":2},{"damage":1,"enemies":"Jaw Worm","floor":3,"turns":4},{"damage":0,"enemies":"Small Slimes","floor":5,"turns":4},{"damage":11,"enemies":"Lagavulin","floor":6,"turns":6},{"damage":6,"enemies":"Exordium Wildlife","floor":7,"turns":5},{"damage":2,"enemies":"3 Sentries","floor":10,"turns":5},{"damage":2,"enemies":"Looter","floor":11,"turns":3},{"damage":11,"enemies":"Red Slaver","floor":13,"turns":4},{"damage":23,"enemies":"The Guardian","floor":16,"turns":7},{"damage":0,"enemies":"Spheric Guardian","floor":18,"turns":3},{"damage":14,"enemies":"conspire:FuzzyDice","floor":19,"turns":5},{"damage":43,"enemies":"Sentry and Sphere","floor":22,"turns":6},{"damage":17,"enemies":"Snake Plant","floor":24,"turns":3},{"damage":12,"enemies":"conspire:Head Lice","floor":27,"turns":8},{"damage":11,"enemies":"Centurion and Healer","floor":28,"turns":6},{"damage":75,"enemies":"Automaton","floor":33,"turns":11},{"damage":2,"enemies":"3 Shapes","floor":35,"turns":4},{"damage":29,"enemies":"Orb Walker","floor":36,"turns":5},{"damage":22,"enemies":"Sphere and 2 Shapes","floor":39,"turns":6},{"damage":0,"enemies":"Maw","floor":41,"turns":8},{"damage":52,"enemies":"Nemesis","floor":42,"turns":7},{"damage":30,"enemies":"Writhing Mass","floor":44,"turns":2}],"seed_played":"-616324148026784764","potions_obtained":[{"floor":1,"key":"DeathKnight:RunicPotion"},{"floor":3,"key":"Energy Potion"},{"floor":16,"key":"DeathKnight:VirulencePotion"},{"floor":19,"key":"GamblersBrew"},{"floor":27,"key":"Weak Potion"},{"floor":42,"key":"Regen Potion"}],"is_trial":false,"path_per_floor":["M","$","M","?","M","E","M","?","T","E","M","R","M","$","R","B",null,"M","M","?","$","M","R","M","R","T","E","M","?","R","$","R","B",null,"M","M","T","AVR","M","R","M","E","T","M"],"character_chosen":"DEATH_KNIGHT","items_purchased":["DeathKnight:BloodStrike","StuffTheSpire:Experiment12","Blood Vial","Tiny Chest","DeathKnight:Contagion"],"campfire_rested":7,"item_purchase_floors":[2,2,14,14,21],"current_hp_per_floor":[75,75,74,74,74,63,57,42,42,40,38,60,49,49,71,50,75,75,61,61,61,21,43,29,52,52,43,35,35,58,58,79,5,80,79,53,53,53,34,58,61,12,12,0,0],"gold":411,"neow_bonus":"RANDOM_EVENT","is_daily":false,"chose_seed":false,"campfire_upgraded":0,"win_rate":0.0,"timestamp":1612138001,"path_taken":["M","$","M","?","M","E","M","?","T","E","M","R","M","$","R","BOSS","M","M","?","$","M","R","M","R","T","E","M","?","R","?","R","BOSS","M","M","?","AVR","M","R","M","E","T","M"],"items_purchased_type":["Card","Relic","Relic","Relic","Card"],"build_version":"2020-12-22","purchased_purges":3,"victory":false,"max_hp_per_floor":[75,75,75,75,75,75,75,75,75,75,75,75,75,75,75,75,75,75,75,75,75,76,76,77,77,77,78,79,79,79,79,79,80,80,81,82,82,82,83,83,84,85,85,86,86],"card_choices":[{"not_picked":["DeathKnight:BloodEchoes","DeathKnight:MindFreeze"],"picked":"DeathKnight:RuneShock","floor":1},{"not_picked":["DeathKnight:HornOfWinter","DeathKnight:BludPresence","DeathKnight:BoneStorm"],"picked":"SKIP","floor":3},{"not_picked":["DeathKnight:Obliterate","DeathKnight:Marrowrend"],"picked":"DeathKnight:MindFreeze","floor":5},{"not_picked":["DeathKnight:Marrowrend","DeathKnight:PillarOfFrost","DeathKnight:MindFreeze"],"picked":"SKIP","floor":6},{"not_picked":["DeathKnight:BloodPact","DeathKnight:BloodBoil"],"picked":"DeathKnight:MutagenicPlague","floor":7},{"not_picked":["DeathKnight:BoneSpear","DeathKnight:DeathGrip"],"picked":"DeathKnight:Hysteria","floor":10},{"not_picked":["DeathKnight:RuneShock","DeathKnight:DeathAndDecay"],"picked":"DeathKnight:IcyTouch","floor":11},{"not_picked":["DeathKnight:DreadStrike","DeathKnight:HornOfWinter"],"picked":"DeathKnight:DeathCoil","floor":13},{"not_picked":["DeathKnight:RunicDetonation","DeathKnight:SindragosasBreath"],"picked":"DeathKnight:Runesurge","floor":16},{"not_picked":["DeathKnight:MindFreeze","DeathKnight:DeathGrip+1","DeathKnight:BludPresence"],"picked":"SKIP","floor":18},{"not_picked":["DeathKnight:BladedArmor","DeathKnight:RaiseAlly","DeathKnight:DeathRune"],"picked":"SKIP","floor":19},{"not_picked":["DeathKnight:BoneSpear","DeathKnight:Simulacrum","DeathKnight:HornOfWinter+1"],"picked":"SKIP","floor":22},{"not_picked":["DeathKnight:BloodTap","DeathKnight:Runeguard"],"picked":"DeathKnight:BludPresence+1","floor":24},{"not_picked":["DeathKnight:DreadStrike+1","DeathKnight:Lichborne"],"picked":"DeathKnight:Frostscythe","floor":27},{"not_picked":["DeathKnight:Lichborne","DeathKnight:Parry"],"picked":"DeathKnight:Hysteria","floor":28},{"not_picked":["DeathKnight:IcyTouch","DeathKnight:HartStrike+1"],"picked":"DeathKnight:MutagenicPlague","floor":35},{"not_picked":["DeathKnight:Ossuary+1","DeathKnight:BoneStorm"],"picked":"DeathKnight:IceboundArmor+1","floor":36},{"not_picked":["DeathKnight:Simulacrum","DeathKnight:Razorice"],"picked":"DeathKnight:UnholyExperiment","floor":38},{"not_picked":["DeathKnight:Lichborne","DeathKnight:AntiMagicShell"],"picked":"DeathKnight:DancingRuneblade+1","floor":39},{"not_picked":["DeathKnight:ScourgeStrike+1","DeathKnight:FoulBulwark+1"],"picked":"DeathKnight:PlagueStrike+1","floor":41},{"not_picked":["DeathKnight:ShatteringStrikes+1","DeathKnight:BoneSpear+1","DeathKnight:DeathStrike"],"picked":"SKIP","floor":42}],"player_experience":1060687,"relics_obtained":[{"floor":6,"key":"StuffTheSpire:TintedRock"},{"floor":9,"key":"Mirror"},{"floor":10,"key":"StuffTheSpire:NeowsTribute"},{"floor":26,"key":"Whetstone"},{"floor":27,"key":"aspiration:FrozenJewel"},{"floor":37,"key":"StuffTheSpire:Tea"},{"floor":42,"key":"hubris:TenFootPole"},{"floor":43,"key":"StuffTheSpire:GrapeVine"}],"event_choices":[{"damage_healed":0,"gold_gain":0,"player_choice":"Grow","damage_taken":0,"max_hp_gain":0,"max_hp_loss":0,"event_name":"Living Wall","floor":0,"gold_loss":0,"cards_upgraded":["DeathKnight:RuneStrike"]},{"damage_healed":0,"gold_gain":0,"player_choice":"Entered Light","damage_taken":15,"max_hp_gain":0,"max_hp_loss":0,"event_name":"Shining Light","floor":8,"gold_loss":0,"cards_upgraded":["DeathKnight:BloodStrike","DeathKnight:MutagenicPlague"]}],"is_beta":false,"boss_relics":[{"not_picked":["Replay:Wanted Poster","Fusion Hammer","Busted Crown"]},{"not_picked":["hubris:RunicObelisk","Painkiller Herb"],"picked":"Pandora\u0027s Box"}],"items_purged_floors":[2,31,38],"is_endless":false,"potions_floor_spawned":[1,3,16,19,24,27,28,39,42],"killed_by":"Writhing Mass","ascension_level":0}}