{"host":"ojezjkpqju62j8xy","time":1612155046,"event":{"mods":["ATMod(°¢èªMod)","Act Like it!","Aspiration","BaseMod","Conspire","Gensokyo","Minty Spire (QoL Compilation)","Pale of the Ancients","Reliquary","Replay The Spire","Spicy Shops","StSLib","¡¾ÒÅÎï¿¨ÅÆ¡¿REMEMod","²ÐÁôÖ®Îï"],"gold_per_floor":[117,129,129,12,12,12,12,42,42,71,82,82,112,130,130,433,433,443,9,23,23,105,105,134,134,134,162,381,409,727,758,758,758,758],"floor_reached":33,"language":"ZHS","playtime":1047,"items_purged":[],"score":607,"play_id":"b59e6a97-583d-4032-8859-42c766b6c617","local_time":"20210201125046","is_ascension_mode":true,"campfire_choices":[{"floor":7,"key":"RECALL"},{"floor":12,"key":"REST"},{"floor":15,"key":"REST"},{"floor":23,"key":"REST"},{"data":"AT_IchimonjiDouble","floor":25,"key":"SMITH"},{"data":"AT_MachinaRedman","floor":32,"key":"SMITH"}],"circlet_count":0,"master_deck":["Strike_P","Strike_P","Strike_P","Strike_P","Defend_P","Defend_P","Defend_P","Defend_P","Eruption","Vigilance","AT_IchimonjiDouble+1","AT_MachinaRedman+1","Hallucinations","Halt","Prostrate","Decay","Clumsy","Replay:BluntJabs+1","Consecrate","AT_OneInchPunch","ClearTheMind","Vault","REME_Repentance","Judgement","EmptyFist+1","Gensokyo:Taser","Crescendo+1","Halt","ReplayTheSpireMod:Splinters","Swivel","FlurryOfBlows","SignatureMove","AT_ChampionStep+1","Replay:AtTheReady+1","Tantrum","ThirdEye+1","Replay:BluntJabs"],"relics":["PureWater","AT_ATBox","REME_ComplimentaryCards","Counterbalance","ReplayTheSpireMod:Ring of Exchange","Ring of Misfortune","Gensokyo:NagashiBinaDoll","Nunchaku","reliquary:Aerogel","Bird Faced Urn","AT_BellowingDragoncrestRing","reliquary:Craggleroot","Sling","Lantern","ReplayFunnel","REME_PuzzleBoxRelic","Singing Bowl","Replay:Purple Gloves","Potion Belt","MealTicket","Replay:Kaleidoscope"],"acts_visited":["Gensokyo:Gensokyo","Gensokyo:Gensokyoer"],"potions_floor_usage":[27,31],"damage_taken":[{"damage":3,"enemies":"Gensokyo:Gryphon","floor":1,"turns":3},{"damage":0,"enemies":"Gensokyo:Python","floor":2,"turns":2},{"damage":22,"enemies":"Gensokyo:Aya","floor":8,"turns":4},{"damage":11,"enemies":"Gensokyo:Cirno","floor":10,"turns":6},{"damage":0,"enemies":"Gensokyo:2_Kodama","floor":11,"turns":2},{"damage":0,"enemies":"Gensokyo:Aya","floor":13,"turns":2},{"damage":0,"enemies":"Gensokyo:VengefulSpirit","floor":14,"turns":2},{"damage":12,"enemies":"Gensokyo:Reimu","floor":16,"turns":6},{"damage":0,"enemies":"Gensokyo:Chomper","floor":18,"turns":3},{"damage":16,"enemies":"Gensokyo:CosmicMonolith","floor":20,"turns":5},{"damage":9,"enemies":"Gensokyo:Tenshi","floor":24,"turns":3},{"damage":0,"enemies":"Gensokyo:Reisen","floor":27,"turns":4},{"damage":0,"enemies":"Gensokyo:Slime_Group","floor":28,"turns":1},{"damage":0,"enemies":"Gensokyo:Koishi","floor":29,"turns":2},{"damage":0,"enemies":"Gensokyo:3_Gloops","floor":30,"turns":4},{"damage":0,"enemies":"Gensokyo:Reisen","floor":31,"turns":2},{"damage":165,"enemies":"Gensokyo:Eternal_Rivals","floor":33,"turns":6}],"seed_played":"6738606697167545312","potions_obtained":[{"floor":8,"key":"Energy Potion"},{"floor":10,"key":"EssenceOfSteel"},{"floor":11,"key":"Explosive Potion"},{"floor":20,"key":"Fire Potion"},{"floor":24,"key":"conspire:TimeTravelPotion"},{"floor":28,"key":"Explosive Potion"}],"is_trial":false,"path_per_floor":["M","M","?","COS","?","?","R","E","T","E","M","R","E","M","R","B",null,"M","COS","M","$","?","R","E","R","T","E","M","E","M","E","R","B"],"character_chosen":"WATCHER","items_purchased":[],"campfire_rested":3,"item_purchase_floors":[],"current_hp_per_floor":[62,62,55,55,55,55,55,33,33,22,22,43,43,43,64,52,67,67,67,51,51,51,72,63,63,63,63,65,65,67,69,69,0,0],"gold":758,"neow_bonus":"ONE_RARE_RELIC","is_daily":false,"chose_seed":false,"campfire_upgraded":2,"win_rate":0.0,"timestamp":1612155046,"path_taken":["M","M","?","COS","?","?","R","E","T","E","M","R","E","M","R","BOSS","M","COS","M","$","?","R","E","R","T","E","M","E","M","E","R","BOSS"],"items_purchased_type":[],"build_version":"2020-12-22","purchased_purges":0,"victory":false,"max_hp_per_floor":[72,72,72,72,72,72,72,72,72,72,72,72,72,72,72,72,72,72,72,72,72,72,72,72,72,72,72,72,72,72,72,72,72,72],"card_choices":[{"not_picked":["InnerPeace","MentalFortress"],"picked":"Halt","floor":1},{"not_picked":["EmptyMind","BowlingBash"],"picked":"Prostrate","floor":2},{"not_picked":["WaveOfTheHand+1","Wireheading+1"],"picked":"Replay:BluntJabs+1","floor":8},{"not_picked":["DeceiveReality","Sanctity"],"picked":"Consecrate","floor":8},{"not_picked":["Replay:BluntJabs","Consecrate"],"picked":"AT_OneInchPunch","floor":10},{"not_picked":["REME_MusicOfDeath","WheelKick"],"picked":"ClearTheMind","floor":11},{"not_picked":["Wireheading","SashWhip"],"picked":"Vault","floor":13},{"not_picked":["Indignation","Consecrate"],"picked":"REME_Repentance","floor":14},{"not_picked":["AT_ChampionKick","Scrawl"],"picked":"Judgement","floor":16},{"not_picked":["EmptyBody","WreathOfFlame+1"],"picked":"EmptyFist+1","floor":18},{"not_picked":["Protect+1","ClearTheMind+1"],"picked":"Crescendo+1","floor":20},{"not_picked":["Pray+1","SashWhip"],"picked":"Halt","floor":20},{"not_picked":["JustLucky","InnerPeace"],"picked":"Swivel","floor":22},{"not_picked":["Replay:BluntJabs","Vengeance"],"picked":"FlurryOfBlows","floor":22},{"not_picked":["MentalFortress","Replay:Cycle"],"picked":"SignatureMove","floor":24},{"not_picked":["Consecrate","AT_RealColorLess"],"picked":"AT_ChampionStep+1","floor":27},{"not_picked":["Evaluate","Halt"],"picked":"Replay:AtTheReady+1","floor":28},{"not_picked":["ClearTheMind","Halt"],"picked":"Tantrum","floor":29},{"not_picked":["LikeWater","SashWhip"],"picked":"ThirdEye+1","floor":30},{"not_picked":["ForeignInfluence","Nirvana"],"picked":"Replay:BluntJabs","floor":31}],"player_experience":1509489,"relics_obtained":[{"floor":5,"key":"ReplayTheSpireMod:Ring of Exchange"},{"floor":5,"key":"Ring of Misfortune"},{"floor":8,"key":"Nunchaku"},{"floor":10,"key":"reliquary:Aerogel"},{"floor":13,"key":"AT_BellowingDragoncrestRing"},{"floor":22,"key":"Lantern"},{"floor":24,"key":"ReplayFunnel"},{"floor":26,"key":"REME_PuzzleBoxRelic"},{"floor":27,"key":"Singing Bowl"},{"floor":29,"key":"Replay:Purple Gloves"},{"floor":31,"key":"Potion Belt"}],"event_choices":[],"is_beta":false,"boss_relics":[{"not_picked":["Frozen Eye","reliquary:KinkedSpring"],"picked":"reliquary:Craggleroot"}],"items_purged_floors":[],"is_endless":false,"potions_floor_spawned":[8,10,11,14,16,20,24,28,30],"killed_by":"Gensokyo:Eternal_Rivals","ascension_level":7}}