{"host":"8962ghaoa8fyttvy","time":1612179067,"event":{"mods":["2.2 Compatiblity","AchievementEnabler","BaseMod","Bestiary","Colored Map","Colored Powertips","Curses Come First","Highlight Path","Keyboard Shortcuts","Minty Spire (QoL Compilation)","Relic Stats","Slay the Relics Exporter","StSLib","SuperFastMode"],"gold_per_floor":[111,111,128,139,150,150,166,200,273,18,18,28,28,28,28,28,28],"floor_reached":16,"language":"ENG","playtime":253,"items_purged":[],"score":102,"play_id":"f5676e92-2c3b-4fa2-9dcd-7b3832d5e5ce","local_time":"20210201063107","is_ascension_mode":false,"campfire_choices":[{"data":"Zap","floor":6,"key":"SMITH"},{"data":"Lockon","floor":11,"key":"SMITH"},{"data":"Fusion","floor":15,"key":"SMITH"}],"circlet_count":0,"master_deck":["Strike_B","Strike_B+1","Strike_B","Strike_B","Defend_B","Defend_B","Defend_B+1","Defend_B","Zap+1","Dualcast+1","Conserve Battery+1","Gash+1","Streamline","Doom and Gloom","Ball Lightning","Lockon+1","Fusion+1"],"relics":["Cracked Core","NeowsBlessing","Letter Opener","White Beast Statue","Meat on the Bone","War Paint"],"acts_visited":["Exordium"],"potions_floor_usage":[16],"damage_taken":[{"damage":0,"enemies":"Jaw Worm","floor":1,"turns":1},{"damage":0,"enemies":"Cultist","floor":3,"turns":1},{"damage":0,"enemies":"2 Louse","floor":4,"turns":1},{"damage":14,"enemies":"Blue Slaver","floor":5,"turns":3},{"damage":0,"enemies":"3 Louse","floor":7,"turns":3},{"damage":21,"enemies":"Lagavulin","floor":8,"turns":4},{"damage":0,"enemies":"Looter","floor":12,"turns":1},{"damage":25,"enemies":"The Guardian","floor":16,"turns":5}],"seed_played":"1433011493347562355","potions_obtained":[{"floor":4,"key":"DistilledChaos"},{"floor":8,"key":"Ancient Potion"},{"floor":12,"key":"SteroidPotion"}],"is_trial":false,"path_per_floor":["M","?","M","M","M","R","M","E","T","$","R","M","?","T","R","B"],"character_chosen":"DEFECT","items_purchased":["Meat on the Bone"],"campfire_rested":0,"item_purchase_floors":[10],"current_hp_per_floor":[75,75,75,75,61,61,61,40,40,40,40,40,25,25,25,0,0],"gold":28,"neow_bonus":"THREE_ENEMY_KILL","is_daily":false,"chose_seed":false,"campfire_upgraded":3,"win_rate":0.0,"timestamp":1612179067,"path_taken":["M","?","?","M","M","R","M","E","T","$","R","M","?","?","R","BOSS"],"items_purchased_type":["Relic"],"build_version":"2020-12-22","purchased_purges":0,"victory":false,"max_hp_per_floor":[75,75,75,75,75,75,75,75,75,75,75,75,75,75,75,75,75],"relic_stats":{"counters":[8,19],"Letter Opener":[10],"War Paint":["Dualcast","Defend_B"],"obtain_stats":[{"NeowsBlessing":0,"Letter Opener":8,"War Paint":14,"Cracked Core":0,"White Beast Statue":9,"Meat on the Bone":10},{"NeowsBlessing":0,"Letter Opener":6,"War Paint":7,"Cracked Core":0,"White Beast Statue":6,"Meat on the Bone":6},{"NeowsBlessing":0,"Letter Opener":13,"War Paint":14,"Cracked Core":0,"White Beast Statue":13,"Meat on the Bone":13}],"Meat on the Bone":0},"card_choices":[{"not_picked":["FTL","Redo"],"picked":"Conserve Battery","floor":1},{"not_picked":["Sweeping Beam","Coolheaded"],"picked":"Gash","floor":3},{"not_picked":["Rip and Tear","Compile Driver"],"picked":"Streamline","floor":4},{"not_picked":["Rebound","BootSequence"],"picked":"Doom and Gloom","floor":5},{"not_picked":["Stack","Steam"],"picked":"Ball Lightning","floor":7},{"not_picked":["Go for the Eyes","Leap"],"picked":"Lockon","floor":8},{"not_picked":["Skim","Melter"],"picked":"Fusion","floor":12}],"player_experience":17256,"relics_obtained":[{"floor":8,"key":"Letter Opener"},{"floor":9,"key":"White Beast Statue"},{"floor":14,"key":"War Paint"}],"event_choices":[{"damage_healed":0,"gold_gain":0,"player_choice":"Forge","damage_taken":0,"max_hp_gain":0,"max_hp_loss":0,"event_name":"Accursed Blacksmith","floor":2,"gold_loss":0,"cards_upgraded":["Conserve Battery"]},{"damage_healed":0,"gold_gain":0,"player_choice":"Entered Light","damage_taken":15,"max_hp_gain":0,"max_hp_loss":0,"event_name":"Shining Light","floor":13,"gold_loss":0,"cards_upgraded":["Gash","Strike_B"]}],"is_beta":false,"boss_relics":[],"items_purged_floors":[],"is_endless":false,"potions_floor_spawned":[4,8,12],"killed_by":"The Guardian","ascension_level":0}}