{"host":"25fn74ijs2305xd4","time":1612206511,"event":{"mods":["AchievementEnabler","BaseMod","Colored Map","Colored Powertips","Dark Map","Minty Spire (QoL Compilation)","Relic Stats","StSLib"],"gold_per_floor":[111,186,206,206,221,221,69,100,123,123,23,43,74,87,87,182,182],"floor_reached":16,"language":"POL","playtime":681,"items_purged":["Strike_R"],"score":184,"play_id":"b5bc3870-8766-4849-ba9b-c3021b37c2b3","local_time":"20210201200831","is_ascension_mode":true,"campfire_choices":[{"floor":6,"key":"REST"},{"floor":10,"key":"REST"},{"data":"Armaments","floor":15,"key":"SMITH"}],"circlet_count":0,"master_deck":["Strike_R","Strike_R","Strike_R","Strike_R","Defend_R","Defend_R","Defend_R","Defend_R","Bash","Metallicize","Inflame","Shockwave","Thunderclap","Sword Boomerang","Armaments+1","Pummel"],"relics":["Snecko Eye","Centennial Puzzle","Anchor","Nunchaku","Smiling Mask","Bag of Marbles"],"acts_visited":["Exordium"],"potions_floor_usage":[13],"damage_taken":[{"damage":0,"enemies":"Jaw Worm","floor":1,"turns":2},{"damage":8,"enemies":"Small Slimes","floor":3,"turns":3},{"damage":1,"enemies":"2 Louse","floor":5,"turns":3},{"damage":28,"enemies":"3 Sentries","floor":8,"turns":8},{"damage":9,"enemies":"Gremlin Gang","floor":12,"turns":4},{"damage":9,"enemies":"Gremlin Nob","floor":13,"turns":3},{"damage":0,"enemies":"2 Fungi Beasts","floor":14,"turns":2},{"damage":34,"enemies":"Slime Boss","floor":16,"turns":11}],"seed_played":"-7056696860219977648","potions_obtained":[{"floor":1,"key":"Ancient Potion"},{"floor":3,"key":"Weak Potion"},{"floor":16,"key":"DuplicationPotion"}],"is_trial":false,"path_per_floor":["M","?","M","?","M","R","$","E","T","R","$","M","E","M","R","B"],"character_chosen":"IRONCLAD","items_purchased":["Anchor","Thunderclap"],"campfire_rested":2,"item_purchase_floors":[7,11],"current_hp_per_floor":[80,69,61,36,35,59,59,31,31,55,55,46,37,37,37,3,3],"gold":182,"neow_bonus":"BOSS_RELIC","is_daily":false,"chose_seed":false,"campfire_upgraded":1,"win_rate":0.0,"timestamp":1612206511,"path_taken":["M","?","M","?","M","R","$","E","T","R","?","M","E","M","R","BOSS"],"items_purchased_type":["Relic","Card"],"build_version":"2020-12-22","purchased_purges":1,"victory":false,"max_hp_per_floor":[80,80,80,80,80,80,80,80,80,80,80,80,80,80,80,80,80],"relic_stats":{"Centennial Puzzle":[15],"Nunchaku":[3],"counters":[8,36],"Snecko Eye":[62,63,73,57],"Smiling Mask":25,"obtain_stats":[{"Centennial Puzzle":4,"Anchor":7,"Nunchaku":8,"Snecko Eye":0,"Bag of Marbles":13,"Smiling Mask":9,"Burning Blood":0},{"Centennial Puzzle":2,"Anchor":3,"Nunchaku":4,"Snecko Eye":0,"Bag of Marbles":6,"Smiling Mask":4,"Burning Blood":0},{"Centennial Puzzle":5,"Anchor":8,"Nunchaku":16,"Snecko Eye":0,"Bag of Marbles":23,"Smiling Mask":16,"Burning Blood":0}]},"card_choices":[{"not_picked":["Dual Wield","True Grit","Ghostly Armor"],"picked":"SKIP","floor":1},{"not_picked":["Sword Boomerang","Dark Embrace"],"picked":"Metallicize","floor":3},{"not_picked":["Dark Embrace","Combust"],"picked":"Inflame","floor":5},{"not_picked":["Cleave","Whirlwind"],"picked":"Shockwave","floor":8},{"not_picked":["Whirlwind","Uppercut"],"picked":"Sword Boomerang","floor":12},{"not_picked":["Burning Pact","Dual Wield"],"picked":"Armaments","floor":13},{"not_picked":["Reckless Charge","Pummel","Clothesline"],"picked":"SKIP","floor":14},{"not_picked":["Reckless Charge","Clothesline"],"picked":"Pummel","floor":14}],"player_experience":68969,"relics_obtained":[{"floor":8,"key":"Nunchaku"},{"floor":9,"key":"Smiling Mask"},{"floor":13,"key":"Bag of Marbles"}],"event_choices":[{"damage_healed":0,"gold_gain":75,"player_choice":"Gather Gold","damage_taken":11,"max_hp_gain":0,"max_hp_loss":0,"event_name":"World of Goop","floor":2,"gold_loss":0},{"damage_healed":0,"gold_gain":0,"player_choice":"Success","damage_taken":25,"relics_obtained":["Centennial Puzzle"],"max_hp_gain":0,"max_hp_loss":0,"event_name":"Scrap Ooze","floor":4,"gold_loss":0}],"is_beta":false,"boss_relics":[],"items_purged_floors":[11],"is_endless":false,"potions_floor_spawned":[1,3,16],"killed_by":"Slime Boss","ascension_level":3}}