{"host":"815dqs41i1y8uxms","time":1612174333,"event":{"mods":["A Penny For Your Troubles","Act Like it!","BaseMod","Dark Map","Elementarium","Fox Events","Minty Spire (QoL Compilation)","Rare Cards Sparkle","Shop Mod","Spire Arcade","StSLib","The Cursed","The Hierophant","The Marked"],"gold_per_floor":[112,112,122,141,160,194,205,215,215,270,283,283,298,22,22,126,126,136,136,136,17,57,57,105,164,164,164,214,253,17,27,27,153,153,190,190,258,271,283,283,283,283],"floor_reached":41,"language":"ENG","playtime":3947,"items_purged":[],"score":442,"play_id":"00ede52b-bf98-4c9e-969a-4f5b943fcd69","local_time":"20210201111213","is_ascension_mode":false,"campfire_choices":[{"floor":12.0,"key":"REST"},{"floor":15.0,"key":"REST"},{"floor":23.0,"key":"DIG"},{"floor":27.0,"key":"DIG"},{"floor":32.0,"key":"REST"},{"floor":40,"key":"REST"}],"circlet_count":0,"master_deck":["theMarked:Strike","theMarked:Strike","theMarked:Strike","theMarked:Strike","theMarked:Defend","theMarked:Defend","theMarked:Defend","theMarked:Defend","theMarked:SoldierOfQuellstein+1","theMarked:ContemptForTheProud","theMarked:ChannelForce","theMarked:SwordAndMagic","theMarked:ElectricStrings+1","theMarked:PowerFlow","theMarked:Electrify","theMarked:ChainLightning+1","theMarked:RepellingDischarge","theMarked:EnhanceMovement","theMarked:MuscleMemory","theMarked:EnhanceMovement","theMarked:HeightenedSenses","theMarked:TakeOffHeels","theMarked:Abjuration","theMarked:ParalyzingBlade","HandOfGreed+1","Magnetism","theMarked:HeightenedSenses+1","theMarked:Improvise","theMarked:SwordAndMagic","theMarked:Opportunist","theMarked:TakeOffHeels","theMarked:ContemptForTheProud+1","theMarked:TakeOffHeels","theMarked:Overcharge","theMarked:Vacuum","theMarked:Generate+1","theMarked:RepellingDischarge+1","Parasite","theMarked:Static+1"],"relics":["theMarked:ArtifactOfAir","Shovel","MerchantsRug","Strange Spoon","theMarked:SpiritSword","Elementarium:HuntersSling","theMarked:KettuFlask","Elementarium:GoldenMirage","Oddly Smooth Stone","Torii","OrangePellets","Elementarium:ElementariumTrophy","Black Star"],"acts_visited":["Exordium","Elementarium:Elementarium","TheBeyond"],"potions_floor_usage":[39],"damage_taken":[{"damage":0.0,"enemies":"Small Slimes","floor":1.0,"turns":4.0},{"damage":0.0,"enemies":"Cultist","floor":3.0,"turns":1.0},{"damage":1.0,"enemies":"Jaw Worm","floor":4.0,"turns":3.0},{"damage":11.0,"enemies":"Large Slime","floor":5.0,"turns":3.0},{"damage":8.0,"enemies":"Lagavulin","floor":6.0,"turns":4.0},{"damage":0.0,"enemies":"3 Louse","floor":7.0,"turns":2.0},{"damage":0.0,"enemies":"Lots of Slimes","floor":8.0,"turns":3.0},{"damage":22.0,"enemies":"3 Sentries","floor":10.0,"turns":5.0},{"damage":8.0,"enemies":"Red Slaver","floor":11.0,"turns":3.0},{"damage":4.0,"enemies":"2 Fungi Beasts","floor":13.0,"turns":3.0},{"damage":13.0,"enemies":"The Guardian","floor":16.0,"turns":9.0},{"damage":6.0,"enemies":"Elementarium:VoidCorruption","floor":18.0,"turns":4.0},{"damage":2.0,"enemies":"Elementarium:2_ELEMENTALS","floor":22.0,"turns":8.0},{"damage":20.0,"enemies":"Elementarium:GOLDEN_STATUES","floor":25.0,"turns":5.0},{"damage":1.0,"enemies":"Elementarium:FIRE_NOBILITY","floor":28.0,"turns":7.0},{"damage":22.0,"enemies":"Elementarium:Hydrostalker","floor":29.0,"turns":4.0},{"damage":6.0,"enemies":"Elementarium:STONE_GOLEMS","floor":31.0,"turns":7.0},{"damage":20.0,"enemies":"Elementarium:GolemEmperor","floor":33.0,"turns":16.0},{"damage":8.0,"enemies":"3 Darklings","floor":35.0,"turns":10.0},{"damage":29.0,"enemies":"3 Shapes","floor":37.0,"turns":7.0},{"damage":67.0,"enemies":"Transient","floor":38.0,"turns":5.0},{"damage":8,"enemies":"Writhing Mass","floor":39,"turns":5},{"damage":42,"enemies":"Maw","floor":41,"turns":9}],"seed_played":"-7374125784737938940","potions_obtained":[{"floor":0.0,"key":"Fire Potion"},{"floor":0.0,"key":"Weak Potion"},{"floor":0.0,"key":"Block Potion"},{"floor":1.0,"key":"FearPotion"},{"floor":8.0,"key":"SpeedPotion"},{"floor":10.0,"key":"SkillPotion"},{"floor":11.0,"key":"SteroidPotion"},{"floor":22.0,"key":"Strength Potion"},{"floor":25.0,"key":"SkillPotion"},{"floor":28.0,"key":"PowerPotion"},{"floor":31.0,"key":"SpeedPotion"},{"floor":37.0,"key":"PowerPotion"},{"floor":38.0,"key":"SteroidPotion"}],"is_trial":false,"path_per_floor":["M","?","M","M","M","E","M","M","T","?","M","R","M","$","R","B",null,"M","?","?","?","M","R","$","?","T","R","E","M","$","M","R","B",null,"M","?","M","M","M","R","M"],"character_chosen":"THE_DEFAULT","items_purchased":["MerchantsRug","theMarked:HeightenedSenses","Strange Spoon","theMarked:Improvise","OrangePellets","FairyPotion"],"campfire_rested":4,"item_purchase_floors":[14,14,14,24,30,30],"current_hp_per_floor":[70,70,70,69,58,50,50,50,50,28,20,41,37,37,58,45,70,64,64,64,64,62,62,62,42,42,42,51,29,29,23,47,27,80,72,72,43,24,16,40,0,0],"gold":283,"neow_bonus":"THREE_SMALL_POTIONS","is_daily":false,"chose_seed":false,"campfire_upgraded":0,"win_rate":0.0,"timestamp":1612174333,"path_taken":["M","?","?","M","?","E","M","M","T","?","M","R","M","$","R","BOSS","M","?","?","?","M","R","$","?","T","R","E","?","?","M","R","BOSS","M","?","?","M","M","R","M"],"items_purchased_type":["Relic","Card","Relic","Card","Relic","Potion"],"build_version":"2020-12-22","purchased_purges":0,"victory":false,"max_hp_per_floor":[70,70,70,70,70,70,70,70,70,70,70,70,70,70,70,70,70,70,70,70,70,70,70,70,70,70,70,80,80,80,80,80,80,80,80,80,80,80,80,80,80,80],"card_choices":[{"not_picked":["theMarked:EmpowerWeapon","theMarked:TwofoldDefense"],"picked":"theMarked:ContemptForTheProud","floor":1.0},{"not_picked":["theMarked:Parkour","theMarked:Opportunist"],"picked":"theMarked:ChannelForce","floor":3.0},{"not_picked":["theMarked:WastefulAttack","theMarked:Improvise"],"picked":"theMarked:SwordAndMagic","floor":4.0},{"not_picked":["theMarked:Memento","theMarked:Levitate"],"picked":"theMarked:ElectricStrings","floor":5.0},{"not_picked":["theMarked:Heritage","theMarked:Static"],"picked":"theMarked:PowerFlow","floor":6.0},{"not_picked":["theMarked:TunnelVision","theMarked:Generate"],"picked":"theMarked:Electrify","floor":7.0},{"not_picked":["theMarked:Parkour","theMarked:WastefulAttack"],"picked":"theMarked:ChainLightning","floor":8.0},{"not_picked":["theMarked:ChannelForce","theMarked:WastefulAttack"],"picked":"theMarked:RepellingDischarge","floor":10.0},{"not_picked":["theMarked:ElectricStrings","theMarked:TunnelVision"],"picked":"theMarked:EnhanceMovement","floor":11.0},{"not_picked":["theMarked:EmpowerWeapon","theMarked:ChainLightning"],"picked":"theMarked:MuscleMemory","floor":12.0},{"not_picked":["theMarked:TakeCover","theMarked:WastefulAttack"],"picked":"theMarked:EnhanceMovement","floor":13.0},{"not_picked":["theMarked:ResourceFulStrike","theMarked:WastefulAttack"],"picked":"theMarked:TakeOffHeels","floor":15.0},{"not_picked":["theMarked:Snap","theMarked:UnarmedFury"],"picked":"theMarked:Abjuration","floor":16.0},{"not_picked":["theMarked:ElectricStrings+1","theMarked:Parkour"],"picked":"theMarked:ParalyzingBlade","floor":18.0},{"not_picked":["Master of Strategy","Purity"],"picked":"HandOfGreed","floor":19.0},{"not_picked":["Impatience","Secret Technique"],"picked":"Magnetism","floor":19.0},{"not_picked":["theMarked:Parkour","theMarked:Aftermath"],"picked":"theMarked:HeightenedSenses+1","floor":22.0},{"not_picked":["theMarked:TakeCover+1","theMarked:TwofoldDefense"],"picked":"theMarked:SwordAndMagic","floor":25.0},{"not_picked":["theMarked:WastefulAttack","theMarked:HeightenedSenses"],"picked":"theMarked:Opportunist","floor":28.0},{"not_picked":["theMarked:TakeCover","theMarked:PowerFlow"],"picked":"theMarked:TakeOffHeels","floor":29.0},{"not_picked":["theMarked:ResourceFulStrike","theMarked:SwordAndMagic"],"picked":"theMarked:ContemptForTheProud+1","floor":31.0},{"not_picked":["theMarked:Defy","theMarked:MagusForm"],"picked":"theMarked:TakeOffHeels","floor":33.0},{"not_picked":["theMarked:Indomitable","theMarked:Pokerface+1"],"picked":"theMarked:Overcharge","floor":35.0},{"not_picked":["theMarked:Static","theMarked:ElectricStrings"],"picked":"theMarked:Generate+1","floor":37.0},{"not_picked":["theMarked:Memento","theMarked:Parkour+1"],"picked":"theMarked:RepellingDischarge+1","floor":38.0},{"not_picked":["theMarked:HeightenedSenses","theMarked:Frustration"],"picked":"theMarked:Static+1","floor":39}],"player_experience":4016023,"relics_obtained":[{"floor":6.0,"key":"Dream Catcher"},{"floor":9.0,"key":"Shovel"},{"floor":10.0,"key":"Whetstone"},{"floor":23.0,"key":"theMarked:KettuFlask"},{"floor":25.0,"key":"Elementarium:GoldenMirage"},{"floor":26.0,"key":"Oddly Smooth Stone"},{"floor":27.0,"key":"Torii"},{"floor":28.0,"key":"Pear"}],"event_choices":[{"damage_healed":0.0,"max_hp_gain":0.0,"max_hp_loss":0.0,"gold_gain":0.0,"event_name":"Upgrade Shrine","player_choice":"Upgraded","floor":2.0,"gold_loss":0.0,"damage_taken":0.0,"cards_upgraded":["theMarked:SoldierOfQuellstein"]},{"damage_healed":0.0,"max_hp_gain":0.0,"max_hp_loss":0.0,"gold_gain":0.0,"event_name":"Dead Adventurer","player_choice":"Searched \u00271\u0027 times","floor":10.0,"gold_loss":0.0,"damage_taken":0.0},{"damage_healed":0.0,"max_hp_gain":0.0,"max_hp_loss":0.0,"gold_gain":0.0,"event_name":"Elementarium:IncubationChamber","player_choice":"Machinery","floor":19.0,"gold_loss":0.0,"damage_taken":0.0},{"damage_healed":0.0,"max_hp_gain":0.0,"max_hp_loss":0.0,"gold_gain":0.0,"event_name":"Elementarium:VoidShrine","player_choice":"Pray","floor":20.0,"gold_loss":0.0,"damage_taken":0.0,"cards_upgraded":["HandOfGreed"]},{"damage_healed":0.0,"max_hp_gain":0.0,"max_hp_loss":0.0,"gold_gain":0.0,"event_name":"Elementarium:BigGameHunter","player_choice":"Sling","floor":21.0,"gold_loss":119.0,"damage_taken":0.0,"relics_obtained":["Elementarium:HuntersSling"]},{"damage_healed":0.0,"max_hp_gain":0.0,"max_hp_loss":0.0,"gold_gain":0.0,"event_name":"Elementarium:GoldenStatues","player_choice":"Fight","floor":25.0,"gold_loss":0.0,"damage_taken":0.0},{"damage_healed":0.0,"max_hp_gain":0.0,"max_hp_loss":0.0,"gold_gain":0.0,"cards_transformed":["theMarked:Strike"],"event_name":"Transmorgrifier","player_choice":"Transformed","floor":36.0,"gold_loss":0.0,"damage_taken":0.0,"cards_obtained":["theMarked:Vacuum"]}],"is_beta":false,"boss_relics":[{"not_picked":["Runic Dome","Tiny House"],"picked":"theMarked:SpiritSword"},{"not_picked":["Velvet Choker","SlaversCollar"],"picked":"Black Star"}],"items_purged_floors":[],"is_endless":false,"potions_floor_spawned":[1,8,10,11,13,22,25,28,31,37,38],"killed_by":"Maw","ascension_level":0}}