{"host":"TheHustler","time":1612185647,"event":{"mods":["BaseMod","Block Reminder","Colored Map","Colored Powertips","Minty Spire (QoL Compilation)","Quick Restart","StSLib","SuperFastMode","Unceasing Turn Reminder"],"gold_per_floor":[114,114,129,129,144,144,159,159,184,214,214,64,64,64,64,164,164,179,179,179,194,209,209,239,239,239,254,269,269,284,314,314,414,414,429,429,17,57,57,57,87,102,102,157,172,187,187,97,97,97],"floor_reached":51,"language":"ENG","playtime":1116,"items_purged":["Zap"],"score":795,"play_id":"9842ec87-bfa0-4653-8e1e-c99816a82f85","local_time":"20210201142047","daily_mods":["Chimera","ControlledChaos","Night Terrors"],"is_ascension_mode":false,"campfire_choices":[{"floor":6,"key":"DIG"},{"floor":8,"key":"DIG"},{"data":"1","floor":11,"key":"LIFT"},{"data":"2","floor":13,"key":"LIFT"},{"data":"3","floor":15,"key":"LIFT"},{"floor":23,"key":"DIG"},{"floor":25,"key":"DIG"},{"floor":32,"key":"DIG"},{"floor":40,"key":"DIG"},{"floor":47,"key":"DIG"},{"floor":49,"key":"DIG"}],"circlet_count":0,"master_deck":["Bash","Survivor","Strike_R+1","Strike_G+1","Strike_B+1","Defend_R+1","Defend_G+1","Defend_P+1","Intimidate+1","Spot Weakness","Berserk","Limit Break+1","Blood for Blood+1","Headbutt+1","Uppercut+1","Perfected Strike+1","Flame Barrier+1","Havoc+1","Immolate+1","Havoc","The Bomb","Flash of Steel+1","HandOfGreed+1","Dark Embrace+1","Feel No Pain","Fiend Fire+1","Dropkick+1","Feel No Pain+1"],"relics":["Burning Blood","Frozen Eye","Shovel","Girya","Molten Egg 2","Orichalcum","Happy Flower","Lee\u0027s Waffle","Snecko Eye","Calipers","PreservedInsect","Oddly Smooth Stone","Gambling Chip","Unceasing Top","Anchor","Fusion Hammer","Charon\u0027s Ashes","WarpedTongs","Letter Opener","Omamori","Mercury Hourglass","War Paint","InkBottle","Champion Belt"],"acts_visited":["Exordium","TheCity","TheBeyond"],"potions_floor_usage":[10,50,50,50],"damage_taken":[{"damage":2,"enemies":"Jaw Worm","floor":1,"turns":3},{"damage":9,"enemies":"Small Slimes","floor":3,"turns":4},{"damage":9,"enemies":"Cultist","floor":5,"turns":3},{"damage":13,"enemies":"Looter","floor":7,"turns":4},{"damage":9,"enemies":"3 Sentries","floor":10,"turns":5},{"damage":36,"enemies":"Slime Boss","floor":16,"turns":7},{"damage":1,"enemies":"Chosen","floor":18,"turns":3},{"damage":10,"enemies":"3 Byrds","floor":21,"turns":4},{"damage":4,"enemies":"Snecko","floor":22,"turns":3},{"damage":14,"enemies":"Book of Stabbing","floor":24,"turns":4},{"damage":0,"enemies":"Snake Plant","floor":27,"turns":1},{"damage":0,"enemies":"3 Cultists","floor":28,"turns":3},{"damage":0,"enemies":"Centurion and Healer","floor":30,"turns":3},{"damage":3,"enemies":"Gremlin Leader","floor":31,"turns":4},{"damage":49,"enemies":"Collector","floor":33,"turns":10},{"damage":0,"enemies":"Orb Walker","floor":35,"turns":2},{"damage":12,"enemies":"3 Shapes","floor":38,"turns":4},{"damage":3,"enemies":"Giant Head","floor":41,"turns":4},{"damage":0,"enemies":"3 Darklings","floor":42,"turns":3},{"damage":5,"enemies":"Reptomancer","floor":44,"turns":2},{"damage":5,"enemies":"Transient","floor":45,"turns":5},{"damage":5,"enemies":"Writhing Mass","floor":46,"turns":2},{"damage":22,"enemies":"Donu and Deca","floor":50,"turns":7}],"seed_played":"-6699970657251824518","potions_obtained":[{"floor":1,"key":"Fire Potion"},{"floor":3,"key":"HeartOfIron"},{"floor":10,"key":"DistilledChaos"},{"floor":16,"key":"EssenceOfSteel"},{"floor":31,"key":"Dexterity Potion"}],"is_trial":false,"path_per_floor":["M","?","M","?","M","R","M","R","T","E","R","$","R","$","R","B",null,"M","?","?","M","M","R","E","R","T","M","M","?","M","E","R","B",null,"M","?","$","M","?","R","E","M","T","E","M","M","R","?","R","B",null],"character_chosen":"IRONCLAD","items_purchased":["Lee\u0027s Waffle","Charon\u0027s Ashes","Dark Embrace"],"campfire_rested":0,"item_purchase_floors":[12,37,37],"current_hp_per_floor":[80,85,82,79,76,76,69,69,69,66,66,92,92,92,92,62,92,92,92,92,88,90,90,82,82,82,88,92,92,92,92,92,49,92,92,82,82,76,76,76,79,85,85,86,87,88,88,88,88,72],"gold":97,"neow_bonus":"","is_daily":true,"chose_seed":false,"campfire_upgraded":0,"win_rate":0.0,"timestamp":1612185647,"path_taken":["M","?","M","?","M","R","M","R","T","E","R","$","R","$","R","BOSS","M","?","?","M","?","R","E","R","T","M","M","?","M","E","R","BOSS","M","?","$","M","?","R","E","M","T","E","M","?","R","?","R","BOSS"],"items_purchased_type":["Relic","Relic","Card"],"build_version":"2020-12-18","purchased_purges":1,"victory":true,"max_hp_per_floor":[80,85,85,85,85,85,85,85,85,85,85,92,92,92,92,92,92,92,92,92,92,92,92,92,92,92,92,92,92,92,92,92,92,92,92,92,92,92,92,92,92,92,92,92,92,92,92,92,92,92],"card_choices":[{"not_picked":["Searing Blow","Havoc"],"picked":"Intimidate","floor":1},{"not_picked":["Flex","Clothesline"],"picked":"Spot Weakness","floor":3},{"not_picked":["Warcry","Heavy Blade","Havoc"],"picked":"SKIP","floor":5},{"not_picked":["True Grit","Ghostly Armor","Havoc"],"picked":"SKIP","floor":7},{"not_picked":["Warcry","Flex"],"picked":"Berserk","floor":10},{"not_picked":["Juggernaut","Impervious"],"picked":"Limit Break","floor":16},{"not_picked":["Cleave+1","Thunderclap+1"],"picked":"Blood for Blood+1","floor":18},{"not_picked":["Burning Pact","Body Slam+1"],"picked":"Uppercut+1","floor":21},{"not_picked":["True Grit","Clash+1"],"picked":"Perfected Strike+1","floor":22},{"not_picked":["Pommel Strike+1","True Grit"],"picked":"Flame Barrier+1","floor":24},{"not_picked":["Sword Boomerang+1","Iron Wave+1","Warcry"],"picked":"SKIP","floor":27},{"not_picked":["True Grit","Wild Strike+1"],"picked":"Havoc+1","floor":28},{"not_picked":["True Grit+1","Armaments","Body Slam+1"],"picked":"SKIP","floor":30},{"not_picked":["Dual Wield","Armaments","Seeing Red"],"picked":"SKIP","floor":31},{"not_picked":["Demon Form","Double Tap"],"picked":"Immolate+1","floor":33},{"not_picked":["Twin Strike+1","Shrug It Off+1"],"picked":"Havoc","floor":35},{"not_picked":["Good Instincts","Swift Strike+1"],"picked":"The Bomb","floor":36},{"not_picked":["PanicButton","Discovery"],"picked":"Flash of Steel+1","floor":36},{"not_picked":["Good Instincts","Violence"],"picked":"HandOfGreed+1","floor":36},{"not_picked":["Body Slam+1","Thunderclap+1"],"picked":"Feel No Pain","floor":38},{"not_picked":["Warcry+1","Clash+1","Wild Strike+1"],"picked":"SKIP","floor":41},{"not_picked":["Thunderclap+1","Clash+1"],"picked":"Fiend Fire+1","floor":42},{"not_picked":["Wild Strike+1","Second Wind"],"picked":"Dropkick+1","floor":44},{"not_picked":["Twin Strike+1","Iron Wave+1","Dual Wield+1"],"picked":"SKIP","floor":45},{"not_picked":["Rupture+1","Iron Wave+1"],"picked":"Feel No Pain+1","floor":46}],"player_experience":659188,"relics_obtained":[{"floor":6,"key":"Girya"},{"floor":8,"key":"Molten Egg 2"},{"floor":9,"key":"Orichalcum"},{"floor":10,"key":"Happy Flower"},{"floor":23,"key":"Calipers"},{"floor":24,"key":"PreservedInsect"},{"floor":25,"key":"Oddly Smooth Stone"},{"floor":26,"key":"Gambling Chip"},{"floor":31,"key":"Unceasing Top"},{"floor":32,"key":"Anchor"},{"floor":40,"key":"Letter Opener"},{"floor":41,"key":"Omamori"},{"floor":43,"key":"Mercury Hourglass"},{"floor":44,"key":"War Paint"},{"floor":47,"key":"InkBottle"},{"floor":49,"key":"Champion Belt"}],"event_choices":[{"damage_healed":0,"gold_gain":0,"player_choice":"Donut","damage_taken":0,"max_hp_gain":5,"max_hp_loss":0,"event_name":"Big Fish","floor":2,"gold_loss":0},{"damage_healed":0,"gold_gain":0,"player_choice":"Success","damage_taken":3,"relics_obtained":["Shovel"],"max_hp_gain":0,"max_hp_loss":0,"event_name":"Scrap Ooze","floor":4,"gold_loss":0},{"damage_healed":0,"gold_gain":0,"player_choice":"Ignored","damage_taken":0,"max_hp_gain":0,"max_hp_loss":0,"event_name":"Vampires","floor":19,"gold_loss":0},{"damage_healed":0,"gold_gain":0,"cards_transformed":["Eruption"],"player_choice":"Transformed","damage_taken":0,"max_hp_gain":0,"max_hp_loss":0,"event_name":"Transmorgrifier","floor":20,"gold_loss":0,"cards_obtained":["Headbutt"]},{"damage_healed":0,"gold_gain":0,"player_choice":"Simplicity","damage_taken":0,"max_hp_gain":0,"max_hp_loss":0,"event_name":"Back to Basics","floor":29,"gold_loss":0,"cards_upgraded":["Strike_R","Strike_G","Strike_B","Defend_R","Defend_G","Defend_P"]},{"damage_healed":0,"gold_gain":0,"player_choice":"Memory 3","damage_taken":10,"max_hp_gain":0,"max_hp_loss":0,"event_name":"SensoryStone","floor":36,"gold_loss":0},{"damage_healed":0,"gold_gain":0,"player_choice":"Rummage","damage_taken":0,"relics_obtained":["WarpedTongs"],"max_hp_gain":0,"max_hp_loss":0,"event_name":"Accursed Blacksmith","floor":39,"gold_loss":0,"cards_obtained":["Pain"]},{"cards_removed":["Pain"],"damage_healed":0,"gold_gain":0,"player_choice":"Upgrade and Remove","damage_taken":0,"max_hp_gain":0,"max_hp_loss":0,"event_name":"Designer","floor":48,"gold_loss":90,"cards_upgraded":["Dark Embrace"]}],"is_beta":true,"boss_relics":[{"not_picked":["Runic Cube","Cursed Key"],"picked":"Snecko Eye"},{"not_picked":["Velvet Choker","Calling Bell"],"picked":"Fusion Hammer"}],"items_purged_floors":[37],"is_endless":false,"potions_floor_spawned":[1,3,10,16,21,27,28,31,33,35,41,42,45],"ascension_level":0}}