{"host":"3y2rtlgteqp2nuo3","time":1612176650,"event":{"mods":["2.2 Compatiblity","AchievementEnabler","BaseMod","Colored Map","DeckTracker","Highlight Path","Keyboard Shortcuts","Minty Spire (QoL Compilation)","Permanent Neow","Quick Restart","StSLib","SuperFastMode","everything is the same but u backflip on backflip"],"gold_per_floor":[119,119,136,152,327,327,362,379,379,379,61,78,78,78],"floor_reached":13,"language":"KOR","playtime":234,"items_purged":["Doubt"],"score":123,"play_id":"ac930f29-82dd-4bf7-887f-70db90aa040f","local_time":"20210201195050","is_ascension_mode":true,"campfire_choices":[{"data":"Rampage","floor":6.0,"key":"SMITH"},{"data":"Headbutt","floor":10.0,"key":"SMITH"}],"circlet_count":0,"master_deck":["Strike_R","Strike_R","Strike_R","Strike_R","Defend_R","Defend_R","Defend_R","Defend_R","Bash+1","Headbutt+1","Power Through","Rampage+1","Clothesline","Trip"],"relics":["Burning Blood","Bottled Lightning","HornCleat","OrangePellets"],"acts_visited":["Exordium"],"potions_floor_usage":[],"damage_taken":[{"damage":7.0,"enemies":"2 Louse","floor":1.0,"turns":4.0},{"damage":0.0,"enemies":"Small Slimes","floor":3.0,"turns":3.0},{"damage":6.0,"enemies":"Cultist","floor":4.0,"turns":3.0},{"damage":45.0,"enemies":"3 Sentries","floor":7.0,"turns":12.0},{"damage":6.0,"enemies":"Looter","floor":8.0,"turns":3.0},{"damage":7.0,"enemies":"Exordium Thugs","floor":12.0,"turns":4.0},{"damage":30,"enemies":"Lagavulin","floor":13,"turns":4}],"seed_played":"-6312685838882763609","potions_obtained":[{"floor":3.0,"key":"LiquidBronze"},{"floor":8.0,"key":"PowerPotion"},{"floor":12.0,"key":"LiquidBronze"}],"is_trial":false,"path_per_floor":["M","?","M","M","?","R","E","M","T","R","$","M","E"],"character_chosen":"IRONCLAD","items_purchased":["OrangePellets","Trip"],"campfire_rested":0,"item_purchase_floors":[11,11],"current_hp_per_floor":[71,64,70,70,70,70,31,31,31,31,31,30,0,0],"gold":78,"neow_bonus":"UPGRADE_CARD","is_daily":false,"chose_seed":false,"campfire_upgraded":2,"win_rate":0.0,"timestamp":1612176650,"path_taken":["M","?","M","M","?","R","E","M","T","R","$","M","E"],"items_purchased_type":["Relic","Card"],"build_version":"2020-12-22","purchased_purges":1,"victory":false,"max_hp_per_floor":[80,80,80,80,80,80,80,80,80,80,80,80,80,80],"card_choices":[{"not_picked":["True Grit","Clash"],"picked":"Headbutt","floor":1.0},{"not_picked":["Twin Strike","Hemokinesis"],"picked":"Power Through","floor":3.0},{"not_picked":["Shockwave","Havoc"],"picked":"Rampage","floor":4.0},{"not_picked":["Perfected Strike","Flex"],"picked":"Clothesline","floor":7.0},{"not_picked":["Iron Wave","Perfected Strike","Heavy Blade"],"picked":"SKIP","floor":8.0},{"not_picked":["Perfected Strike","True Grit","Metallicize"],"picked":"SKIP","floor":12.0}],"player_experience":738952,"relics_obtained":[{"floor":7.0,"key":"Bottled Lightning"},{"floor":9.0,"key":"HornCleat"}],"event_choices":[{"cards_removed":["Strike_R"],"damage_healed":0.0,"max_hp_gain":0.0,"max_hp_loss":0.0,"gold_gain":0.0,"event_name":"Golden Wing","player_choice":"Card Removal","floor":2.0,"gold_loss":0.0,"damage_taken":7.0},{"damage_healed":0.0,"max_hp_gain":0.0,"max_hp_loss":0.0,"gold_gain":175.0,"event_name":"Liars Game","player_choice":"AGREE","floor":5.0,"gold_loss":0.0,"damage_taken":0.0,"cards_obtained":["Doubt"]}],"is_beta":false,"boss_relics":[],"items_purged_floors":[11],"is_endless":false,"potions_floor_spawned":[3,8,12],"killed_by":"Lagavulin","ascension_level":9}}