{"host":"7cp3z5w0tcrrm8ys","time":1612179754,"event":{"mods":["AchievementEnabler","BaseMod","DeckTracker","Minty Spire (QoL Compilation)","StSLib","SuperFastMode"],"gold_per_floor":[120,140,160,169,169,169,194,43,43,43,71,17,57,90,90,90,90],"floor_reached":16,"language":"KOR","playtime":400,"items_purged":[],"score":200,"play_id":"0703ea9a-2cea-4769-a06c-f09c28c61d39","local_time":"20210201204234","is_ascension_mode":true,"campfire_choices":[{"data":"Static Discharge","floor":6,"key":"SMITH"},{"data":"Self Repair","floor":10,"key":"SMITH"},{"data":"Leap","floor":15,"key":"SMITH"}],"circlet_count":0,"master_deck":["AscendersBane","Strike_B","Strike_B","Strike_B","Strike_B","Defend_B","Defend_B","Defend_B","Defend_B","Zap","Dualcast","Sweeping Beam","Leap+1","Static Discharge+1","Self Repair+1","Melter","Sweeping Beam","Capacitor","Rebound","BootSequence","Lockon"],"relics":["Cracked Core","CeramicFish","White Beast Statue","Frozen Egg 2","Toy Ornithopter","Odd Mushroom"],"acts_visited":["Exordium"],"potions_floor_usage":[11,11,14,16,16],"damage_taken":[{"damage":0.0,"enemies":"2 Louse","floor":1.0,"turns":2.0},{"damage":7.0,"enemies":"Jaw Worm","floor":2.0,"turns":3.0},{"damage":4.0,"enemies":"Small Slimes","floor":3.0,"turns":5.0},{"damage":7,"enemies":"Red Slaver","floor":7,"turns":4},{"damage":21,"enemies":"Large Slime","floor":11,"turns":5},{"damage":32,"enemies":"Gremlin Nob","floor":13,"turns":4},{"damage":0,"enemies":"The Mushroom Lair","floor":14,"turns":3},{"damage":30,"enemies":"Hexaghost","floor":16,"turns":7}],"seed_played":"2723391755926301788","potions_obtained":[{"floor":3.0,"key":"Explosive Potion"},{"floor":7,"key":"Explosive Potion"},{"floor":11,"key":"PotionOfCapacity"},{"floor":14,"key":"FearPotion"}],"is_trial":false,"path_per_floor":["M","M","M","?","?","R","M","$","T","R","M","$","E","?","R","B"],"character_chosen":"DEFECT","items_purchased":["Melter","Sweeping Beam","Capacitor","Fire Potion"],"campfire_rested":0,"item_purchase_floors":[8,8,8,12],"current_hp_per_floor":[64,57,53,53,53,53,46,46,46,46,35,35,13,18,18,0,0],"gold":90,"neow_bonus":"RANDOM_COMMON_RELIC","is_daily":false,"chose_seed":false,"campfire_upgraded":3,"win_rate":0.0,"timestamp":1612179754,"path_taken":["M","M","M","?","?","R","M","$","T","R","M","$","E","?","R","BOSS"],"items_purchased_type":["Card","Card","Card","Potion"],"build_version":"2020-12-22","purchased_purges":0,"victory":false,"max_hp_per_floor":[71,71,71,71,71,71,71,71,71,71,71,71,71,71,71,71,71],"card_choices":[{"not_picked":["Turbo","Hologram"],"picked":"Sweeping Beam","floor":1.0},{"not_picked":["Redo","Beam Cell"],"picked":"Leap","floor":2.0},{"not_picked":["Cold Snap","Redo"],"picked":"Static Discharge","floor":3.0},{"not_picked":["Stack","Scrape"],"picked":"Self Repair","floor":7},{"not_picked":["Fission","Barrage"],"picked":"Rebound","floor":11},{"not_picked":["Rebound","Steam"],"picked":"BootSequence","floor":13},{"not_picked":["Leap","FTL"],"picked":"Lockon","floor":14}],"player_experience":804736,"relics_obtained":[{"floor":9,"key":"Frozen Egg 2"},{"floor":13,"key":"Toy Ornithopter"},{"floor":14,"key":"Odd Mushroom"}],"event_choices":[{"damage_healed":0.0,"max_hp_gain":0.0,"max_hp_loss":0.0,"gold_gain":0.0,"event_name":"Big Fish","player_choice":"Box","floor":4.0,"gold_loss":0.0,"damage_taken":0.0,"relics_obtained":["White Beast Statue"],"cards_obtained":["Regret"]},{"cards_removed":["Regret"],"damage_healed":0,"gold_gain":0,"player_choice":"Forget","damage_taken":0,"max_hp_gain":0,"max_hp_loss":0,"event_name":"Living Wall","floor":5,"gold_loss":0},{"damage_healed":0,"gold_gain":0,"player_choice":"Fought Mushrooms","damage_taken":0,"max_hp_gain":0,"max_hp_loss":0,"event_name":"Mushrooms","floor":14,"gold_loss":0}],"is_beta":false,"boss_relics":[],"items_purged_floors":[],"is_endless":false,"potions_floor_spawned":[3,7,11,13,14],"killed_by":"Hexaghost","ascension_level":20}}