{"host":"5raohst9sk3kvp5v","time":1612152668,"event":{"mods":["BaseMod","Colored Powertips","Highlight Path","Minty Spire (QoL Compilation)","Quick Restart","Relic Stats","StSLib"],"gold_per_floor":[115,134,147,158,172,172,21,32,32,7,7,7,7],"floor_reached":12,"language":"ENG","playtime":486,"items_purged":["Strike_R"],"score":140,"play_id":"43b803e5-999d-46dd-9ff1-fb01a83d0d94","local_time":"20210131221108","is_ascension_mode":true,"campfire_choices":[{"data":"True Grit","floor":6,"key":"SMITH"}],"circlet_count":0,"master_deck":["AscendersBane","Strike_R","Strike_R","Strike_R","Strike_R","Defend_R","Defend_R","Defend_R","Defend_R","Bash","True Grit+1","Headbutt","Reaper","Flex","Seeing Red","Inflame","Combust","Cleave"],"relics":["SacredBark"],"acts_visited":["Exordium"],"potions_floor_usage":[5,12],"damage_taken":[{"damage":19,"enemies":"Jaw Worm","floor":1,"turns":4},{"damage":2,"enemies":"Small Slimes","floor":2,"turns":4},{"damage":3,"enemies":"2 Louse","floor":3,"turns":3},{"damage":35,"enemies":"Lots of Slimes","floor":4,"turns":6},{"damage":11,"enemies":"Large Slime","floor":5,"turns":9},{"damage":15,"enemies":"3 Louse","floor":8,"turns":4},{"damage":51,"enemies":"Lagavulin","floor":12,"turns":7}],"seed_played":"-2316674305725324523","potions_obtained":[{"floor":2,"key":"EssenceOfSteel"},{"floor":4,"key":"GamblersBrew"}],"is_trial":false,"path_per_floor":["M","M","M","M","M","R","$","M","T","$","?","E"],"character_chosen":"IRONCLAD","items_purchased":["Inflame","Cleave"],"campfire_rested":0,"item_purchase_floors":[7,10],"current_hp_per_floor":[49,47,44,29,26,26,26,29,29,29,29,0,0],"gold":7,"neow_bonus":"BOSS_RELIC","is_daily":false,"chose_seed":false,"campfire_upgraded":1,"win_rate":0.0,"timestamp":1612152668,"path_taken":["M","M","M","M","M","R","$","M","T","$","?","E"],"items_purchased_type":["Card","Card"],"build_version":"2020-12-22","purchased_purges":1,"victory":false,"max_hp_per_floor":[75,75,75,75,75,75,75,75,75,75,75,75,75],"relic_stats":{"counters":[7,37],"obtain_stats":[{"SacredBark":0,"Burning Blood":0},{"SacredBark":0,"Burning Blood":0},{"SacredBark":0,"Burning Blood":0}]},"card_choices":[{"not_picked":["Thunderclap","Sword Boomerang"],"picked":"True Grit","floor":1},{"not_picked":["Sword Boomerang","Cleave"],"picked":"Headbutt","floor":2},{"not_picked":["Havoc","Wild Strike"],"picked":"Reaper","floor":3},{"not_picked":["Armaments","Thunderclap"],"picked":"Flex","floor":4},{"not_picked":["Intimidate","Headbutt"],"picked":"Seeing Red","floor":5},{"not_picked":["Iron Wave","Warcry"],"picked":"Combust","floor":8}],"player_experience":1715303,"relics_obtained":[],"event_choices":[{"damage_healed":0,"gold_gain":0,"player_choice":"Ignored","damage_taken":0,"max_hp_gain":0,"max_hp_loss":0,"event_name":"Golden Wing","floor":11,"gold_loss":0}],"is_beta":false,"boss_relics":[],"items_purged_floors":[7],"is_endless":false,"potions_floor_spawned":[2,4],"killed_by":"Lagavulin","ascension_level":19}}