{"host":"yiuxawbvzhpm7ctb","time":1612153716,"event":{"mods":["AchievementEnabler","Act Like it!","Aspiration","BaseMod","Better Altar","Better Match","Better Note","Better Sensory Stone","Better Skull","Better Third Choice","Better Vampires","Colored Map","Conspire","Downfall","Emptier Cage","Halation","Hubris","Infinite Spire","Jedi Mod","Marisa????????","Minty Spire (QoL Compilation)","Pale of the Ancients","Reliquary","Replay The Spire","StSLib","The Jungle","Wandering Minibosses"],"gold_per_floor":[212,229,229,249,324,324,352,227,254,254,254,287,306,329,329,335,335],"floor_reached":16,"language":"ENG","playtime":579,"items_purged":["Strike_R"],"score":182,"play_id":"c252769d-2c4c-4a0b-845b-96d12fa3cfab","local_time":"20210131232836","is_ascension_mode":true,"campfire_choices":[{"floor":6.0,"key":"REST"},{"floor":15.0,"key":"REST"}],"circlet_count":0,"master_deck":["AscendersBane","Strike_R","Strike_R","Strike_R","Strike_R+1","Defend_R","Defend_R","Defend_R","Defend_R","Bash+1","Body Slam","Life Link","Clothesline","Twin Strike","Armaments","Shrug It Off"],"relics":["Burning Blood","halation:EternalFortune","Whetstone","Bag of Marbles","halation:IllGainedPizza"],"acts_visited":["Exordium"],"potions_floor_usage":[16,16],"damage_taken":[{"damage":14.0,"enemies":"Jaw Worm","floor":1.0,"turns":5.0},{"damage":0.0,"enemies":"Small Slimes","floor":2.0,"turns":3.0},{"damage":6.0,"enemies":"2 Louse","floor":4.0,"turns":4.0},{"damage":50.0,"enemies":"3 Sentries","floor":7.0,"turns":10.0},{"damage":20.0,"enemies":"Gremlin Nob","floor":12.0,"turns":3.0},{"damage":12.0,"enemies":"2 Fungi Beasts","floor":13.0,"turns":4.0},{"damage":14.0,"enemies":"Exordium Wildlife","floor":14.0,"turns":6.0},{"damage":67,"enemies":"Fading Forest","floor":16,"turns":8}],"seed_played":"-6038202752776483236","potions_obtained":[{"floor":2.0,"key":"Venom Potion"},{"floor":4.0,"key":"Strength Potion"},{"floor":7.0,"key":"Strength Potion"}],"is_trial":false,"path_per_floor":["M","M","?","M","?","R","E","$","T","?","?","E","M","M","R","B"],"character_chosen":"IRONCLAD","items_purchased":["Armaments"],"campfire_rested":2,"item_purchase_floors":[8],"current_hp_per_floor":[64,70,73,76,65,86,45,45,45,45,50,36,30,22,50,0,0],"gold":335,"neow_bonus":"HUNDRED_GOLD","is_daily":false,"chose_seed":false,"campfire_upgraded":0,"win_rate":0.0,"timestamp":1612153716,"path_taken":["M","M","?","M","?","R","E","$","T","?","?","E","M","M","R","BOSS"],"items_purchased_type":["Card"],"build_version":"2020-12-22","purchased_purges":1,"victory":false,"max_hp_per_floor":[80,80,83,86,86,86,89,89,89,89,94,94,94,94,94,94,94],"card_choices":[{"not_picked":["Run Through","Thunderclap"],"picked":"Body Slam","floor":1.0},{"not_picked":["Body Slam","Burning Pact"],"picked":"Life Link","floor":2.0},{"not_picked":["hubris:ReadiedAction","Twin Strike"],"picked":"Clothesline","floor":4.0},{"not_picked":["Abandon","Double Tap"],"picked":"Twin Strike","floor":7.0},{"not_picked":["Clash","Life Link"],"picked":"Shrug It Off","floor":12.0},{"not_picked":["Run Through","Ghostly Armor","Armaments"],"picked":"SKIP","floor":13.0},{"not_picked":["Twin Strike","Wild Strike","Shrug It Off"],"picked":"SKIP","floor":14.0}],"player_experience":609055,"relics_obtained":[{"floor":4.0,"key":"halation:EternalFortune"},{"floor":7.0,"key":"halation:EternalFortune"},{"floor":7.0,"key":"Whetstone"},{"floor":9.0,"key":"Bag of Marbles"},{"floor":12.0,"key":"halation:IllGainedPizza"}],"event_choices":[{"damage_healed":0.0,"max_hp_gain":0.0,"max_hp_loss":0.0,"gold_gain":75.0,"event_name":"betterThird:BetterGoop","player_choice":"Gold","floor":5.0,"gold_loss":0.0,"damage_taken":11.0},{"damage_healed":45.0,"max_hp_gain":0.0,"max_hp_loss":89.0,"gold_gain":0.0,"event_name":"betterThird:BetterShining","player_choice":"Leave","floor":10.0,"gold_loss":0.0,"damage_taken":0.0},{"damage_healed":0.0,"max_hp_gain":5.0,"max_hp_loss":0.0,"gold_gain":0.0,"event_name":"Big Fish","player_choice":"Donut","floor":11.0,"gold_loss":0.0,"damage_taken":0.0}],"is_beta":false,"boss_relics":[],"items_purged_floors":[8],"is_endless":false,"potions_floor_spawned":[2,4,7,14],"killed_by":"Fading Forest","ascension_level":13}}