{"host":"vumwfieg2b2mnrfl","time":1612216399,"event":{"mods":["AchievementEnabler","BaseMod","Minty Spire (QoL Compilation)","Rare Cards Sparkle","Relic Stats"],"gold_per_floor":[111,76,151,76,93,125,125,159,185,196,213,248,248,248,248],"floor_reached":14,"language":"ENG","playtime":465,"items_purged":["Defend_P"],"score":186,"play_id":"40733e2f-2e5b-4f0f-80d7-b6166f89ffc1","local_time":"20210201155319","is_ascension_mode":true,"campfire_choices":[{"floor":13,"key":"REST"}],"circlet_count":0,"master_deck":["Strike_P","Strike_P","Strike_P","Strike_P","Defend_P","Defend_P","Defend_P","Eruption","Vigilance","Omniscience","Indignation","FollowUp","FearNoEvil","EmptyFist","Protect","ReachHeaven","Halt"],"relics":["PureWater","Toy Ornithopter","Mango","Kunai","Oddly Smooth Stone","Mummified Hand"],"acts_visited":["Exordium"],"potions_floor_usage":[12],"damage_taken":[{"damage":7.0,"enemies":"Small Slimes","floor":1.0,"turns":4.0},{"damage":0.0,"enemies":"2 Louse","floor":5.0,"turns":1.0},{"damage":15.0,"enemies":"Gremlin Nob","floor":6.0,"turns":3.0},{"damage":41.0,"enemies":"3 Sentries","floor":8.0,"turns":11.0},{"damage":0.0,"enemies":"Jaw Worm","floor":10.0,"turns":2.0},{"damage":0.0,"enemies":"Exordium Wildlife","floor":11.0,"turns":3.0},{"damage":0,"enemies":"Gremlin Nob","floor":12,"turns":2},{"damage":34,"enemies":"Lagavulin","floor":14,"turns":6}],"seed_played":"-5847432216430815770","potions_obtained":[{"floor":1.0,"key":"Fire Potion"},{"floor":10.0,"key":"BottledMiracle"},{"floor":12,"key":"GamblersBrew"}],"is_trial":false,"path_per_floor":["M","?","?","$","M","E","?","E","T","M","M","E","R","E"],"character_chosen":"WATCHER","items_purchased":[],"campfire_rested":1,"item_purchase_floors":[],"current_hp_per_floor":[40,58,47,47,47,32,43,2,2,2,2,7,32,0,0],"gold":248,"neow_bonus":"THREE_RARE_CARDS","is_daily":false,"chose_seed":false,"campfire_upgraded":0,"win_rate":0.0,"timestamp":1612216399,"path_taken":["M","?","?","$","M","E","?","E","T","M","M","E","R","E"],"items_purchased_type":[],"build_version":"2020-12-22","purchased_purges":1,"victory":false,"max_hp_per_floor":[72,72,72,72,72,72,86,86,86,86,86,86,86,86,86],"relic_stats":{"counters":[8,32],"Mummified Hand":[0],"Kunai":[3],"obtain_stats":[{"Mummified Hand":12,"Oddly Smooth Stone":9,"Mango":7,"Kunai":8,"PureWater":0,"Toy Ornithopter":6},{"Mummified Hand":7,"Oddly Smooth Stone":4,"Mango":3,"Kunai":4,"PureWater":0,"Toy Ornithopter":3},{"Mummified Hand":26,"Oddly Smooth Stone":19,"Mango":8,"Kunai":19,"PureWater":0,"Toy Ornithopter":8}],"Toy Ornithopter":5},"card_choices":[{"not_picked":["Devotion","DevaForm"],"picked":"Omniscience","floor":0.0},{"not_picked":["Wireheading","FlyingSleeves"],"picked":"Indignation","floor":1.0},{"not_picked":["WreathOfFlame","Crescendo"],"picked":"FollowUp","floor":5.0},{"not_picked":["Vengeance","WaveOfTheHand"],"picked":"FearNoEvil","floor":6.0},{"not_picked":["Collect","WaveOfTheHand"],"picked":"EmptyFist","floor":8.0},{"not_picked":["SashWhip","FlurryOfBlows"],"picked":"Protect","floor":10.0},{"not_picked":["Crescendo","EmptyFist"],"picked":"ReachHeaven","floor":11.0},{"not_picked":["FlyingSleeves","Prostrate"],"picked":"Halt","floor":12}],"player_experience":509729,"relics_obtained":[{"floor":6.0,"key":"Toy Ornithopter"},{"floor":8.0,"key":"Kunai"},{"floor":9.0,"key":"Oddly Smooth Stone"},{"floor":12,"key":"Mummified Hand"}],"event_choices":[{"damage_healed":18.0,"max_hp_gain":0.0,"max_hp_loss":0.0,"gold_gain":0.0,"event_name":"The Cleric","player_choice":"Healed","floor":2.0,"gold_loss":35.0,"damage_taken":0.0},{"damage_healed":0.0,"max_hp_gain":0.0,"max_hp_loss":0.0,"gold_gain":75.0,"event_name":"World of Goop","player_choice":"Gather Gold","floor":3.0,"gold_loss":0.0,"damage_taken":11.0},{"damage_healed":0.0,"max_hp_gain":0.0,"max_hp_loss":0.0,"gold_gain":0.0,"event_name":"Scrap Ooze","player_choice":"Success","floor":7.0,"gold_loss":0.0,"damage_taken":3.0,"relics_obtained":["Mango"]}],"is_beta":false,"boss_relics":[],"items_purged_floors":[4],"is_endless":false,"potions_floor_spawned":[1,10,12],"killed_by":"Lagavulin","ascension_level":8}}