{"host":"qhhcmep1unj6mpf7","time":1612175795,"event":{"mods":["2.2 Compatiblity","AchievementEnabler","BaseMod","Colored Map","DeckTracker","Highlight Path","Keyboard Shortcuts","Minty Spire (QoL Compilation)","Permanent Neow","Quick Restart","Random Character Button","StSLib","SuperFastMode","everything is the same but u backflip on backflip"],"gold_per_floor":[116,132,57,132,148,148,164,184,207,207,207,221,236,256,256,256,256],"floor_reached":16,"language":"KOR","playtime":516,"items_purged":["Defend_B"],"score":96,"play_id":"feba5802-d458-4707-a45e-a8b00eb7bc7f","local_time":"20210201193635","is_ascension_mode":false,"campfire_choices":[{"data":"Zap","floor":6,"key":"SMITH"},{"data":"Chaos","floor":10,"key":"SMITH"},{"data":"Turbo","floor":15,"key":"SMITH"}],"circlet_count":0,"master_deck":["Strike_B","Strike_B","Defend_B","Defend_B","Defend_B","Zap+1","Dualcast","Seek+1","Meteor Strike","Reinforced Body","Self Repair","Chaos+1","Hologram","Turbo+1"],"relics":["Cracked Core","Nunchaku"],"acts_visited":["Exordium"],"potions_floor_usage":[],"damage_taken":[{"damage":1,"enemies":"2 Louse","floor":1,"turns":2},{"damage":0,"enemies":"Small Slimes","floor":2,"turns":4},{"damage":0,"enemies":"Cultist","floor":5,"turns":5},{"damage":9,"enemies":"3 Louse","floor":7,"turns":4},{"damage":0,"enemies":"Blue Slaver","floor":8,"turns":4},{"damage":5,"enemies":"Exordium Wildlife","floor":12,"turns":3},{"damage":5,"enemies":"Looter","floor":13,"turns":4},{"damage":5,"enemies":"Red Slaver","floor":14,"turns":4},{"damage":61,"enemies":"The Guardian","floor":16,"turns":11}],"seed_played":"9066345533700347113","potions_obtained":[{"floor":1,"key":"Block Potion"},{"floor":8,"key":"SpeedPotion"},{"floor":12,"key":"PowerPotion"}],"is_trial":false,"path_per_floor":["M","M","$","?","M","R","M","M","T","R","?","M","M","M","R","B"],"character_chosen":"DEFECT","items_purchased":[],"campfire_rested":0,"item_purchase_floors":[],"current_hp_per_floor":[53,53,53,42,49,49,47,54,54,54,54,56,58,60,60,0,0],"gold":256,"neow_bonus":"TRANSFORM_TWO_CARDS","is_daily":false,"chose_seed":false,"campfire_upgraded":3,"win_rate":0.0,"timestamp":1612175795,"path_taken":["M","M","$","?","M","R","M","M","T","R","?","M","?","M","R","BOSS"],"items_purchased_type":[],"build_version":"2020-12-22","purchased_purges":1,"victory":false,"max_hp_per_floor":[75,75,75,75,75,75,75,75,75,75,75,75,75,75,75,75,75],"card_choices":[{"not_picked":["Static Discharge","Sunder"],"picked":"Reinforced Body","floor":1},{"not_picked":["Fusion","Barrage"],"picked":"Self Repair","floor":2},{"not_picked":["Fusion","Stack","Gash"],"picked":"SKIP","floor":5},{"not_picked":["White Noise","Melter","Rebound"],"picked":"SKIP","floor":7},{"not_picked":["White Noise","Melter","Rebound"],"picked":"SKIP","floor":7},{"not_picked":["White Noise","Melter","Rebound"],"picked":"SKIP","floor":7},{"not_picked":["Electrodynamics","Genetic Algorithm"],"picked":"Chaos","floor":8},{"not_picked":["Compile Driver","Rebound"],"picked":"Hologram","floor":12},{"not_picked":["Sunder","Go for the Eyes","Beam Cell"],"picked":"SKIP","floor":13},{"not_picked":["Cold Snap","Loop"],"picked":"Turbo","floor":14}],"player_experience":77902,"relics_obtained":[{"floor":9,"key":"Nunchaku"}],"event_choices":[{"damage_healed":0,"gold_gain":75,"player_choice":"Gather Gold","damage_taken":11,"max_hp_gain":0,"max_hp_loss":0,"event_name":"World of Goop","floor":4,"gold_loss":0},{"damage_healed":0,"gold_gain":0,"player_choice":"Upgraded","damage_taken":0,"max_hp_gain":0,"max_hp_loss":0,"event_name":"Upgrade Shrine","floor":11,"gold_loss":0,"cards_upgraded":["Seek"]}],"is_beta":false,"boss_relics":[],"items_purged_floors":[3],"is_endless":false,"potions_floor_spawned":[1,8,12,14],"killed_by":"The Guardian","ascension_level":0}}