{"host":"xt8a2gaayqxupton","time":1612207155,"event":{"mods":["2.2 Compatiblity","Abigail Mod","AchievementEnabler","Act Like it!","Arknights","BaseMod","CapriCore","Chen","Colored Map","Dota2Spire","Gensokyo","GungeonMod","Hallownest","Koishi","KomeijiMod","Lobotomy","Marisa£¨Ùöéë¡¡Øª×âÞÞ£©","Minty Spire (QoL Compilation)","Reimu£¨ÚÏ???£©","StSLib","The Administrix","The Animator","The Bug Knight","The Immortal","Yakumo Yukari mod","Yuyuko"],"gold_per_floor":[116,149,163,176,187,214,225,236,236,92,102,102,102,27,27,126,126,144,144,144,156,156,185,167,167,193,193,226,226,78,78,78,174,174,185,204,216,135,190,218,218,229,256,256,256,256,256,315,315,375,375],"floor_reached":52,"language":"KOR","playtime":2301,"items_purged":["Pain"],"score":831,"play_id":"c3c327ed-06d8-4719-a36b-5e91ddabaef3","local_time":"20210202041915","is_ascension_mode":false,"campfire_choices":[{"data":"ats:Rat Pack","floor":15.0,"key":"SMITH"},{"data":"ats:Rapid Magazine","floor":25.0,"key":"SMITH"},{"floor":32,"key":"REST"},{"floor":41,"key":"REST"},{"floor":44,"key":"REST"},{"data":"ats:Composite Medical Shells","floor":47,"key":"SMITH"},{"floor":49,"key":"REST"}],"circlet_count":0,"master_deck":["ats:Powerful Strike","ats:Powerful Strike","ats:Armor Crushing Shot","Madness","Madness","Madness","Madness","ats:Emotion Absorption","ats:Emotion Absorption","ats:Sunburst","ats:Very Hot Blade","ats:Red Shift","ats:Explosion Area Strengthen","ats:Poison Spread","ats:Nebulous Foxfire","ats:Poison Spread","ats:Rat Pack+1","ats:Rapid Magazine+1","ats:Charging Defense","Injury","CurseOfTheBell","ats:Poison Spread","ats:Shell Defense+1","ats:True Silver Slash","ats:Ambush","ats:Consecutive Shot Auto","ats:Hammer On+1","ats:Composite Medical Shells+1","ats:Assault Order+1","ats:Absolute Focus+1","ats:Hook Shot"],"relics":["ats:Sanity","DemoMod:DecoyRelic","DemoMod:PoisonVial","HornCleat","Lee\u0027s Waffle","ats:Military Tradition","Gensokyo:LunaticRedEyes","Calling Bell","Dota2Spire:Vanguard","DemoMod:Bottle","DemoMod:Antibody","Gensokyo:MosesMiracle","Art of War","ats:Originium","Bottled Flame","Juzu Bracelet","DemoMod:RiddleOfLead","CatCart","Lantern","Dota2Spire:HandOfMidas","Dota2Spire:PhaseBoots"],"acts_visited":["Gensokyo:Gensokyo","Gensokyo:Gensokyoer","TheBeyond"],"potions_floor_usage":[33,33,39,50,50,50,50],"damage_taken":[{"damage":0.0,"enemies":"Gensokyo:3_Fairies","floor":1.0,"turns":4.0},{"damage":13.0,"enemies":"Gensokyo:Mamizou","floor":2.0,"turns":9.0},{"damage":2.0,"enemies":"Gensokyo:2_Kodama","floor":3.0,"turns":3.0},{"damage":6.0,"enemies":"Gensokyo:Gryphon","floor":4.0,"turns":2.0},{"damage":1.0,"enemies":"Gensokyo:Python_and_Kodama","floor":5.0,"turns":4.0},{"damage":11.0,"enemies":"Gensokyo:Mamizou","floor":6.0,"turns":7.0},{"damage":2.0,"enemies":"Gensokyo:2_Rabbits","floor":7.0,"turns":3.0},{"damage":0.0,"enemies":"Gensokyo:LivingMonolith","floor":8.0,"turns":3.0},{"damage":0.0,"enemies":"Gensokyo:VengefulSpirit","floor":11.0,"turns":3.0},{"damage":33.0,"enemies":"Gensokyo:Kokoro","floor":16.0,"turns":14.0},{"damage":33.0,"enemies":"Gensokyo:3_Dogs","floor":18.0,"turns":5.0},{"damage":2.0,"enemies":"Gensokyo:Chomper","floor":21.0,"turns":4.0},{"damage":38.0,"enemies":"Gensokyo:Tenshi","floor":23.0,"turns":7.0},{"damage":54.0,"enemies":"Gensokyo:Koishi","floor":28.0,"turns":10.0},{"damage":75,"enemies":"Gensokyo:Eiki","floor":33,"turns":11},{"damage":15,"enemies":"Orb Walker","floor":35,"turns":4},{"damage":0,"enemies":"3 Shapes","floor":36,"turns":4},{"damage":0,"enemies":"Jaw Worm Horde","floor":37,"turns":4},{"damage":47,"enemies":"Orin","floor":39,"turns":10},{"damage":15,"enemies":"Reptomancer","floor":40,"turns":7},{"damage":42,"enemies":"4 Shapes","floor":42,"turns":5},{"damage":45,"enemies":"Giant Head","floor":48,"turns":8},{"damage":7,"enemies":"Awakened One","floor":50,"turns":13}],"seed_played":"3564008555406731645","potions_obtained":[{"floor":1.0,"key":"MagicPotion:ReiMu"},{"floor":4.0,"key":"LiquidMemories"},{"floor":7.0,"key":"Explosive Potion"},{"floor":18.0,"key":"Dota2Spire:Clarity"},{"floor":28,"key":"GamblersBrew"},{"floor":39,"key":"PanachePotion"},{"floor":42,"key":"Weak Potion"},{"floor":48,"key":"Regen Potion"}],"is_trial":false,"path_per_floor":["M","?","M","M","M","E","M","M","T","$","M","?","?","$","R","B",null,"M","?","?","M","?","E","?","R","T","R","E","T","$","?","R","B",null,"M","M","M","$","?","E","R","M","T","R","?","?","R","E","R","B",null,null],"character_chosen":"DOCTOR_CLASS","items_purchased":["Lee\u0027s Waffle","ats:True Silver Slash","ats:Composite Medical Shells"],"campfire_rested":4,"item_purchase_floors":[10,30,38],"current_hp_per_floor":[72,59,57,51,50,44,44,47,47,79,79,79,79,79,79,51,79,48,63,63,67,67,34,79,79,79,79,25,25,25,25,48,9,89,74,80,80,80,40,34,60,18,18,44,44,44,44,37,89,89,89],"gold":375,"neow_bonus":"TRANSFORM_CARD","is_daily":false,"chose_seed":false,"campfire_upgraded":3,"win_rate":0.0,"timestamp":1612207155,"path_taken":["M","?","M","?","?","E","M","M","T","$","M","?","?","$","R","BOSS","M","?","?","?","?","E","?","R","T","R","E","?","$","?","R","BOSS","M","M","M","?","?","E","R","M","T","R","?","?","R","E","R","BOSS"],"items_purchased_type":["Relic","Card","Card"],"build_version":"2020-12-22","purchased_purges":1,"victory":true,"max_hp_per_floor":[72,72,72,72,72,72,72,72,72,79,79,79,79,79,79,79,79,79,79,79,79,79,79,79,79,79,79,79,79,79,79,79,79,89,89,89,89,89,89,89,89,89,89,89,89,89,89,89,89,89,89],"card_choices":[{"not_picked":["ats:Encircling Forest","ats:Flexible Camouflage"],"picked":"ats:Very Hot Blade","floor":1.0},{"not_picked":["ats:Assault Order","ats:Shell Defense"],"picked":"ats:Red Shift","floor":2.0},{"not_picked":["ats:Assault Order","ats:Red Shift"],"picked":"ats:Explosion Area Strengthen","floor":3.0},{"not_picked":["ats:Automatic Cover","ats:Red Shift"],"picked":"ats:Poison Spread","floor":4.0},{"not_picked":["ats:Explosion Area Strengthen","ats:Red Shift"],"picked":"ats:Nebulous Foxfire","floor":5.0},{"not_picked":["ats:Curse Doll","ats:Automatic Cover"],"picked":"ats:Poison Spread","floor":6.0},{"not_picked":["ats:Cat Scratch","ats:Assault Order"],"picked":"ats:Rat Pack","floor":7.0},{"not_picked":["ats:Shell Defense","ats:Poison Spread"],"picked":"ats:Rapid Magazine","floor":8.0},{"not_picked":["ats:Curse Doll","ats:Just Like an Apocalypse"],"picked":"ats:Charging Defense","floor":11.0},{"not_picked":["ats:Charging Defense","ats:Cat Scratch"],"picked":"ats:Flexible Camouflage","floor":18.0},{"not_picked":["ats:Just Like an Apocalypse","ats:Counter Healing Mode","ats:Explosion Area Strengthen"],"picked":"SKIP","floor":21.0},{"not_picked":["ats:Rat Pack","ats:Spore Proliferation"],"picked":"ats:Poison Spread","floor":23.0},{"not_picked":["ats:Mental Burst","ats:Composite Medical Shells"],"picked":"ats:Shell Defense+1","floor":28},{"not_picked":["ats:Nebulous Foxfire","ats:Roar Of Ursus"],"picked":"ats:Ambush","floor":33},{"not_picked":["ats:Collapsing Strike","ats:Revitalization+1","ats:Shell Defense"],"picked":"SKIP","floor":35},{"not_picked":["ats:Blood Oath+1","ats:Leaping Hammer+1"],"picked":"ats:Consecutive Shot Auto","floor":36},{"not_picked":["ats:Flexible Camouflage+1","ats:Cat Scratch+1"],"picked":"ats:Hammer On+1","floor":37},{"not_picked":["ats:Shadow Raid","ats:Cat Scratch+1"],"picked":"ats:Assault Order+1","floor":39},{"not_picked":["ats:Guard Mode","ats:Closed Bolt Burst Fire+1"],"picked":"ats:Absolute Focus+1","floor":40},{"not_picked":["ats:Flame Of Heaven","ats:Beaten Up+1","ats:True Silver Slash"],"picked":"SKIP","floor":42},{"not_picked":["ats:Sashimi Platter","ats:Apocalypse+1"],"picked":"ats:Hook Shot","floor":48}],"player_experience":584404,"relics_obtained":[{"floor":2.0,"key":"DemoMod:DecoyRelic"},{"floor":6.0,"key":"DemoMod:PoisonVial"},{"floor":9.0,"key":"HornCleat"},{"floor":17.0,"key":"Dota2Spire:Vanguard"},{"floor":17.0,"key":"DemoMod:Bottle"},{"floor":17.0,"key":"DemoMod:Antibody"},{"floor":23.0,"key":"Art of War"},{"floor":27.0,"key":"ats:Originium"},{"floor":28,"key":"Gensokyo:MosesMiracle"},{"floor":28,"key":"Bottled Flame"},{"floor":29,"key":"Juzu Bracelet"},{"floor":39,"key":"CatCart"},{"floor":40,"key":"ats:Originium"},{"floor":40,"key":"Lantern"},{"floor":43,"key":"Dota2Spire:HandOfMidas"},{"floor":48,"key":"ats:Originium"},{"floor":48,"key":"Dota2Spire:PhaseBoots"}],"event_choices":[{"damage_healed":0,"gold_gain":0,"player_choice":"Fight","damage_taken":0,"max_hp_gain":0,"max_hp_loss":0,"event_name":"OrinTheCat","floor":39,"gold_loss":0},{"cards_removed":["Confused"],"damage_healed":0,"gold_gain":0,"player_choice":"Purged","damage_taken":0,"max_hp_gain":0,"max_hp_loss":0,"event_name":"Purifier","floor":46,"gold_loss":0}],"is_beta":false,"boss_relics":[{"not_picked":["Runic Dome","Pandora\u0027s Box"],"picked":"Calling Bell"},{"not_picked":["ats:Tactical Delivery","Dota2Spire:Bloodstone"],"picked":"DemoMod:RiddleOfLead"}],"items_purged_floors":[14],"is_endless":false,"potions_floor_spawned":[1,4,7,18,28,39,42,48],"ascension_level":0}}