{"host":"9n6i2vl93jt4o42q","time":1612174038,"event":{"mods":["BaseMod","Minty Spire (QoL Compilation)","Relic Stats"],"gold_per_floor":[119,119,132,132,16,16,57,57,57,57,81,81,104,17,17,106,106,122,163,213,229,229,229,229],"floor_reached":23,"language":"ENG","playtime":1337,"items_purged":[],"score":424,"play_id":"d4d1706c-a7a8-49a2-b381-d926acc78331","local_time":"20210201110718","is_ascension_mode":true,"campfire_choices":[{"data":"Tools of the Trade","floor":6.0,"key":"SMITH"},{"data":"Sucker Punch","floor":10,"key":"SMITH"},{"data":"Corpse Explosion","floor":12,"key":"SMITH"},{"data":"Underhanded Strike","floor":15,"key":"SMITH"}],"circlet_count":0,"master_deck":["AscendersBane","Strike_G","Strike_G","Strike_G","Strike_G","Strike_G","Defend_G","Defend_G","Defend_G","Defend_G","Survivor","Neutralize","Blade Dance","Tools of the Trade+1","Reflex","Poisoned Stab","Sucker Punch+1","Dagger Throw","Corpse Explosion+1","Underhanded Strike+1","Catalyst","Burst","CurseOfTheBell","Venomology","Dagger Spray+1"],"relics":["Ring of the Snake","NeowsBlessing","Golden Idol","Strawberry","Smiling Mask","Calling Bell","Juzu Bracelet","HornCleat","Mango","Red Mask"],"acts_visited":["Exordium","TheCity"],"potions_floor_usage":[18,23,23],"damage_taken":[{"damage":0.0,"enemies":"2 Louse","floor":1.0,"turns":1.0},{"damage":0.0,"enemies":"Small Slimes","floor":3.0,"turns":1.0},{"damage":0.0,"enemies":"Gremlin Nob","floor":7.0,"turns":1.0},{"damage":4,"enemies":"Jaw Worm","floor":11,"turns":2},{"damage":11,"enemies":"Looter","floor":13,"turns":2},{"damage":48,"enemies":"Hexaghost","floor":16,"turns":10},{"damage":21,"enemies":"Spheric Guardian","floor":18,"turns":7},{"damage":22,"enemies":"Masked Bandits","floor":19,"turns":3},{"damage":7,"enemies":"Chosen","floor":21,"turns":5},{"damage":36,"enemies":"Gremlin Leader","floor":23,"turns":5}],"seed_played":"3614892035878061690","potions_obtained":[{"floor":3.0,"key":"Block Potion"},{"floor":7.0,"key":"FearPotion"},{"floor":16,"key":"PowerPotion"}],"is_trial":false,"path_per_floor":["M","?","M","?","$","R","E","?","T","R","M","R","M","$","R","B",null,"M","?","?","M","?","E"],"character_chosen":"THE_SILENT","items_purchased":["Poisoned Stab","Sucker Punch","Catalyst"],"campfire_rested":0,"item_purchase_floors":[5,5,14],"current_hp_per_floor":[59,59,59,59,59,59,66,66,66,66,62,62,51,51,51,3,65,44,22,22,15,31,0,0],"gold":229,"neow_bonus":"THREE_ENEMY_KILL","is_daily":false,"chose_seed":false,"campfire_upgraded":4,"win_rate":0.0,"timestamp":1612174038,"path_taken":["M","?","M","?","?","R","E","?","T","R","M","R","M","?","R","BOSS","M","?","?","M","?","E"],"items_purchased_type":["Card","Card","Card"],"build_version":"2020-12-22","purchased_purges":0,"victory":false,"max_hp_per_floor":[66,66,66,60,60,60,67,67,67,67,67,67,67,67,67,67,81,81,81,81,81,81,81,81],"relic_stats":{"counters":[10,37],"Golden Idol":50,"Juzu Bracelet":2,"Smiling Mask":0,"obtain_stats":[{"Calling Bell":17,"HornCleat":17,"NeowsBlessing":0,"Golden Idol":4,"Strawberry":7,"Mango":17,"Juzu Bracelet":17,"Red Mask":19,"Smiling Mask":9,"Ring of the Snake":0},{"Calling Bell":6,"HornCleat":6,"NeowsBlessing":0,"Golden Idol":2,"Strawberry":3,"Mango":6,"Juzu Bracelet":6,"Red Mask":8,"Smiling Mask":3,"Ring of the Snake":0},{"Calling Bell":17,"HornCleat":17,"NeowsBlessing":0,"Golden Idol":2,"Strawberry":3,"Mango":17,"Juzu Bracelet":17,"Red Mask":27,"Smiling Mask":3,"Ring of the Snake":0}],"Ring of the Snake":[20]},"card_choices":[{"not_picked":["Predator","Outmaneuver"],"picked":"Blade Dance","floor":1.0},{"not_picked":["Acrobatics","Dagger Throw"],"picked":"Reflex","floor":3.0},{"not_picked":["Acrobatics","Expertise"],"picked":"Dagger Throw","floor":7.0},{"not_picked":["Dagger Throw","Caltrops"],"picked":"Corpse Explosion","floor":11},{"not_picked":["Caltrops","Acrobatics"],"picked":"Underhanded Strike","floor":13},{"not_picked":["Corpse Explosion","Tools of the Trade"],"picked":"Burst","floor":16},{"not_picked":["Sucker Punch+1","Prepared","Dagger Spray"],"picked":"SKIP","floor":18},{"not_picked":["Flechettes","Dagger Throw"],"picked":"Venomology","floor":19},{"not_picked":["Blade Dance+1","Bane"],"picked":"Dagger Spray+1","floor":21}],"player_experience":2373456,"relics_obtained":[{"floor":7.0,"key":"Strawberry"},{"floor":9,"key":"Smiling Mask"},{"floor":17,"key":"Juzu Bracelet"},{"floor":17,"key":"HornCleat"},{"floor":17,"key":"Mango"},{"floor":19,"key":"Red Mask"}],"event_choices":[{"damage_healed":0.0,"max_hp_gain":0.0,"max_hp_loss":0.0,"gold_gain":0.0,"cards_transformed":["Defend_G"],"event_name":"Living Wall","player_choice":"Change","floor":2.0,"gold_loss":0.0,"damage_taken":0.0,"cards_obtained":["Tools of the Trade"]},{"damage_healed":0.0,"max_hp_gain":0.0,"max_hp_loss":6.0,"gold_gain":0.0,"event_name":"Golden Idol","player_choice":"Lose Max HP","floor":4.0,"gold_loss":0.0,"damage_taken":0.0,"relics_obtained":["Golden Idol"]},{"damage_healed":0,"gold_gain":0,"player_choice":"Leave","damage_taken":0,"max_hp_gain":0,"max_hp_loss":0,"event_name":"The Cleric","floor":8,"gold_loss":0},{"damage_healed":0,"gold_gain":0,"player_choice":"Fought Bandits","damage_taken":0,"max_hp_gain":0,"max_hp_loss":0,"event_name":"Masked Bandits","floor":19,"gold_loss":0},{"damage_healed":0,"gold_gain":100,"player_choice":"Bet on Murderer","damage_taken":0,"max_hp_gain":0,"max_hp_loss":0,"event_name":"The Joust","floor":20,"gold_loss":50},{"damage_healed":16,"gold_gain":0,"player_choice":"Heal","damage_taken":0,"max_hp_gain":0,"max_hp_loss":0,"event_name":"The Library","floor":22,"gold_loss":0}],"is_beta":false,"boss_relics":[{"not_picked":["Ring of the Serpent","Fusion Hammer"],"picked":"Calling Bell"}],"items_purged_floors":[],"is_endless":false,"potions_floor_spawned":[3,7,16,21],"killed_by":"Gremlin Leader","ascension_level":20}}