{"host":"jhohbi8xmmotmpw6","time":1612162348,"event":{"mods":["BaseMod","Downfall","Hermit","Hubris","Minty Spire (QoL Compilation)","Reliquary","Replay The Spire","Spicy Shops","StSLib"],"gold_per_floor":[114,64,12,12,12,32,32,207,207,245,245,266,266,304,304,304,304],"floor_reached":16,"language":"ENG","playtime":466,"items_purged":[],"score":131,"play_id":"cf4282f7-8c14-4d73-a899-cd69822035e7","local_time":"20210201195228","is_ascension_mode":false,"campfire_choices":[{"data":"hermit:Strike_Hermit","floor":7,"key":"SMITH"},{"data":"hermit:CalledShot","floor":11,"key":"SMITH"},{"data":"hermit:FullyLoaded","floor":13,"key":"SMITH"},{"data":"hermit:Snipe","floor":15,"key":"SMITH"}],"circlet_count":0,"master_deck":["hermit:Strike_Hermit+1","hermit:Strike_Hermit+1","hermit:Strike_Hermit+1","hermit:Defend_Hermit","hermit:Defend_Hermit","hermit:Defend_Hermit+1","hermit:Defend_Hermit","hermit:Snapshot","hermit:Covet","hermit:CalledShot+1","Injury","hermit:FullyLoaded+1","Doubt","hermit:Spite","hermit:Snipe+1","hermit:BigShot"],"relics":["hermit:Momento","NeowsBlessing","Golden Idol","Oddly Smooth Stone","Whetstone","Gremlin Horn"],"acts_visited":["Exordium"],"potions_floor_usage":[16,16],"damage_taken":[{"damage":0,"enemies":"Small Slimes","floor":1,"turns":1},{"damage":0,"enemies":"Jaw Worm","floor":6,"turns":1},{"damage":0,"enemies":"3 Sentries","floor":10,"turns":2},{"damage":11,"enemies":"2 Louse","floor":12,"turns":2},{"damage":24,"enemies":"Replay:BlueRogue","floor":14,"turns":5},{"damage":57,"enemies":"Hexaghost","floor":16,"turns":9}],"seed_played":"5962173789342927488","potions_obtained":[{"floor":1,"key":"Regen Potion"},{"floor":6,"key":"champ:CounterPotion"}],"is_trial":false,"path_per_floor":["M","?","$","?","?","M","R","?","T","E","R","M","R","E","R","B"],"character_chosen":"HERMIT","items_purchased":["hermit:CalledShot"],"campfire_rested":0,"item_purchase_floors":[3],"current_hp_per_floor":[75,75,75,75,75,75,75,75,75,75,75,64,64,40,40,0,0],"gold":304,"neow_bonus":"THREE_ENEMY_KILL","is_daily":false,"chose_seed":false,"campfire_upgraded":4,"win_rate":0.0,"timestamp":1612162348,"path_taken":["M","?","?","?","?","M","R","?","T","E","R","M","R","E","R","BOSS"],"items_purchased_type":["Card"],"build_version":"2020-12-22","purchased_purges":0,"victory":false,"max_hp_per_floor":[75,75,75,75,75,75,75,75,75,75,75,75,75,75,75,75,75],"card_choices":[{"not_picked":["hermit:LuckOfTheDraw","hermit:TakeCover","hermit:Dive"],"picked":"SKIP","floor":1},{"not_picked":["hermit:TrackingShot","hermit:CalledShot"],"picked":"hermit:FullyLoaded","floor":6},{"not_picked":["hermit:Virtue","hermit:Horror"],"picked":"hermit:Spite","floor":10},{"not_picked":["hermit:Feint","hermit:Glare"],"picked":"hermit:Snipe","floor":12},{"not_picked":["hermit:LoneWolf","hermit:Combo"],"picked":"hermit:BigShot","floor":14}],"player_experience":126960,"relics_obtained":[{"floor":9,"key":"Oddly Smooth Stone"},{"floor":10,"key":"Whetstone"},{"floor":14,"key":"Gremlin Horn"}],"event_choices":[{"cards_removed":["hermit:Strike_Hermit"],"damage_healed":0,"gold_gain":0,"player_choice":"Card Removal","damage_taken":0,"max_hp_gain":0,"max_hp_loss":0,"event_name":"The Cleric","floor":2,"gold_loss":50},{"damage_healed":0,"gold_gain":0,"player_choice":"Take Wound","damage_taken":0,"relics_obtained":["Golden Idol"],"max_hp_gain":0,"max_hp_loss":0,"event_name":"Golden Idol","floor":4,"gold_loss":0,"cards_obtained":["Injury"]},{"damage_healed":0,"gold_gain":175,"player_choice":"AGREE","damage_taken":0,"max_hp_gain":0,"max_hp_loss":0,"event_name":"Liars Game","floor":8,"gold_loss":0,"cards_obtained":["Doubt"]}],"is_beta":false,"boss_relics":[],"items_purged_floors":[],"is_endless":false,"potions_floor_spawned":[1,6],"killed_by":"Hexaghost","ascension_level":0}}