{"host":"c3lc60y5x60jlt1y","time":1612215779,"event":{"mods":["AchievementEnabler","BaseMod","Bestiary","Colored Map","Minty Spire (QoL Compilation)","Quick Restart","StSLib","ojb\u0027s Info Mod"],"gold_per_floor":[111,111,30,105,30,30,45,74,74,48,48,78,92,102,102,176,176,188,207,207,257,273,273,302,302,302,313,342,353,353,397,397,397,397],"floor_reached":33,"language":"ENG","playtime":2215,"items_purged":["Defend_P"],"score":776,"play_id":"3daf705f-fb1b-4094-87ec-f0f3159a0312","local_time":"20210201234259","is_ascension_mode":true,"campfire_choices":[{"data":"Eruption","floor":6.0,"key":"SMITH"},{"data":"DeceiveReality","floor":11.0,"key":"SMITH"},{"data":"Vigilance","floor":15.0,"key":"SMITH"},{"data":"Vault","floor":23,"key":"SMITH"},{"data":"Devotion","floor":25,"key":"SMITH"},{"floor":30,"key":"REST"},{"floor":32,"key":"REST"}],"circlet_count":0,"master_deck":["AscendersBane","Strike_P","Strike_P","Strike_P","Defend_P","Eruption+1","Vigilance+1","DeceiveReality+1","FearNoEvil+1","JustLucky+1","WheelKick+1","FlyingSleeves+1","FlurryOfBlows+1","BowlingBash+1","CutThroughFate+1","Vault+1","MentalFortress+1","Consecrate+1","ClearTheMind+1","MentalFortress","Writhe","WaveOfTheHand","Devotion+1","EmptyMind","EmptyFist+1","CrushJoints+1","TalkToTheHand+1"],"relics":["PureWater","NeowsBlessing","Molten Egg 2","Bronze Scales","Lantern","MealTicket","Astrolabe","Kunai","Omamori","Mercury Hourglass","Damaru","CeramicFish"],"acts_visited":["Exordium","TheCity"],"potions_floor_usage":[24,28,31],"damage_taken":[{"damage":0.0,"enemies":"Jaw Worm","floor":1.0,"turns":1.0},{"damage":0.0,"enemies":"Small Slimes","floor":7.0,"turns":1.0},{"damage":0.0,"enemies":"3 Sentries","floor":8.0,"turns":2.0},{"damage":0.0,"enemies":"Lagavulin","floor":12.0,"turns":6.0},{"damage":0.0,"enemies":"2 Louse","floor":13.0,"turns":2.0},{"damage":0.0,"enemies":"Red Slaver","floor":14.0,"turns":2.0},{"damage":17.0,"enemies":"The Guardian","floor":16.0,"turns":9.0},{"damage":4,"enemies":"2 Thieves","floor":18,"turns":4},{"damage":0,"enemies":"Spheric Guardian","floor":19,"turns":3},{"damage":5,"enemies":"Snecko","floor":22,"turns":5},{"damage":10,"enemies":"Book of Stabbing","floor":24,"turns":4},{"damage":20,"enemies":"Cultist and Chosen","floor":27,"turns":5},{"damage":2,"enemies":"Gremlin Leader","floor":28,"turns":5},{"damage":0,"enemies":"Snake Plant","floor":29,"turns":2},{"damage":0,"enemies":"Slavers","floor":31,"turns":3},{"damage":63,"enemies":"Champ","floor":33,"turns":9}],"seed_played":"766831429021370478","potions_obtained":[{"floor":14.0,"key":"SkillPotion"},{"floor":16.0,"key":"EssenceOfSteel"},{"floor":18,"key":"Fire Potion"},{"floor":24,"key":"SpeedPotion"},{"floor":27,"key":"LiquidMemories"},{"floor":31,"key":"Fire Potion"}],"is_trial":false,"path_per_floor":["M","?","$","?","$","R","M","E","T","$","R","E","M","M","R","B",null,"M","M","?","?","M","R","E","R","T","M","E","M","R","E","R","B"],"character_chosen":"WATCHER","items_purchased":["FearNoEvil+1","FlyingSleeves+1"],"campfire_rested":2,"item_purchase_floors":[3,10],"current_hp_per_floor":[61,43,43,32,32,32,32,32,32,32,32,32,32,32,32,15,55,51,51,51,45,40,40,30,30,30,10,8,8,28,28,48,0,0],"gold":397,"neow_bonus":"THREE_ENEMY_KILL","is_daily":false,"chose_seed":false,"campfire_upgraded":5,"win_rate":0.0,"timestamp":1612215779,"path_taken":["M","?","$","?","?","R","M","E","T","$","R","E","M","?","R","BOSS","M","M","?","?","M","R","E","R","T","M","E","?","R","E","R","BOSS"],"items_purchased_type":["Card","Card"],"build_version":"2020-12-22","purchased_purges":1,"victory":false,"max_hp_per_floor":[68,68,68,68,68,68,68,68,68,68,68,68,68,68,68,68,68,68,68,68,68,68,68,68,68,68,68,68,68,68,68,68,68,68],"card_choices":[{"not_picked":["ThirdEye","ClearTheMind"],"picked":"DeceiveReality","floor":1.0},{"not_picked":["Protect","DeceiveReality"],"picked":"JustLucky+1","floor":7.0},{"not_picked":["EmptyFist+1","JustLucky+1"],"picked":"WheelKick+1","floor":8.0},{"not_picked":["Wish","JustLucky+1"],"picked":"FlurryOfBlows+1","floor":12.0},{"not_picked":["ThirdEye","ClearTheMind"],"picked":"BowlingBash+1","floor":13.0},{"not_picked":["Halt","WreathOfFlame"],"picked":"CutThroughFate+1","floor":14.0},{"not_picked":["Devotion","SpiritShield"],"picked":"Vault","floor":16.0},{"not_picked":["Protect","ForeignInfluence","Evaluate"],"picked":"SKIP","floor":18},{"not_picked":["Weave+1","FollowUp+1"],"picked":"MentalFortress","floor":19},{"not_picked":["Nirvana+1","CutThroughFate+1"],"picked":"WaveOfTheHand","floor":22},{"not_picked":["MentalFortress","ClearTheMind"],"picked":"Devotion","floor":24},{"not_picked":["WindmillStrike+1","EmptyBody"],"picked":"EmptyMind","floor":27},{"not_picked":["ThirdEye","FollowUp+1"],"picked":"EmptyFist+1","floor":28},{"not_picked":["CutThroughFate+1","PathToVictory"],"picked":"CrushJoints+1","floor":29},{"not_picked":["BowlingBash+1","Vault"],"picked":"TalkToTheHand+1","floor":31}],"player_experience":8909488,"relics_obtained":[{"floor":8.0,"key":"Bronze Scales"},{"floor":9.0,"key":"Lantern"},{"floor":12.0,"key":"MealTicket"},{"floor":24,"key":"Omamori"},{"floor":26,"key":"Mercury Hourglass"},{"floor":28,"key":"Damaru"},{"floor":31,"key":"CeramicFish"}],"event_choices":[{"damage_healed":0.0,"max_hp_gain":0.0,"max_hp_loss":0.0,"gold_gain":0.0,"event_name":"Scrap Ooze","player_choice":"Success","floor":2.0,"gold_loss":0.0,"damage_taken":18.0,"relics_obtained":["Molten Egg 2"]},{"damage_healed":0.0,"max_hp_gain":0.0,"max_hp_loss":0.0,"gold_gain":75.0,"event_name":"World of Goop","player_choice":"Gather Gold","floor":4.0,"gold_loss":0.0,"damage_taken":11.0},{"damage_healed":0,"gold_gain":0,"player_choice":"Opened","damage_taken":0,"relics_obtained":["Kunai"],"max_hp_gain":0,"max_hp_loss":0,"event_name":"The Mausoleum","floor":20,"gold_loss":0,"cards_obtained":["Writhe"]},{"damage_healed":0,"gold_gain":50,"player_choice":"Touch","damage_taken":6,"max_hp_gain":0,"max_hp_loss":0,"event_name":"FaceTrader","floor":21,"gold_loss":0}],"is_beta":false,"boss_relics":[{"not_picked":["Runic Dome","Cursed Key"],"picked":"Astrolabe"}],"items_purged_floors":[5],"is_endless":false,"potions_floor_spawned":[14,16,18,24,27,31],"killed_by":"Champ","ascension_level":20}}