{"host":"q6r63elxu27obe7v","time":1612167120,"event":{"mods":["2.2 Compatiblity","AchievementEnabler","BaseMod","CapriCore","DeckTracker","Keyboard Shortcuts","Minty Spire (QoL Compilation)","Permanent Neow","Quick Restart","Replay The Spire","StSLib","SuperFastMode","¡¼?Úª?ø«¡½REMEMod"],"gold_per_floor":[13,13,13,32,45,45,45,45,45,80,80,90,119,139,139,242,242,254,23,23,43,53,53,84,84,84,113,113,32,66,80,80,175,175,195,208,52,71,86,121,121,155,155,166,166,199,217,235,235,235,235],"floor_reached":50,"language":"KOR","playtime":2613,"items_purged":["Bash"],"score":685,"play_id":"6ddc5032-bd17-4b16-8587-258a1d10b16f","local_time":"20210201171200","is_ascension_mode":true,"campfire_choices":[{"data":"REME_BattleFury","floor":6,"key":"SMITH"},{"data":"Wraith Form v2","floor":15,"key":"SMITH"},{"data":"REME_ACTH","floor":23,"key":"SMITH"},{"floor":25,"key":"RECALL"},{"data":"Seeing Red","floor":28,"key":"SMITH"},{"data":"REME_FirmDetermination","floor":32,"key":"SMITH"},{"data":"Seeing Red","floor":41,"key":"SMITH"},{"floor":49,"key":"REST"}],"circlet_count":0,"master_deck":["Strike_R","Strike_R","Strike_R","Strike_R+1","Strike_R","Defend_R","Defend_R+1","Defend_R","REME_BattleFury+1","Wraith Form v2+1","Shrug It Off","Sentinel+1","Heavy Blade","Limit Break","Spot Weakness+1","Cleave","Warcry","REME_ACTH+1","Heavy Blade","Hemogenesis","Pommel Strike+1","Seeing Red+1","Rampage","REME_FirmDetermination+1","Inflame","Seeing Red+1","Flex","Madness","Madness"],"relics":["Burning Blood","REME_ComplimentaryCards","Letter Opener","Boot","Eternal Feather","REME_DuelDisc","War Paint","Replay:PocketPolymizer","REME_LimitBreaker","MealTicket","ReplayTheSpireMod:Shallot","SlaversCollar","Sling","Simple Rune","Torii","ReplayTheSpireMod:Lightbulb","Calipers"],"acts_visited":["Exordium","TheCity","TheBeyond"],"potions_floor_usage":[16,27,27,27,27,33,50,50,50],"damage_taken":[{"damage":0,"enemies":"Small Slimes","floor":1,"turns":2},{"damage":6,"enemies":"Cultist","floor":4,"turns":3},{"damage":6,"enemies":"Jaw Worm","floor":5,"turns":3},{"damage":1,"enemies":"Lagavulin","floor":10,"turns":6},{"damage":14,"enemies":"Blue Slaver","floor":12,"turns":3},{"damage":10,"enemies":"Gremlin Nob","floor":13,"turns":3},{"damage":3,"enemies":"3 Louse","floor":14,"turns":4},{"damage":20,"enemies":"The Guardian","floor":16,"turns":7},{"damage":4,"enemies":"Shell Parasite","floor":18,"turns":4},{"damage":26,"enemies":"Chosen","floor":21,"turns":6},{"damage":26,"enemies":"Shelled Parasite and Fungi","floor":22,"turns":5},{"damage":32,"enemies":"Slavers","floor":24,"turns":6},{"damage":63,"enemies":"Gremlin Leader","floor":27,"turns":7},{"damage":22,"enemies":"Book of Stabbing","floor":30,"turns":5},{"damage":0,"enemies":"Cultist and Chosen","floor":31,"turns":3},{"damage":21,"enemies":"Automaton","floor":33,"turns":8},{"damage":0,"enemies":"Orb Walker","floor":35,"turns":1},{"damage":18,"enemies":"3 Shapes","floor":36,"turns":4},{"damage":17,"enemies":"Spire Growth","floor":38,"turns":4},{"damage":11,"enemies":"Transient","floor":39,"turns":5},{"damage":3,"enemies":"Giant Head","floor":40,"turns":4},{"damage":0,"enemies":"Nemesis","floor":42,"turns":3},{"damage":0,"enemies":"Maw","floor":44,"turns":4},{"damage":18,"enemies":"R_Hoarder","floor":46,"turns":5},{"damage":0,"enemies":"Jaw Worm Horde","floor":47,"turns":2},{"damage":42,"enemies":"Transient","floor":48,"turns":5},{"damage":81,"enemies":"Time Eater","floor":50,"turns":6}],"seed_played":"4685927889756822898","potions_obtained":[{"floor":1,"key":"DuplicationPotion"},{"floor":5,"key":"SteroidPotion"},{"floor":12,"key":"Swift Potion"},{"floor":13,"key":"EntropicBrew"},{"floor":18,"key":"Explosive Potion"},{"floor":27,"key":"ColorlessPotion"},{"floor":31,"key":"DuplicationPotion"},{"floor":33,"key":"Doom Potion"},{"floor":38,"key":"Strength Potion"}],"is_trial":false,"path_per_floor":["M","?","$","M","M","R","$","$","T","E","?","M","E","M","R","B",null,"M","$","?","M","M","R","E","R","T","E","R","$","E","M","R","B",null,"M","M","$","M","M","E","R","E","T","M","?","E","M","M","R","B"],"character_chosen":"IRONCLAD","items_purchased":["War Paint","REME_FirmDetermination","Sling"],"campfire_rested":1,"item_purchase_floors":[19,29,37],"current_hp_per_floor":[80,80,80,80,80,80,80,80,80,80,77,69,65,68,77,63,80,80,80,80,62,53,65,54,66,66,42,54,69,72,78,80,80,80,80,80,80,78,73,80,80,80,80,80,70,58,64,33,72,0,0],"gold":235,"neow_bonus":"RANDOM_COLORLESS_2","is_daily":false,"chose_seed":false,"campfire_upgraded":6,"win_rate":0.0,"timestamp":1612167120,"path_taken":["M","?","$","M","M","R","?","$","T","E","?","?","E","M","R","BOSS","M","$","?","M","?","R","E","R","T","E","R","$","E","M","R","BOSS","M","M","$","M","M","E","R","E","T","M","?","E","M","M","R","BOSS"],"items_purchased_type":["Relic","Card","Relic"],"build_version":"2020-12-22","purchased_purges":1,"victory":false,"max_hp_per_floor":[80,80,80,80,80,80,80,80,80,80,80,80,80,80,80,80,80,80,80,80,80,80,80,80,80,80,80,80,80,80,80,80,80,80,80,80,80,80,80,80,80,80,80,80,80,80,80,80,80,80,80],"card_choices":[{"not_picked":["Thinking Ahead","Mayhem"],"picked":"REME_BattleFury","floor":0},{"not_picked":["ReplayTheSpireMod:Corrosion Curse","Sword Boomerang"],"picked":"Shrug It Off","floor":1},{"not_picked":["True Grit","Uppercut"],"picked":"Sentinel","floor":4},{"not_picked":["Burning Pact","Havoc"],"picked":"Heavy Blade","floor":5},{"not_picked":["Hemogenesis","Shockwave"],"picked":"Limit Break","floor":10},{"not_picked":["ReplayTheSpireMod:Corrosion Curse","ReplayTheSpireMod:Strike From Hell"],"picked":"Spot Weakness","floor":12},{"not_picked":["Armaments","Anger"],"picked":"Cleave","floor":13},{"not_picked":["Pommel Strike","Body Slam"],"picked":"Warcry","floor":14},{"not_picked":["Eclipse","Demonic Infusion"],"picked":"REME_ACTH","floor":16},{"not_picked":["Iron Wave","Clothesline+1"],"picked":"Heavy Blade","floor":18},{"not_picked":["Armaments","Clash"],"picked":"Pommel Strike+1","floor":21},{"not_picked":["Wild Strike","Sword Boomerang+1","Reaper"],"picked":"SKIP","floor":22},{"not_picked":["Replay:Undeath\u0027s Touch+1","Wild Strike"],"picked":"Seeing Red","floor":24},{"not_picked":["ReplayTheSpireMod:Limb From Limb+1","Clash"],"picked":"Rampage","floor":27},{"not_picked":["Metallicize+1","Armaments+1","Searing Blow"],"picked":"SKIP","floor":30},{"not_picked":["True Grit","Whirlwind","Havoc"],"picked":"SKIP","floor":31},{"not_picked":["Entrench+1","Metallicize+1","Cleave+1"],"picked":"SKIP","floor":35},{"not_picked":["ReplayTheSpireMod:Corrosion Curse+1","Wild Strike","REME_Scribble"],"picked":"SKIP","floor":36},{"not_picked":["Disarm+1","Headbutt"],"picked":"Inflame","floor":38},{"not_picked":["Twin Strike","Life Link"],"picked":"Seeing Red","floor":39},{"not_picked":["Havoc","Ghostly Armor+1","Anger+1"],"picked":"SKIP","floor":40},{"not_picked":["Evolve+1","Demonic Infusion","Berserk"],"picked":"SKIP","floor":42},{"not_picked":["Replay:Undeath\u0027s Touch","Thunderclap"],"picked":"Flex","floor":44},{"not_picked":["Run Through","Hemokinesis","Evolve"],"picked":"SKIP","floor":46},{"not_picked":["Entrench+1","REME_Cut+1","Rampage"],"picked":"SKIP","floor":47},{"not_picked":["ReplayTheSpireMod:Stacked+1","Dark Embrace","Rupture+1"],"picked":"SKIP","floor":48}],"player_experience":88102,"relics_obtained":[{"floor":10,"key":"Letter Opener"},{"floor":13,"key":"Eternal Feather"},{"floor":24,"key":"Replay:PocketPolymizer"},{"floor":26,"key":"REME_LimitBreaker"},{"floor":27,"key":"MealTicket"},{"floor":30,"key":"ReplayTheSpireMod:Shallot"},{"floor":40,"key":"Simple Rune"},{"floor":42,"key":"Torii"},{"floor":43,"key":"ReplayTheSpireMod:Lightbulb"},{"floor":46,"key":"Calipers"}],"event_choices":[{"cards_removed":["Defend_R"],"damage_healed":0,"gold_gain":0,"player_choice":"Purged","damage_taken":0,"max_hp_gain":0,"max_hp_loss":0,"event_name":"Purifier","floor":2,"gold_loss":0},{"damage_healed":0,"gold_gain":0,"player_choice":"Success","damage_taken":3,"relics_obtained":["Boot"],"max_hp_gain":0,"max_hp_loss":0,"event_name":"Scrap Ooze","floor":11,"gold_loss":0},{"damage_healed":0,"gold_gain":0,"player_choice":"1 cards matched","damage_taken":0,"max_hp_gain":0,"max_hp_loss":0,"event_name":"Match and Keep!","floor":20,"gold_loss":0,"cards_obtained":["Hemogenesis"]},{"damage_healed":0,"gold_gain":0,"player_choice":"1 cards matched","damage_taken":0,"max_hp_gain":0,"max_hp_loss":0,"event_name":"Match and Keep!","floor":20,"gold_loss":0,"cards_obtained":["Hemogenesis"]},{"damage_healed":0,"gold_gain":0,"player_choice":"Embrace Madness","damage_taken":10,"max_hp_gain":0,"max_hp_loss":0,"event_name":"Winding Halls","floor":45,"gold_loss":0,"cards_obtained":["Madness","Madness"]}],"is_beta":false,"boss_relics":[{"not_picked":["Busted Crown","Runic Pyramid"],"picked":"REME_DuelDisc"},{"not_picked":["Runic Cube","Black Blood"],"picked":"SlaversCollar"}],"items_purged_floors":[19],"is_endless":false,"potions_floor_spawned":[1,5,12,13,18,22,27,31,33,35,38,39,48],"killed_by":"Time Eater","ascension_level":1}}