{"host":"spoxbmo2txwgdxt2","time":1612213496,"event":{"mods":["AchievementEnabler","Act Like it!","BaseMod","Colored Powertips","Gensokyo","Hallownest","Lobotomy","LobotomyExtend","Minty Spire (QoL Compilation)","Quick Restart","Remilia£®¿Ÿ√◊¿Ú—«£©","Shop Mod","StSLib","The Administrix","The Animator","The Bug Knight"],"gold_per_floor":[117,132,60,60,73,73,73,73],"floor_reached":7,"language":"ZHS","playtime":812,"items_purged":[],"score":45,"play_id":"4f39fd14-08c8-4293-9fdd-753ae5e81f13","local_time":"20210202050456","is_ascension_mode":true,"campfire_choices":[{"data":"Eruption","floor":6,"key":"SMITH"}],"circlet_count":0,"master_deck":["Strike_P","Strike_P","Strike_P","Strike_P","Defend_P","Defend_P","Defend_P","Eruption+1","Vigilance","Freischutz","EmptyMind","BlackArmy","MasterReality","Murderer","Pray"],"relics":["PureWater","CogitoBucket","LetterFromLob"],"acts_visited":["Exordium"],"potions_floor_usage":[],"damage_taken":[{"damage":8.0,"enemies":"Small Slimes","floor":1.0,"turns":4.0},{"damage":4,"enemies":"Jaw Worm","floor":2,"turns":5},{"damage":0,"enemies":"2 Louse","floor":5,"turns":4},{"damage":68,"enemies":"3 Sentries","floor":7,"turns":8}],"seed_played":"-7199122565637968824","potions_obtained":[{"floor":5,"key":"AttackPotion"}],"is_trial":false,"path_per_floor":["M","M","$","?","M","R","E"],"character_chosen":"WATCHER","items_purchased":["MasterReality"],"campfire_rested":0,"item_purchase_floors":[3],"current_hp_per_floor":[64,60,60,53,56,56,0,0],"gold":73,"neow_bonus":"","is_daily":false,"chose_seed":false,"campfire_upgraded":1,"win_rate":0.0,"timestamp":1612213496,"path_taken":["M","M","$","?","M","R","E"],"items_purchased_type":["Card"],"build_version":"2020-12-22","purchased_purges":0,"victory":false,"max_hp_per_floor":[72,72,72,72,72,72,72,72],"card_choices":[{"not_picked":["MeatLantern","MHz"],"picked":"Freischutz","floor":1.0},{"not_picked":["ReachHeaven","JustLucky"],"picked":"EmptyMind","floor":1.0},{"not_picked":["MeatLantern","FairyFestival"],"picked":"BlackArmy","floor":2},{"not_picked":["EmptyBody","PathToVictory","Halt"],"picked":"SKIP","floor":2},{"not_picked":["BigBird","CherryBlossoms","Bloodbath"],"picked":"Singing Bowl","floor":5},{"not_picked":["LittleHelper","Bloodbath"],"picked":"Murderer","floor":5},{"not_picked":["BowlingBash","TalkToTheHand"],"picked":"Pray","floor":5}],"player_experience":331115,"relics_obtained":[{"floor":1.0,"key":"LetterFromLob"}],"event_choices":[{"cards_removed":["Defend_P"],"damage_healed":0,"gold_gain":0,"player_choice":"Card Removal","damage_taken":7,"max_hp_gain":0,"max_hp_loss":0,"event_name":"Golden Wing","floor":4,"gold_loss":0}],"is_beta":false,"boss_relics":[],"items_purged_floors":[],"is_endless":false,"potions_floor_spawned":[5],"killed_by":"3 Sentries","ascension_level":2}}