{"host":"8pvw2tcf9wctlvur","time":1612160633,"event":{"mods":["BaseMod","Better Third Choice","Colored Powertips","Curses Come First","Minty Spire (QoL Compilation)","Rare Cards Sparkle","Relic Stats","StSLib","SuperFastMode"],"gold_per_floor":[118,73,89,102,102,136,136,167,219,233,2,32,32,32,32,127,127,141,157,157,157,168,202,202,219,245,260,260,106,133,15,15,120,120,131,131,15,15,33,33,49,65,141,159,159,159],"floor_reached":45,"language":"ENG","playtime":1991,"items_purged":["Shame"],"score":547,"play_id":"28ec91dd-e61e-421d-9664-dc2d12fd6cc9","local_time":"20210131232353","is_ascension_mode":true,"campfire_choices":[{"floor":7,"key":"REST"},{"floor":13,"key":"REST"},{"floor":15,"key":"REST"},{"floor":24,"key":"REST"},{"floor":28,"key":"REST"},{"floor":32,"key":"REST"},{"floor":40,"key":"REST"}],"circlet_count":0,"master_deck":["Strike_G","Strike_G","Strike_G","Strike_G","Strike_G","Defend_G+1","Defend_G","Defend_G+1","Defend_G","Defend_G","Survivor","Neutralize","Dodge and Roll","Underhanded Strike","Outmaneuver","PiercingWail","Accuracy","Sucker Punch+1","Blade Dance","Choke+1","Underhanded Strike+1","Burn","Grand Finale+1","Underhanded Strike+1","Acrobatics","Leg Sweep","Riddle With Holes+1","Noxious Fumes","Calculated Gamble","Footwork","Underhanded Strike+1","Flechettes+1","Endless Agony+1","Doppelganger","Tactician+1","All Out Attack+1","Bane+1","Good Instincts","Secret Technique","Dagger Throw+1","Heel Hook+1","Sucker Punch+1","All Out Attack+1"],"relics":["Busted Crown","Blood Vial","Potion Belt","Molten Egg 2","Art of War","Toolbox","Boot","SlaversCollar","War Paint","CaptainsWheel","Strawberry","Mercury Hourglass","WristBlade","Eternal Feather"],"acts_visited":["Exordium","TheCity","TheBeyond"],"potions_floor_usage":[6,10,23,27,30,30,35,44],"damage_taken":[{"damage":0,"enemies":"Cultist","floor":1,"turns":5},{"damage":0,"enemies":"Small Slimes","floor":3,"turns":4},{"damage":7,"enemies":"Jaw Worm","floor":4,"turns":5},{"damage":19,"enemies":"Lagavulin","floor":6,"turns":9},{"damage":39,"enemies":"3 Sentries","floor":8,"turns":15},{"damage":0,"enemies":"3 Louse","floor":10,"turns":3},{"damage":10,"enemies":"Lagavulin","floor":12,"turns":5},{"damage":26,"enemies":"Slime Boss","floor":16,"turns":11},{"damage":24,"enemies":"2 Thieves","floor":18,"turns":3},{"damage":18,"enemies":"Spheric Guardian","floor":19,"turns":4},{"damage":23,"enemies":"Snake Plant","floor":22,"turns":5},{"damage":39,"enemies":"Gremlin Leader","floor":23,"turns":7},{"damage":7,"enemies":"Snecko","floor":25,"turns":4},{"damage":2,"enemies":"Chosen and Byrds","floor":27,"turns":4},{"damage":31,"enemies":"Slavers","floor":30,"turns":4},{"damage":68,"enemies":"Automaton","floor":33,"turns":11},{"damage":23,"enemies":"Orb Walker","floor":35,"turns":4},{"damage":10,"enemies":"3 Shapes","floor":39,"turns":3},{"damage":8,"enemies":"Jaw Worm Horde","floor":41,"turns":5},{"damage":30,"enemies":"Transient","floor":42,"turns":5},{"damage":13,"enemies":"Sphere and 2 Shapes","floor":44,"turns":3},{"damage":59,"enemies":"Giant Head","floor":45,"turns":7}],"seed_played":"-2137997403734291344","potions_obtained":[{"floor":3,"key":"Explosive Potion"},{"floor":8,"key":"Explosive Potion"},{"floor":19,"key":"GhostInAJar"},{"floor":23,"key":"Strength Potion"},{"floor":25,"key":"Fire Potion"},{"floor":27,"key":"CunningPotion"},{"floor":33,"key":"DuplicationPotion"},{"floor":42,"key":"SkillPotion"}],"is_trial":false,"path_per_floor":["M","$","M","M","?","E","R","E","T","M","$","E","R","?","R","B",null,"M","M","?","?","M","E","R","M","T","M","R","$","E","$","R","B",null,"M","?","$","?","M","R","M","M","T","M","E"],"character_chosen":"THE_SILENT","items_purchased":["Underhanded Strike","Choke+1","Toolbox","Footwork","Flechettes+1","Endless Agony+1","All Out Attack+1","Bane+1"],"campfire_rested":7,"item_purchase_floors":[2,11,11,29,31,31,37,37],"current_hp_per_floor":[70,70,70,63,54,37,58,21,21,23,23,15,36,36,57,33,70,46,30,30,80,57,20,44,39,46,46,72,72,43,43,69,3,87,64,64,64,59,51,75,69,41,41,30,0,0],"gold":159,"neow_bonus":"BOSS_RELIC","is_daily":false,"chose_seed":false,"campfire_upgraded":0,"win_rate":0.0,"timestamp":1612160633,"path_taken":["M","$","?","M","?","E","R","E","T","M","$","E","R","?","R","BOSS","M","M","?","?","M","E","R","?","T","M","R","$","E","$","R","BOSS","M","?","$","?","M","R","M","M","T","M","E"],"items_purchased_type":["Card","Card","Relic","Card","Card","Card","Card","Card"],"build_version":"2020-12-22","purchased_purges":1,"victory":false,"max_hp_per_floor":[70,70,70,70,70,70,70,70,70,70,70,70,70,70,70,70,70,70,70,70,80,80,80,80,80,87,87,87,87,87,87,87,87,87,87,83,83,83,83,83,83,83,83,83,83,83],"relic_stats":{"Blood Vial":32,"Busted Crown":46,"counters":[22,126],"Eternal Feather":0,"Art of War":[6],"War Paint":["Defend_G","Defend_G"],"Boot":[73],"obtain_stats":[{"Potion Belt":6,"Eternal Feather":43,"War Paint":20,"Boot":12,"Mercury Hourglass":30,"Blood Vial":5,"SlaversCollar":17,"CaptainsWheel":23,"Busted Crown":0,"WristBlade":34,"Strawberry":26,"Toolbox":11,"Molten Egg 2":8,"Art of War":9,"Ring of the Snake":0},{"Potion Belt":4,"Eternal Feather":20,"War Paint":10,"Boot":7,"Mercury Hourglass":15,"Blood Vial":3,"SlaversCollar":8,"CaptainsWheel":12,"Busted Crown":0,"WristBlade":16,"Strawberry":13,"Toolbox":6,"Molten Egg 2":5,"Art of War":5,"Ring of the Snake":0},{"Potion Belt":23,"Eternal Feather":116,"War Paint":64,"Boot":46,"Mercury Hourglass":88,"Blood Vial":14,"SlaversCollar":57,"CaptainsWheel":76,"Busted Crown":0,"WristBlade":99,"Strawberry":80,"Toolbox":41,"Molten Egg 2":38,"Art of War":38,"Ring of the Snake":0}],"Mercury Hourglass":[135]},"card_choices":[{"not_picked":[],"picked":"Dodge and Roll","floor":1},{"not_picked":[],"picked":"Outmaneuver","floor":3},{"not_picked":[],"picked":"PiercingWail","floor":4},{"not_picked":[],"picked":"Accuracy","floor":6},{"not_picked":[],"picked":"Sucker Punch+1","floor":8},{"not_picked":[],"picked":"Blade Dance","floor":10},{"not_picked":[],"picked":"Underhanded Strike+1","floor":12},{"not_picked":[],"picked":"Grand Finale+1","floor":16},{"not_picked":[],"picked":"Underhanded Strike+1","floor":18},{"not_picked":[],"picked":"Acrobatics","floor":19},{"not_picked":[],"picked":"Leg Sweep","floor":22},{"not_picked":[],"picked":"Riddle With Holes+1","floor":23},{"not_picked":[],"picked":"Noxious Fumes","floor":25},{"not_picked":[],"picked":"Calculated Gamble","floor":27},{"not_picked":[],"picked":"Underhanded Strike+1","floor":30},{"not_picked":[],"picked":"Doppelganger","floor":33},{"not_picked":[],"picked":"Tactician+1","floor":35},{"not_picked":[],"picked":"Good Instincts","floor":38},{"not_picked":[],"picked":"Secret Technique","floor":38},{"not_picked":[],"picked":"Dagger Throw+1","floor":39},{"not_picked":[],"picked":"Heel Hook+1","floor":41},{"not_picked":[],"picked":"Sucker Punch+1","floor":42},{"not_picked":[],"picked":"All Out Attack+1","floor":44}],"player_experience":261317,"relics_obtained":[{"floor":6,"key":"Potion Belt"},{"floor":8,"key":"Molten Egg 2"},{"floor":9,"key":"Art of War"},{"floor":12,"key":"Boot"},{"floor":23,"key":"CaptainsWheel"},{"floor":26,"key":"Strawberry"},{"floor":30,"key":"Mercury Hourglass"},{"floor":43,"key":"Eternal Feather"}],"event_choices":[{"damage_healed":36,"gold_gain":0,"player_choice":"Embrace Burn","damage_taken":0,"max_hp_gain":0,"max_hp_loss":70,"event_name":"betterThird:BetterShining","floor":14,"gold_loss":0},{"damage_healed":0,"gold_gain":0,"player_choice":"Stole Relic","damage_taken":0,"relics_obtained":["War Paint"],"max_hp_gain":0,"max_hp_loss":0,"event_name":"Addict","floor":20,"gold_loss":0,"cards_obtained":["Shame"]},{"cards_removed":["Machine Learning"],"damage_healed":40,"gold_gain":0,"player_choice":"Offered Rare","damage_taken":0,"max_hp_gain":10,"max_hp_loss":0,"event_name":"Bonfire Elementals","floor":21,"gold_loss":0},{"damage_healed":0,"gold_gain":0,"player_choice":"Max HP","damage_taken":0,"max_hp_gain":0,"max_hp_loss":4,"event_name":"Winding Halls","floor":36,"gold_loss":0},{"damage_healed":0,"gold_gain":0,"player_choice":"Memory 2","damage_taken":5,"max_hp_gain":0,"max_hp_loss":0,"event_name":"SensoryStone","floor":38,"gold_loss":0}],"is_beta":false,"boss_relics":[{"not_picked":["SacredBark","Fusion Hammer"],"picked":"SlaversCollar"},{"not_picked":["Sozu","Astrolabe"],"picked":"WristBlade"}],"items_purged_floors":[29],"is_endless":false,"potions_floor_spawned":[3,8,19,23,25,27,33,42],"killed_by":"Giant Head","ascension_level":1}}