{"host":"hkj1blq6xqcrzx6o","time":1612185140,"event":{"mods":["Act Like it!","BaseMod","Downfall","Gensokyo","Lobotomy","Marisa£®ÏF”Í°°ƒß¿Ì…≥£©","Minty Spire (QoL Compilation)","Quick Restart","Reimu£®≤©¿ˆ¡È√Œ£©","Remilia£®¿Ÿ√◊¿Ú—«£©","Replay The Spire","StSLib","The Servant 0.9.4","Youmu£®ªÍ∆«—˝√Œ£©"],"gold_per_floor":[113,113,123,123,333,333,39,59,59,59,79,79,89,108,108,213,213,230,555,555,572,582,599,599,616,616,616,179,194,211,225,225,324,324,343,362,272,272,272,272,291,13,64,64,64,82,82,82,82,82],"floor_reached":51,"language":"ZHS","playtime":3327,"items_purged":["Strike_YM"],"score":741,"play_id":"5b5f710a-21c3-4f13-ae23-e818f58d1724","local_time":"20210201211220","is_ascension_mode":false,"campfire_choices":[{"floor":6,"key":"REST"},{"data":"SlashOfDelusionalInnerEye","floor":10,"key":"SMITH"},{"floor":15,"key":"REST"},{"floor":24,"key":"REST"},{"floor":32,"key":"REST"},{"floor":40,"key":"REST"},{"floor":45,"key":"REST"},{"data":"HeartExcerptSlash","floor":47,"key":"SMITH"},{"floor":49,"key":"REST"}],"circlet_count":0,"master_deck":["Strike_YM","Defend_YM","Defend_YM","Defend_YM","SlashOfPresentWorld","WheelOfPainOfLivingAndDead","SpiritCuttingSword","PhosphoricSlash","SlashOfDelusionalInnerEye+1","SlashOfMeditation","SlashOfMeditation","GhostSword","SlashOfTheEternalFuture","PhosphoricSlash","HumanGodSword","FastingOfTheYoungPreta","CurseOfTheBell","ThreeKonsSevenHakus","LowerRealmReflectionSlash+1","CherryBlossomFlashing","PretaSword+1","BizarrenessOfSixRealms+1","KarmicPunishmentOfTheIdleAndUnfocused","SanzenSekai","HumanRealmSword+1","ASingleThoughtAndInfiniteKalpas","CherryBlossomFlashing+1","CherryBlossomSword","SuddenPhantomFormationSlashOfKarmicWind","TenKingsRetributionOnThePreta+1","Gensokyo:CustomPotion","MatsuyoiReflectingSatelliteSlash","PreachingAvici+1","HeartExcerptSlash+1","SwordExtraction+1"],"relics":["HalfPhantom","Centennial Puzzle","Bird Faced Urn","Mummified Hand","Calipers","Gensokyo:CelestialsFlawlessClothing","Calling Bell","Replay:Rubber Ducky","Ginger","Replay:Bottled Snecko","Gensokyo:ChorusOfJoy","Meat on the Bone","BargainBundle","SlaversCollar","Letter Opener","Blood Vial"],"acts_visited":["Exordium","Gensokyo:Gensokyo","Gensokyo:Gensokyoer"],"potions_floor_usage":[16,16,23,29,29,33,33,50],"damage_taken":[{"damage":5,"enemies":"Gensokyo:3_Fairies","floor":1,"turns":5},{"damage":11,"enemies":"Gensokyo:Python","floor":3,"turns":4},{"damage":0,"enemies":"Gensokyo:Gryphon","floor":8,"turns":3},{"damage":0,"enemies":"Gensokyo:LivingMonolith","floor":11,"turns":3},{"damage":3,"enemies":"Gensokyo:VengefulSpirit","floor":13,"turns":4},{"damage":0,"enemies":"Gensokyo:Python_and_Kodama","floor":14,"turns":4},{"damage":16,"enemies":"Gensokyo:Yukari","floor":16,"turns":5},{"damage":0,"enemies":"Gensokyo:2_Gloops","floor":18,"turns":5},{"damage":0,"enemies":"Gensokyo:Chomper","floor":21,"turns":5},{"damage":20,"enemies":"Gensokyo:Wraith","floor":22,"turns":4},{"damage":45,"enemies":"Gensokyo:Mirror_and_Dog","floor":23,"turns":5},{"damage":36,"enemies":"Gensokyo:Monolith_and_Dog","floor":25,"turns":8},{"damage":41,"enemies":"Gensokyo:Swordslinger","floor":29,"turns":6},{"damage":0,"enemies":"Gensokyo:3_Gloops","floor":30,"turns":7},{"damage":32,"enemies":"Gensokyo:Slime_Group","floor":31,"turns":6},{"damage":33,"enemies":"Gensokyo:Eternal_Rivals","floor":33,"turns":14},{"damage":31,"enemies":"Gensokyo:AncientGuardian","floor":35,"turns":7},{"damage":46,"enemies":"Gensokyo:3_Boulders","floor":36,"turns":8},{"damage":12,"enemies":"Gensokyo:Rafflesia","floor":41,"turns":7},{"damage":29,"enemies":"Gensokyo:Sharpion","floor":46,"turns":5},{"damage":1,"enemies":"Gensokyo:Yuyuko","floor":50,"turns":6}],"seed_played":"-7074844751307129961","potions_obtained":[{"floor":1,"key":"SkillPotion"},{"floor":8,"key":"Explosive Potion"},{"floor":14,"key":"Swift Potion"},{"floor":23,"key":"Elixir"},{"floor":25,"key":"GamblersBrew"},{"floor":30,"key":"Ancient Potion"},{"floor":31,"key":"LiquidBronze"},{"floor":33,"key":"SteroidPotion"},{"floor":35,"key":"FairyPotion"},{"floor":46,"key":"PowerPotion"}],"is_trial":false,"path_per_floor":["M","?","M","?","?","R","$","M","T","R","M","?","M","M","R","B",null,"M","?","?","M","M","M","R","M","T","?","$","M","M","M","R","B",null,"M","M","?","?","?","R","M","$","T","?","R","M","R","?","R","B",null],"character_chosen":"YOUMU","items_purchased":["SlashOfMeditation","Mummified Hand","Meat on the Bone","BargainBundle","Fire Potion","Adrenaline Potion","KarmicPunishmentOfTheIdleAndUnfocused","SanzenSekai","Letter Opener","HeartExcerptSlash"],"campfire_rested":7,"item_purchase_floors":[7,7,28,28,28,28,28,28,42,42],"current_hp_per_floor":[70,63,52,37,37,59,59,59,59,59,59,41,38,38,60,46,75,75,75,75,75,57,14,36,2,2,2,2,53,55,37,59,40,75,48,18,18,18,18,40,46,46,46,35,57,48,48,48,70,70],"gold":82,"neow_bonus":"RANDOM_COMMON_RELIC","is_daily":false,"chose_seed":false,"campfire_upgraded":2,"win_rate":0.0,"timestamp":1612185140,"path_taken":["M","?","M","?","?","R","$","M","T","R","M","?","?","M","R","BOSS","M","?","?","?","M","M","R","M","T","?","?","M","M","?","R","BOSS","M","M","?","?","?","R","?","$","T","?","R","M","R","?","R","BOSS"],"items_purchased_type":["Card","Relic","Relic","Relic","Potion","Potion","Card","Card","Relic","Card"],"build_version":"2020-12-22","purchased_purges":1,"victory":true,"max_hp_per_floor":[75,75,75,75,75,75,75,75,75,75,75,75,75,75,75,75,75,75,75,75,75,75,75,75,75,75,75,75,75,75,75,75,75,75,75,75,75,75,75,75,75,75,75,75,75,75,75,75,75,75],"card_choices":[{"not_picked":["LifeCuttingSword","SwordExtraction"],"picked":"SpiritCuttingSword","floor":1},{"not_picked":["CherryBlossomFlashing","LifeCuttingSword"],"picked":"PhosphoricSlash","floor":3},{"not_picked":["HesitationCuttingSword","CherryBlossomFlashing"],"picked":"SlashOfDelusionalInnerEye","floor":5},{"not_picked":["CherryBlossomFlashing","LowerRealmReflectionSlash"],"picked":"GhostSword","floor":8},{"not_picked":["ThoughtCuttingSword","LifeCuttingSword"],"picked":"SlashOfTheEternalFuture","floor":11},{"not_picked":["SanzenSekai","SpiritCuttingSword"],"picked":"PhosphoricSlash","floor":13},{"not_picked":["PhosphoricSlash","SwordOfBindingDesires"],"picked":"HumanGodSword","floor":14},{"not_picked":["HeavenGodSword","MatsuyoiReflectingSatelliteSlash"],"picked":"FastingOfTheYoungPreta","floor":16},{"not_picked":["SpiritCuttingSword+1","LowerRealmReflectionSlash"],"picked":"ThreeKonsSevenHakus","floor":18},{"not_picked":["FlashingScatteredFlowers","DispleasureOfTheSevenHakus"],"picked":"LowerRealmReflectionSlash+1","floor":21},{"not_picked":["SwordOfBindingDesires+1","SpiritCuttingSword"],"picked":"CherryBlossomFlashing","floor":22},{"not_picked":["CherryBlossomFlashing","SpiritCuttingSword"],"picked":"PretaSword+1","floor":23},{"not_picked":["CrescentMoonSlash","GhostSword+1"],"picked":"BizarrenessOfSixRealms+1","floor":25},{"not_picked":["SlashOfMeditation+1","BloodOfAsura"],"picked":"HumanRealmSword+1","floor":29},{"not_picked":["AsTheSilentNirvana+1","CrescentMoonSlash+1"],"picked":"ASingleThoughtAndInfiniteKalpas","floor":30},{"not_picked":["SlashOfMeditation","CrescentMoonSlash"],"picked":"CherryBlossomFlashing+1","floor":31},{"not_picked":["SlashOfTheEternalFuture","SlashOfSaigyouSpringWind"],"picked":"CherryBlossomSword","floor":33},{"not_picked":["SlashOfMeditation+1","CherryBlossomFlashing"],"picked":"SuddenPhantomFormationSlashOfKarmicWind","floor":35},{"not_picked":["BloodOfAsura+1","EchoesOfTheInclemencyOfAllBeings"],"picked":"TenKingsRetributionOnThePreta+1","floor":36},{"not_picked":["LowerRealmReflectionSlash","WickedSoul"],"picked":"PreachingAvici+1","floor":41},{"not_picked":["SanzenSekai","ConstancyOfTheConventionalTruth+1"],"picked":"SwordExtraction+1","floor":46}],"player_experience":30230,"relics_obtained":[{"floor":9,"key":"Calipers"},{"floor":17,"key":"Replay:Rubber Ducky"},{"floor":17,"key":"Chameleon Ring"},{"floor":17,"key":"Ginger"},{"floor":26,"key":"Replay:Bottled Snecko"},{"floor":43,"key":"Blood Vial"}],"event_choices":[],"is_beta":false,"boss_relics":[{"not_picked":["Runic Dome","Fusion Hammer"],"picked":"Calling Bell"},{"not_picked":["Cursed Key","Honey Jar"],"picked":"SlaversCollar"}],"items_purged_floors":[28],"is_endless":false,"potions_floor_spawned":[1,8,14,23,25,30,31,33,35,46],"ascension_level":0}}