{"host":"72j3if4hls1tefkc","time":1612153199,"event":{"mods":["AchievementEnabler","Always Whale","Aspiration","BaseMod","Beaked The Cultist","Colored Map","Conspire","FetchMod","Halation","Hubris","Infinite Spire","Minty Spire (QoL Compilation)","Reliquary","Replay The Spire","Shop Mod","StSLib","The Bug Knight","The Construct","The Jungle"],"gold_per_floor":[114,114,114,128,128,155,155,74,99,117,134,134,59,71,71,174,174,194,206,206,29,43,73,88,119,145,145,145,216,236,236,236,335,335,348,348,368,165,165,197,211,221,221,231,231,245,245,260,260,260,260],"floor_reached":50,"language":"ENG","playtime":2972,"items_purged":["Defend_G","Strike_G","Strike_G","Reflex+1"],"score":780,"play_id":"41b3855f-b6cf-4e92-aab0-d33f3d5e83b9","local_time":"20210131211959","is_ascension_mode":true,"campfire_choices":[{"data":"Neutralize","floor":7,"key":"SMITH"},{"data":"Storm of Steel","floor":15,"key":"SMITH"},{"data":"Infinite Blades","floor":27,"key":"SMITH"},{"floor":32,"key":"REST"},{"floor":45,"key":"REST"},{"floor":47,"key":"REST"},{"data":"Strike_G","floor":49,"key":"PURGE"}],"circlet_count":0,"master_deck":["Defend_G","Defend_G","Defend_G","Defend_G","Survivor","Neutralize+1","Deflect","infinitespire:Collect+1","Cloak And Dagger","Leg Sweep","Storm of Steel+1","Accuracy","Prepared","Blade Dance","Cloak And Dagger","Hidden Blade","Infinite Blades+1","Cloak And Dagger+1","conspire:DoublingDagger+1","PiercingWail","Heel Hook+1","Dodge and Roll+1","Replay:Fractal Strike","A Thousand Cuts","Catalyst+1","Noxious Fumes","infinitespire:Collect+1","ReplayTheSpireMod:The Works+1","ReplayTheSpireMod:Shiv Toss","hubris:SlightOfHand+1"],"relics":["Ring of the Snake","NeowsBlessing","reliquary:PurpleTingedLeaf","reliquary:PorcupineQuills","hubris:HollowSoul","Peace Pipe","aspiration:FetidBarrel","reliquary:RadioactivePellet","halation:StarCompass","infinitespire:Beetle Shell","reliquary:FerryPass","WristBlade","halation:PapillonHeart","Blue Candle"],"acts_visited":["Exordium","TheCity","TheBeyond"],"potions_floor_usage":[16,22,23,33,33,42,50,50],"damage_taken":[{"damage":0,"enemies":"2 Louse","floor":1,"turns":1},{"damage":0,"enemies":"Cultist","floor":4,"turns":1},{"damage":0,"enemies":"3 Sentries","floor":6,"turns":2},{"damage":0,"enemies":"Jaw Worm","floor":10,"turns":2},{"damage":2,"enemies":"Large Slime","floor":11,"turns":5},{"damage":3,"enemies":"Exordium Thugs","floor":14,"turns":3},{"damage":7,"enemies":"The Guardian","floor":16,"turns":8},{"damage":7,"enemies":"2 Thieves","floor":18,"turns":4},{"damage":0,"enemies":"Shell Parasite","floor":19,"turns":4},{"damage":4,"enemies":"3 Cultists","floor":22,"turns":4},{"damage":2,"enemies":"Book of Stabbing","floor":23,"turns":7},{"damage":4,"enemies":"Snake Plant","floor":24,"turns":4},{"damage":17,"enemies":"HollowMod:Nosk","floor":25,"turns":6},{"damage":7,"enemies":"conspire:HollyBat","floor":30,"turns":4},{"damage":13,"enemies":"conspire:MysteriousRune","floor":33,"turns":8},{"damage":0,"enemies":"Orb Walker","floor":35,"turns":3},{"damage":16,"enemies":"3 Shapes","floor":37,"turns":4},{"damage":33,"enemies":"Reptomancer","floor":40,"turns":4},{"damage":16,"enemies":"Sphere and 2 Shapes","floor":41,"turns":4},{"damage":7,"enemies":"3 Darklings","floor":42,"turns":5},{"damage":4,"enemies":"Transient","floor":44,"turns":5},{"damage":0,"enemies":"4 Shapes","floor":46,"turns":4},{"damage":14,"enemies":"Jaw Worm Horde","floor":48,"turns":3},{"damage":18,"enemies":"Awakened One","floor":50,"turns":3}],"seed_played":"7206531221343268627","potions_obtained":[{"floor":1,"key":"Strength Potion"},{"floor":4,"key":"Dexterity Potion"},{"floor":16,"key":"DistilledChaos"},{"floor":18,"key":"Dexterity Potion"},{"floor":22,"key":"Elixir"},{"floor":23,"key":"FearPotion"},{"floor":29,"key":"Poison Potion"},{"floor":37,"key":"LiquidBronze"},{"floor":46,"key":"LiquidBronze"},{"floor":48,"key":"LiquidMemories"}],"is_trial":false,"path_per_floor":["M","?","?","M","?","E","R","$","T","M","M","?","$","M","R","B",null,"M","M","?","$","M","E","M","E","T","R","?","?","M","AVR","R","B",null,"M","?","M","$","?","E","M","M","T","M","R","M","R","M","R","B"],"character_chosen":"THE_SILENT","items_purchased":["Accuracy","Infinite Blades","Noxious Fumes"],"campfire_rested":3,"item_purchase_floors":[8,21,38],"current_hp_per_floor":[63,45,45,45,45,45,45,45,45,46,46,46,46,45,45,40,63,58,60,80,80,77,78,76,61,61,61,61,41,35,35,59,49,72,72,72,57,57,57,25,10,4,4,2,24,38,60,47,47,0,0],"gold":260,"neow_bonus":"THREE_ENEMY_KILL","is_daily":false,"chose_seed":false,"campfire_upgraded":3,"win_rate":0.0,"timestamp":1612153199,"path_taken":["M","?","?","?","?","E","R","$","T","?","M","?","$","M","R","BOSS","M","M","?","?","?","E","M","E","T","R","?","?","M","AVR","R","BOSS","M","?","M","$","?","E","M","M","T","?","R","?","R","M","R","BOSS"],"items_purchased_type":["Card","Card","Card"],"build_version":"2020-12-22","purchased_purges":4,"victory":false,"max_hp_per_floor":[70,70,70,70,70,70,70,70,70,70,70,70,70,70,70,70,70,70,70,80,80,80,80,80,80,80,80,80,80,80,80,80,80,80,80,76,76,76,76,76,76,76,76,76,76,76,76,76,76,76,76],"card_choices":[{"not_picked":["Dagger Throw","Dodge and Roll"],"picked":"Deflect","floor":1},{"not_picked":["infinitespire:TheBestDefense","infinitespire:FinalStrike"],"picked":"infinitespire:Collect","floor":2},{"not_picked":["Slice","Backflip"],"picked":"Cloak And Dagger","floor":4},{"not_picked":["Prepared","Masterful Stab"],"picked":"Storm of Steel","floor":6},{"not_picked":["Concentrate","Quick Slash"],"picked":"Prepared","floor":10},{"not_picked":["All Out Attack","hubris:Counter","Acrobatics"],"picked":"SKIP","floor":11},{"not_picked":["ReplayTheSpireMod:Shiv Toss","Skewer"],"picked":"Blade Dance","floor":14},{"not_picked":["ReplayTheSpireMod:Necrosis","ReplayTheSpireMod:From All Sides"],"picked":"Envenom","floor":16},{"not_picked":["Expertise","Dagger Throw"],"picked":"Cloak And Dagger","floor":18},{"not_picked":["Noxious Fumes+1","Poisoned Stab"],"picked":"Hidden Blade","floor":19},{"not_picked":["Bane","Blur"],"picked":"Cloak And Dagger+1","floor":22},{"not_picked":["Doppelganger","Eviscerate"],"picked":"Reflex+1","floor":23},{"not_picked":["Sucker Punch","Acrobatics"],"picked":"conspire:DoublingDagger+1","floor":24},{"not_picked":["Replay:Poison Smokescreen+1","Outmaneuver"],"picked":"PiercingWail","floor":25},{"not_picked":["Distraction","Bouncing Flask"],"picked":"Heel Hook+1","floor":29},{"not_picked":["Deadly Poison","Acrobatics"],"picked":"Dodge and Roll+1","floor":30},{"not_picked":["infinitespire:Neurotoxin","Atom Bomb"],"picked":"A Thousand Cuts","floor":33},{"not_picked":["Underhanded Strike","Blade Dance","Bane+1"],"picked":"SKIP","floor":35},{"not_picked":["Predator","Bane"],"picked":"Catalyst+1","floor":37},{"not_picked":["Sucker Punch+1","Acrobatics+1"],"picked":"ReplayTheSpireMod:The Works+1","floor":40},{"not_picked":["Accuracy","Unload","Poisoned Stab+1"],"picked":"SKIP","floor":41},{"not_picked":["Bane","Acrobatics"],"picked":"ReplayTheSpireMod:Shiv Toss","floor":42},{"not_picked":["Tactician","ReplayTheSpireMod:The Works+1","Prepared+1"],"picked":"SKIP","floor":44},{"not_picked":["Slice+1","Dagger Throw","Poisoned Stab+1"],"picked":"SKIP","floor":46},{"not_picked":["ReplayTheSpireMod:Shiv Toss","Noxious Fumes+1"],"picked":"hubris:SlightOfHand+1","floor":48}],"player_experience":326251,"relics_obtained":[{"floor":6,"key":"reliquary:PurpleTingedLeaf"},{"floor":9,"key":"reliquary:PorcupineQuills"},{"floor":23,"key":"Peace Pipe"},{"floor":25,"key":"aspiration:FetidBarrel"},{"floor":26,"key":"reliquary:RadioactivePellet"},{"floor":29,"key":"infinitespire:Beetle Shell"},{"floor":40,"key":"Blue Candle"}],"event_choices":[{"damage_healed":0,"gold_gain":0,"cards_transformed":["Strike_G"],"player_choice":"Transformed","damage_taken":0,"max_hp_gain":0,"max_hp_loss":0,"event_name":"Transmorgrifier","floor":5,"gold_loss":0,"cards_obtained":["Leg Sweep"]},{"cards_removed":["Envenom"],"damage_healed":10,"gold_gain":0,"player_choice":"Offered Rare","damage_taken":0,"max_hp_gain":10,"max_hp_loss":0,"event_name":"Bonfire Elementals","floor":20,"gold_loss":0},{"damage_healed":0,"gold_gain":0,"player_choice":"Copied","damage_taken":0,"max_hp_gain":0,"max_hp_loss":0,"event_name":"Duplicator","floor":39,"gold_loss":0,"cards_obtained":["infinitespire:Collect"]}],"is_beta":false,"boss_relics":[{"not_picked":["Astrolabe","Fusion Hammer"],"picked":"hubris:HollowSoul"},{"not_picked":["construct:ClawGrip","reliquary:RedCape"],"picked":"WristBlade"}],"items_purged_floors":[13,21,31,38],"is_endless":false,"potions_floor_spawned":[1,4,16,18,22,23,37,46,48],"killed_by":"Awakened One","ascension_level":8}}