{"host":"8962ghaoa8fyttvy","time":1612181421,"event":{"mods":["2.2 Compatiblity","AchievementEnabler","BaseMod","Bestiary","Colored Map","Colored Powertips","Curses Come First","Highlight Path","Keyboard Shortcuts","Minty Spire (QoL Compilation)","Relic Stats","Slay the Relics Exporter","StSLib","SuperFastMode"],"gold_per_floor":[118,118,193,36,46,46,76,76,154,154,254,267,285,285,285,389,389,401,414,425,385,404,404,424,424,448,461,461,480,395,407,407,407,407],"floor_reached":33,"language":"ENG","playtime":990,"items_purged":[],"score":276,"play_id":"b2884422-c74c-4bdf-be54-f3ee72dcb7c0","local_time":"20210201071021","is_ascension_mode":false,"campfire_choices":[{"data":"Fusion","floor":6,"key":"SMITH"},{"data":"Zap","floor":8,"key":"SMITH"},{"floor":10,"key":"REST"},{"data":"Conserve Battery","floor":15,"key":"SMITH"},{"data":"Capacitor","floor":23,"key":"SMITH"},{"data":"Lockon","floor":25,"key":"SMITH"},{"data":"Conserve Battery","floor":32,"key":"SMITH"}],"circlet_count":0,"master_deck":["Strike_B","Strike_B","Strike_B","Strike_B","Defend_B","Defend_B","Defend_B","Defend_B","Zap+1","Dualcast","Hello World+1","Fusion+1","Conserve Battery+1","Echo Form+1","Capacitor+1","Lockon+1","Streamline+1","Conserve Battery+1"],"relics":["Cracked Core","NeowsBlessing","Oddly Smooth Stone","Mercury Hourglass","Pantograph","Bag of Marbles","Coffee Dripper","Strawberry","Bronze Scales"],"acts_visited":["Exordium","TheCity"],"potions_floor_usage":[16,20,20,28,33,33],"damage_taken":[{"damage":0,"enemies":"2 Louse","floor":1,"turns":1},{"damage":0,"enemies":"Small Slimes","floor":5,"turns":1},{"damage":0,"enemies":"3 Sentries","floor":7,"turns":2},{"damage":4,"enemies":"Cultist","floor":12,"turns":3},{"damage":0,"enemies":"Large Slime","floor":13,"turns":4},{"damage":22,"enemies":"The Guardian","floor":16,"turns":11},{"damage":18,"enemies":"Spheric Guardian","floor":18,"turns":5},{"damage":1,"enemies":"Shell Parasite","floor":19,"turns":7},{"damage":20,"enemies":"Snake Plant","floor":20,"turns":5},{"damage":23,"enemies":"Cultist and Chosen","floor":22,"turns":8},{"damage":7,"enemies":"Sentry and Sphere","floor":24,"turns":7},{"damage":7,"enemies":"Snake Plant","floor":27,"turns":5},{"damage":0,"enemies":"Centurion and Healer","floor":28,"turns":1},{"damage":0,"enemies":"Snecko","floor":29,"turns":5},{"damage":5,"enemies":"Snake Plant","floor":31,"turns":4},{"damage":37,"enemies":"Collector","floor":33,"turns":5}],"seed_played":"-6246426155911742162","potions_obtained":[{"floor":7,"key":"Weak Potion"},{"floor":12,"key":"SmokeBomb"},{"floor":16,"key":"SkillPotion"},{"floor":19,"key":"LiquidMemories"},{"floor":24,"key":"EssenceOfDarkness"},{"floor":31,"key":"EssenceOfSteel"}],"is_trial":false,"path_per_floor":["M","?","?","$","M","R","E","R","T","R","?","M","M","?","R","B",null,"M","M","M","?","M","R","M","R","T","M","M","M","?","M","R","B"],"character_chosen":"DEFECT","items_purchased":["Oddly Smooth Stone"],"campfire_rested":1,"item_purchase_floors":[4],"current_hp_per_floor":[75,75,64,64,64,64,64,64,64,75,75,71,71,68,68,53,75,57,56,36,36,13,13,6,6,13,6,6,6,6,1,1,0,0],"gold":407,"neow_bonus":"THREE_ENEMY_KILL","is_daily":false,"chose_seed":false,"campfire_upgraded":6,"win_rate":0.0,"timestamp":1612181421,"path_taken":["M","?","?","$","M","R","E","R","T","R","?","M","?","?","R","BOSS","M","M","M","?","?","R","M","R","T","M","M","M","?","M","R","BOSS"],"items_purchased_type":["Relic"],"build_version":"2020-12-22","purchased_purges":0,"victory":false,"max_hp_per_floor":[75,75,75,75,75,75,75,75,75,75,75,75,75,75,75,75,75,75,75,75,75,75,75,75,75,82,82,82,82,82,82,82,82,82],"relic_stats":{"counters":[16,74],"Pantograph":32,"Bronze Scales":[27],"obtain_stats":[{"NeowsBlessing":0,"Pantograph":9,"Strawberry":26,"Bronze Scales":30,"Oddly Smooth Stone":4,"Bag of Marbles":14,"Coffee Dripper":17,"Cracked Core":0,"Mercury Hourglass":7},{"NeowsBlessing":0,"Pantograph":3,"Strawberry":11,"Bronze Scales":14,"Oddly Smooth Stone":1,"Bag of Marbles":5,"Coffee Dripper":6,"Cracked Core":0,"Mercury Hourglass":3},{"NeowsBlessing":0,"Pantograph":4,"Strawberry":54,"Bronze Scales":65,"Oddly Smooth Stone":1,"Bag of Marbles":11,"Coffee Dripper":22,"Cracked Core":0,"Mercury Hourglass":4}],"Mercury Hourglass":[201]},"card_choices":[{"not_picked":["Redo","Blizzard"],"picked":"Hello World","floor":1},{"not_picked":["Gash","Coolheaded"],"picked":"Fusion","floor":5},{"not_picked":["Tempest","Coolheaded","Doom and Gloom"],"picked":"SKIP","floor":7},{"not_picked":["Reprogram","Beam Cell"],"picked":"Conserve Battery","floor":12},{"not_picked":["Gash","Hologram","FTL"],"picked":"SKIP","floor":13},{"not_picked":["Electrodynamics","All For One"],"picked":"Echo Form","floor":16},{"not_picked":["Ball Lightning","Compile Driver"],"picked":"Capacitor","floor":18},{"not_picked":["Leap","Sweeping Beam","BootSequence"],"picked":"SKIP","floor":19},{"not_picked":["Steam Power+1","Reinforced Body"],"picked":"Lockon","floor":20},{"not_picked":["BootSequence","Glacier","Sweeping Beam+1"],"picked":"SKIP","floor":22},{"not_picked":["Aggregate","Turbo+1"],"picked":"Streamline+1","floor":24},{"not_picked":["BootSequence","Reprogram","Steam"],"picked":"SKIP","floor":27},{"not_picked":["Coolheaded+1","Reprogram"],"picked":"Conserve Battery","floor":29},{"not_picked":["Reprogram+1","Gash","Barrage+1"],"picked":"SKIP","floor":31}],"player_experience":18819,"relics_obtained":[{"floor":7,"key":"Mercury Hourglass"},{"floor":9,"key":"Pantograph"},{"floor":26,"key":"Strawberry"}],"event_choices":[{"damage_healed":0,"gold_gain":0,"player_choice":"Grow","damage_taken":0,"max_hp_gain":0,"max_hp_loss":0,"event_name":"Living Wall","floor":2,"gold_loss":0,"cards_upgraded":["Hello World"]},{"damage_healed":0,"gold_gain":75,"player_choice":"Gather Gold","damage_taken":11,"max_hp_gain":0,"max_hp_loss":0,"event_name":"World of Goop","floor":3,"gold_loss":0},{"damage_healed":0,"gold_gain":100,"player_choice":"Pray","damage_taken":0,"max_hp_gain":0,"max_hp_loss":0,"event_name":"Golden Shrine","floor":11,"gold_loss":0},{"damage_healed":0,"gold_gain":0,"player_choice":"Success","damage_taken":3,"relics_obtained":["Bag of Marbles"],"max_hp_gain":0,"max_hp_loss":0,"event_name":"Scrap Ooze","floor":14,"gold_loss":0},{"damage_healed":0,"gold_gain":0,"player_choice":"Upgrade","damage_taken":0,"max_hp_gain":0,"max_hp_loss":0,"event_name":"Designer","floor":21,"gold_loss":40,"cards_upgraded":["Echo Form"]},{"damage_healed":0,"gold_gain":0,"player_choice":"Obtained Relic","damage_taken":0,"relics_obtained":["Bronze Scales"],"max_hp_gain":0,"max_hp_loss":0,"event_name":"Addict","floor":30,"gold_loss":85}],"is_beta":false,"boss_relics":[{"not_picked":["FrozenCore","Runic Dome"],"picked":"Coffee Dripper"}],"items_purged_floors":[],"is_endless":false,"potions_floor_spawned":[7,12,16,19,24,28,31],"killed_by":"Collector","ascension_level":0}}