{"host":"sav7uxregyirlf69","time":1612180064,"event":{"mods":["AchievementEnabler","BaseMod","Colored Map","DeckTracker","Keyboard Shortcuts","Minty Spire (QoL Compilation)","READ ME - Guardian Mod","StSLib","SuperFastMode"],"gold_per_floor":[12,12,12,29,45,76,91,101,124,173,98,98,98,128,128,128,128],"floor_reached":16,"language":"KOR","playtime":219,"items_purged":["Pain"],"score":220,"play_id":"5f66bee1-c0ba-440b-be79-3273fed77960","local_time":"20210201204744","is_ascension_mode":true,"campfire_choices":[{"floor":12,"key":"REST"},{"data":"True Grit","floor":15,"key":"SMITH"}],"circlet_count":0,"master_deck":["AscendersBane","Strike_R","Strike_R","Strike_R","Defend_R","Defend_R","Defend_R","Defend_R","Bash","Pommel Strike","Iron Wave","Anger","Bludgeon","True Grit+1","Shrug It Off","Warcry"],"relics":["Burning Blood","Bird Faced Urn","WarpedTongs","Red Skull","Tiny Chest","Lantern"],"acts_visited":["Exordium"],"potions_floor_usage":[6],"damage_taken":[{"damage":14,"enemies":"Jaw Worm","floor":1,"turns":4},{"damage":7,"enemies":"Small Slimes","floor":4,"turns":3},{"damage":3,"enemies":"Cultist","floor":5,"turns":3},{"damage":34,"enemies":"Gremlin Nob","floor":6,"turns":4},{"damage":18,"enemies":"Exordium Thugs","floor":7,"turns":5},{"damage":10,"enemies":"3 Louse","floor":8,"turns":4},{"damage":15,"enemies":"3 Sentries","floor":14,"turns":8},{"damage":34,"enemies":"Slime Boss","floor":16,"turns":5}],"seed_played":"6297334699935273601","potions_obtained":[{"floor":4,"key":"DistilledChaos"},{"floor":5,"key":"GamblersBrew"},{"floor":6,"key":"Weak Potion"}],"is_trial":false,"path_per_floor":["M","?","?","M","M","E","M","M","T","T","$","R","?","E","R","B"],"character_chosen":"IRONCLAD","items_purchased":[],"campfire_rested":1,"item_purchase_floors":[],"current_hp_per_floor":[60,60,60,59,62,34,22,18,18,18,18,40,40,31,31,0,0],"gold":128,"neow_bonus":"ONE_RARE_RELIC","is_daily":false,"chose_seed":false,"campfire_upgraded":1,"win_rate":0.0,"timestamp":1612180064,"path_taken":["M","?","?","?","M","E","M","M","T","?","$","R","?","E","R","BOSS"],"items_purchased_type":[],"build_version":"2020-12-22","purchased_purges":1,"victory":false,"max_hp_per_floor":[75,75,75,75,75,75,75,75,75,75,75,75,75,75,75,75,75],"card_choices":[{"not_picked":["Wild Strike","Disarm"],"picked":"Pommel Strike","floor":1},{"not_picked":["Bloodletting","Infernal Blade"],"picked":"Anger","floor":4},{"not_picked":["Anger","Headbutt"],"picked":"Bludgeon","floor":5},{"not_picked":["Sword Boomerang","Perfected Strike"],"picked":"True Grit","floor":6},{"not_picked":["True Grit","Double Tap"],"picked":"Shrug It Off","floor":7},{"not_picked":["Clash","Perfected Strike","Havoc"],"picked":"SKIP","floor":8},{"not_picked":["Clothesline","Iron Wave"],"picked":"Warcry","floor":14}],"player_experience":1452735,"relics_obtained":[{"floor":9,"key":"Red Skull"},{"floor":10,"key":"Tiny Chest"},{"floor":14,"key":"Lantern"}],"event_choices":[{"damage_healed":0,"gold_gain":0,"cards_transformed":["Strike_R"],"player_choice":"Change","damage_taken":0,"max_hp_gain":0,"max_hp_loss":0,"event_name":"Living Wall","floor":2,"gold_loss":0,"cards_obtained":["Iron Wave"]},{"damage_healed":0,"gold_gain":0,"player_choice":"Rummage","damage_taken":0,"relics_obtained":["WarpedTongs"],"max_hp_gain":0,"max_hp_loss":0,"event_name":"Accursed Blacksmith","floor":3,"gold_loss":0,"cards_obtained":["Pain"]},{"cards_removed":["Strike_R"],"damage_healed":0,"gold_gain":0,"player_choice":"Purged","damage_taken":0,"max_hp_gain":0,"max_hp_loss":0,"event_name":"Purifier","floor":13,"gold_loss":0}],"is_beta":false,"boss_relics":[],"items_purged_floors":[11],"is_endless":false,"potions_floor_spawned":[4,5,6],"killed_by":"Slime Boss","ascension_level":20}}