{"host":"xt8a2gaayqxupton","time":1612210928,"event":{"mods":["2.2 Compatiblity","Abigail Mod","AchievementEnabler","Act Like it!","Arknights","BaseMod","CapriCore","Chen","Colored Map","Dota2Spire","Gensokyo","GungeonMod","Hallownest","Koishi","KomeijiMod","Lobotomy","Marisa£¨Ùöéë¡¡Øª×âÞÞ£©","Minty Spire (QoL Compilation)","Reimu£¨ÚÏ???£©","StSLib","The Administrix","The Animator","The Bug Knight","The Immortal","Yakumo Yukari mod","Yuyuko"],"gold_per_floor":[174,186,4,4,17,32,262,293,293,170,185,200,235,235,235,336,336,348,104,115,127,127,144,61,89,137,137,151,31,41,74,74,175,175,390,404,109,109,124,154,154,186,186,186,201,51,66,77,77,77,77,77,77,2,34,34],"floor_reached":57,"language":"KOR","playtime":2478,"items_purged":[],"score":1401,"play_id":"0e97f5b7-2970-4c09-94fb-a032b55efb91","local_time":"20210202052208","is_ascension_mode":false,"campfire_choices":[{"floor":27.0,"key":"REST"},{"floor":32.0,"key":"REST"},{"data":"Culling","floor":41.0,"key":"SMITH"},{"floor":44,"key":"RECALL"},{"data":"MillenniumVampire","floor":49,"key":"SMITH"},{"data":"Reaper_Remiria","floor":53,"key":"SMITH"}],"circlet_count":0,"master_deck":["Strike_Remiria","Strike_Remiria","Strike_Remiria","Strike_Remiria","Defend_Remirira","Defend_Remirira","Defend_Remirira","Absorbed","Scratch","Culling+1","DamonLordCradle_Remiria","BloodCleaner","BombardNight+1","AllTheWorldInNightmare","Reaper_Remiria+1","BloodCleaner","HeartBreak_Remiria","ThirstForBlood","VampirishNight","Gensokyo:AllTheWorldsEvil","StigmaNizer","RocketKickup","CurseofVladTepes+1","StigmaNizer","MillenniumVampire+1","StigmaNizer+1","StigmaNizer+1","DemonsDinnerFork_Remiria+1","BloodCleaner+1","AllTheWorldInNightmare"],"relics":["ThirstyCrossSpe","RuthlessExorcism:ReiMu","Pen Nib","Dota2Spire:MagicBottle","Lizard Tail","Question Card","GoodDreamPillow","Dota2Spire:EchoSabre","Strawberry","Black Star","Shuriken","Gambling Chip","DemoMod:BlueGuonStone","Omamori","Gensokyo:DemonMask","Dota2Spire:Dagon","Dota2Spire:ArcaneBoots","Dota2Spire:ArmletOfMordiggian","DemoMod:RiddleOfLead","ClockworkSouvenir","DollysMirror","Gensokyo:EmptyGrave","Regal Pillow","Frozen Egg 2","Toy Ornithopter","DemoMod:WhiteGuonStone","Ornamental Fan","Bronze Scales","Mummified Hand"],"acts_visited":["Gensokyo:Gensokyo","Gensokyo:Gensokyoer","Gensokyo:Gensokyoest","TheEnding"],"potions_floor_usage":[56,56],"damage_taken":[{"damage":2.0,"enemies":"Gensokyo:Gryphon","floor":1.0,"turns":3.0},{"damage":3.0,"enemies":"Gensokyo:2_Kodama","floor":2.0,"turns":3.0},{"damage":10.0,"enemies":"Gensokyo:3_Fairies","floor":5.0,"turns":6.0},{"damage":15.0,"enemies":"Gensokyo:Gryphon_and_Rabbit","floor":6.0,"turns":6.0},{"damage":29.0,"enemies":"Gensokyo:Mamizou","floor":7.0,"turns":9.0},{"damage":12.0,"enemies":"Gensokyo:Aya","floor":8.0,"turns":3.0},{"damage":3.0,"enemies":"Gensokyo:3_Kodama","floor":11.0,"turns":4.0},{"damage":3.0,"enemies":"Gensokyo:VengefulSpirit","floor":12.0,"turns":4.0},{"damage":8.0,"enemies":"Gensokyo:Aya","floor":13.0,"turns":4.0},{"damage":27.0,"enemies":"Gensokyo:Reimu","floor":16.0,"turns":6.0},{"damage":2.0,"enemies":"Gensokyo:2_Gloops","floor":18.0,"turns":3.0},{"damage":11.0,"enemies":"Gensokyo:CosmicMonolith","floor":20.0,"turns":3.0},{"damage":42.0,"enemies":"Gensokyo:Wraith","floor":21.0,"turns":5.0},{"damage":30.0,"enemies":"Gensokyo:Swordslinger","floor":23.0,"turns":2.0},{"damage":15.0,"enemies":"Gensokyo:Koishi","floor":25.0,"turns":4.0},{"damage":7.0,"enemies":"Gensokyo:Chomper_and_Gloop","floor":28.0,"turns":4.0},{"damage":1.0,"enemies":"Gensokyo:3_Gloops","floor":30.0,"turns":3.0},{"damage":20.0,"enemies":"Gensokyo:Tenshi","floor":31.0,"turns":5.0},{"damage":35.0,"enemies":"Gensokyo:Eternal_Rivals","floor":33.0,"turns":7.0},{"damage":3.0,"enemies":"Gensokyo:AncientGuardian","floor":35.0,"turns":6.0},{"damage":0.0,"enemies":"Gensokyo:3_Bats","floor":36.0,"turns":1.0},{"damage":13.0,"enemies":"Gensokyo:Dusk_and_Dawn","floor":39.0,"turns":2.0},{"damage":9.0,"enemies":"Gensokyo:Kasen","floor":40.0,"turns":3.0},{"damage":12,"enemies":"Gensokyo:Doremy","floor":42,"turns":5},{"damage":1,"enemies":"Gensokyo:4_Bats","floor":45,"turns":2},{"damage":0,"enemies":"Gensokyo:AtlasGolem","floor":47,"turns":2},{"damage":11,"enemies":"Gensokyo:Sharpion","floor":48,"turns":2},{"damage":7,"enemies":"Gensokyo:Yuyuko","floor":50,"turns":5},{"damage":26,"enemies":"Shield and Spear","floor":55,"turns":4},{"damage":39,"enemies":"The Heart","floor":56,"turns":5}],"seed_played":"6644051112931185163","potions_obtained":[{"floor":1.0,"key":"Regen Potion"},{"floor":2.0,"key":"Swift Potion"},{"floor":8.0,"key":"Dota2Spire:Clarity"},{"floor":12.0,"key":"ZuzhouPotion:ReiMu"},{"floor":16.0,"key":"SkillPotion"},{"floor":25.0,"key":"EssenceOfSteel"},{"floor":28.0,"key":"SkillPotion"},{"floor":33.0,"key":"EssenceOfSteel"},{"floor":36.0,"key":"JyouchiReiPotion"},{"floor":39.0,"key":"Swift Potion"},{"floor":42,"key":"DuplicationPotion"},{"floor":45,"key":"LiquidMemories"}],"is_trial":false,"path_per_floor":["M","M","COS","?","M","M","E","?","T","?","M","M","E","?","R","B",null,"M","$","M","M","?","M","COS","E","T","R","M","?","M","E","R","B",null,"M","M","COS","?","M","E","R","E","T","R","M","$","M","M","R","B",null,null,"R","$","E","B",null],"character_chosen":"RemiriaScarlet","items_purchased":["Shuriken"],"campfire_rested":2,"item_purchase_floors":[19],"current_hp_per_floor":[98,95,95,95,85,82,53,47,47,47,44,41,42,39,39,27,117,115,115,104,62,62,32,32,17,17,52,45,45,44,24,59,24,127,124,124,124,117,104,102,117,113,113,113,112,112,112,101,101,101,101,117,117,117,91,74],"gold":34,"neow_bonus":"RANDOM_COMMON_RELIC","is_daily":false,"chose_seed":false,"campfire_upgraded":3,"win_rate":0.0,"timestamp":1612210928,"path_taken":["M","M","COS","?","M","M","E","?","T","?","M","?","E","?","R","BOSS","M","$","M","M","?","M","COS","E","T","R","M","?","M","E","R","BOSS","M","M","COS","?","M","E","R","E","T","R","M","$","M","M","R","BOSS","R","$","E","BOSS"],"items_purchased_type":["Relic"],"build_version":"2020-12-22","purchased_purges":0,"victory":true,"max_hp_per_floor":[100,100,100,100,100,100,100,100,100,100,100,100,100,107,117,117,117,117,117,117,117,117,117,117,117,117,117,117,117,117,117,117,117,127,127,127,127,117,117,117,117,117,117,117,117,117,117,117,117,117,117,117,117,117,117,117],"card_choices":[{"not_picked":["Paradox","FierceSweep"],"picked":"Culling","floor":1.0},{"not_picked":["Offensive","TricksterDevil"],"picked":"DamonLordCradle_Remiria","floor":2.0},{"not_picked":["Cripple","YoungDemonLord"],"picked":"BloodCleaner","floor":5.0},{"not_picked":["YoungDemonLord+1","CruelSlaughter+1"],"picked":"BombardNight+1","floor":5.0},{"not_picked":["DoubleEdge","FateEnsemble"],"picked":"AllTheWorldInNightmare","floor":6.0},{"not_picked":["DamonLordCradle_Remiria","FitfulNightmare","BathedInBlood"],"picked":"SKIP","floor":7.0},{"not_picked":["BloodCollect","DoubleEdge","Warpath"],"picked":"SKIP","floor":8.0},{"not_picked":["TricksterDevil","DoubleEdge","Warpath","ServantFlier"],"picked":"SKIP","floor":11.0},{"not_picked":["TricksterDevil","TrickFate","BloodCollect"],"picked":"Reaper_Remiria","floor":12.0},{"not_picked":["FateMeister","BloodySuit","BloodCollect"],"picked":"BloodCleaner","floor":13.0},{"not_picked":["RedMagic","FateConcerto","ScarletDestiny"],"picked":"HeartBreak_Remiria","floor":16.0},{"not_picked":["BloodPact","ScarletNetherworld+1","BodyStrengthen","TricksterDevil"],"picked":"SKIP","floor":18.0},{"not_picked":["Cripple","FierceSweep","Warpath"],"picked":"ThirstForBlood","floor":20.0},{"not_picked":["Tepes","VampireKiss_Remiria","ServantFlier+1"],"picked":"VampirishNight","floor":21.0},{"not_picked":["Warpath","NaturallyHealing+1","FierceSweep"],"picked":"StigmaNizer","floor":23.0},{"not_picked":["FitfulNightmare","BloodSurge","ThirstForBlood"],"picked":"RocketKickup","floor":25.0},{"not_picked":["Warpath+1","BloodCollect+1","YoungDemonLord+1","BathedInBlood"],"picked":"SKIP","floor":28.0},{"not_picked":["SeparateFleshBlood","TricksterDevil","Warpath+1"],"picked":"CurseofVladTepes+1","floor":30.0},{"not_picked":["VampireClaw","PartStrengthen","ServantFlier"],"picked":"StigmaNizer","floor":31.0},{"not_picked":["BombardNight","FitfulNightmare","HeartBreak_Remiria"],"picked":"MillenniumVampire","floor":33.0},{"not_picked":["CombatMeter","VampirishNight+1","BloodCleaner"],"picked":"StigmaNizer+1","floor":35.0},{"not_picked":["BloodySuit","Feint","DoubleEdge"],"picked":"StigmaNizer+1","floor":36.0},{"not_picked":["VampirishNight+1","DoubleEdge","BodyStrengthen+1"],"picked":"DemonsDinnerFork_Remiria+1","floor":39.0},{"not_picked":["BloodCollect","DamonLordCradle_Remiria","BloodPact+1","ThePrice"],"picked":"SKIP","floor":40.0},{"not_picked":["SeparateFleshBlood+1","StigmaNizer+1","CruelSlaughter+1"],"picked":"BloodCleaner+1","floor":42},{"not_picked":["Cripple","FastHealing+1","ThePrice+1","Impregnable+1"],"picked":"SKIP","floor":45},{"not_picked":["Warpath+1","Feint","BloodySuit+1","StigmaNizer"],"picked":"SKIP","floor":47},{"not_picked":["ThirstForBlood+1","Warpath+1","Feint","BloodCollect"],"picked":"SKIP","floor":48},{"not_picked":["DoubleEdge+1","StigmaNizer+1","Tepes"],"picked":"AllTheWorldInNightmare","floor":55}],"player_experience":586705,"relics_obtained":[{"floor":7.0,"key":"Dota2Spire:MagicBottle"},{"floor":8.0,"key":"Question Card"},{"floor":13.0,"key":"Dota2Spire:EchoSabre"},{"floor":25.0,"key":"Gambling Chip"},{"floor":25.0,"key":"DemoMod:BlueGuonStone"},{"floor":26.0,"key":"Omamori"},{"floor":31.0,"key":"Dota2Spire:ArcaneBoots"},{"floor":31.0,"key":"Dota2Spire:ArmletOfMordiggian"},{"floor":40.0,"key":"Regal Pillow"},{"floor":40.0,"key":"Frozen Egg 2"},{"floor":42,"key":"Toy Ornithopter"},{"floor":42,"key":"DemoMod:WhiteGuonStone"},{"floor":43,"key":"Ornamental Fan"},{"floor":55,"key":"Bronze Scales"},{"floor":55,"key":"Mummified Hand"}],"event_choices":[],"is_beta":false,"boss_relics":[{"not_picked":["Velvet Choker","Pandora\u0027s Box"],"picked":"Black Star"},{"not_picked":["Coffee Dripper","Astrolabe"],"picked":"DemoMod:RiddleOfLead"}],"items_purged_floors":[],"is_endless":false,"potions_floor_spawned":[1,2,8,12,16,23,25,28,33,36,39,42,45],"ascension_level":0}}