{"host":"jczpfntkj7lke2b5","time":1612192290,"event":{"mods":["2.2 Compatiblity","AchievementEnabler","BaseMod","Block Reminder","Colored Map","Colored Powertips","Highlight Path","Minty Spire (QoL Compilation)","Permanent Neow","Random Character Button","Random Character Mod","Rare Cards Sparkle","Relic Stats","Shop Mod","StSLib"],"gold_per_floor":[111,129,4138,4158,4177,4207,3601,3601,3601,3617,3092,3092,3126,3136,3136,3239,3239,3257,2224,2237,2256,1095,1095,1128,1128,1128,1142,1155,1173,1173,1187,1187,1292,1292,1309,1309,1321,278,294,326,326,340,340,340,360,2349,2349,2359,2359,2359],"floor_reached":51,"language":"ENG","playtime":5336,"items_purged":["Strike_G","Defend_G","Strike_G","Defend_G","Strike_G","Strike_G"],"score":1013,"play_id":"cf6d0ecd-ddd4-4506-a061-f8286f7efdd9","local_time":"20210201161130","is_ascension_mode":false,"campfire_choices":[{"data":"Poisoned Stab","floor":12,"key":"SMITH"},{"data":"Survivor","floor":15,"key":"SMITH"},{"data":"Dodge and Roll","floor":23,"key":"SMITH"},{"data":"Noxious Fumes","floor":25,"key":"SMITH"},{"data":"Neutralize","floor":32,"key":"SMITH"},{"data":"Dagger Spray","floor":41,"key":"SMITH"},{"data":"Leg Sweep","floor":44,"key":"SMITH"},{"data":"Riddle With Holes","floor":47,"key":"SMITH"},{"data":"Sucker Punch","floor":49,"key":"SMITH"}],"circlet_count":0,"master_deck":["Strike_G","Defend_G","Defend_G","Survivor+1","Neutralize+1","Night Terror","Poisoned Stab+1","Dodge and Roll+1","Sadistic Nature","All Out Attack","Noxious Fumes+1","Unload","Doppelganger","Adrenaline","PiercingWail","Terror","Leg Sweep+1","Secret Weapon","Sucker Punch+1","Riddle With Holes+1","Dodge and Roll","Acrobatics","Infinite Blades+1","Dagger Spray+1","Flying Knee","Poisoned Stab","Adrenaline","Blur","Infinite Blades+1","Backstab","Backflip","A Thousand Cuts+1","Quick Slash","All Out Attack+1","Underhanded Strike+1","Blade Dance+1","Deflect+1","Well Laid Plans+1","Leg Sweep+1","Dodge and Roll+1","The Bomb+1","Dark Shackles+1","Heel Hook+1","Poisoned Stab+1","PiercingWail+1","Deadly Poison+1","Noxious Fumes+1","Dash+1","Blur+1","Skewer+1","Quick Slash+1","Dagger Spray+1","A Thousand Cuts+1","Bouncing Flask+1","Terror+1","Mayhem+1","Finisher+1","Masterful Stab+1","Backflip+1","Crippling Poison+1","Well Laid Plans+1","Acrobatics+1","Envenom+1","Blur+1","Dash+1","Master of Strategy+1","Quick Slash+1","Slice+1","Blade Dance+1","PiercingWail+1","Well Laid Plans+1","Blade Dance+1"],"relics":["Ring of the Snake","MerchantsRug","Omamori","Snake Skull","Kunai","Frozen Egg 2","Toolbox","Pen Nib","Letter Opener","Bottled Flame","Medical Kit","Shuriken","WristBlade","Molten Egg 2","Toxic Egg 2","ClockworkSouvenir","Incense Burner","Cauldron","Blood Vial","Pantograph","SacredBark","Anchor","InkBottle","Frozen Eye","MealTicket","Bronze Scales","Vajra","Paper Crane"],"acts_visited":["Exordium","TheCity","TheBeyond"],"potions_floor_usage":[6,16,16,16,22,33,33,33,50,50],"damage_taken":[{"damage":0,"enemies":"2 Louse","floor":1,"turns":2},{"damage":0,"enemies":"Cultist","floor":2,"turns":3},{"damage":0,"enemies":"Small Slimes","floor":4,"turns":2},{"damage":0,"enemies":"3 Louse","floor":5,"turns":2},{"damage":10,"enemies":"Gremlin Nob","floor":6,"turns":3},{"damage":0,"enemies":"Exordium Wildlife","floor":10,"turns":3},{"damage":0,"enemies":"Lagavulin","floor":13,"turns":2},{"damage":0,"enemies":"Looter","floor":14,"turns":2},{"damage":0,"enemies":"Hexaghost","floor":16,"turns":4},{"damage":4,"enemies":"Shell Parasite","floor":18,"turns":2},{"damage":0,"enemies":"3 Byrds","floor":20,"turns":2},{"damage":0,"enemies":"Centurion and Healer","floor":21,"turns":2},{"damage":0,"enemies":"Book of Stabbing","floor":24,"turns":2},{"damage":0,"enemies":"Snake Plant","floor":27,"turns":2},{"damage":0,"enemies":"Shelled Parasite and Fungi","floor":28,"turns":2},{"damage":12,"enemies":"Centurion and Healer","floor":29,"turns":2},{"damage":0,"enemies":"Snake Plant","floor":31,"turns":2},{"damage":0,"enemies":"Automaton","floor":33,"turns":3},{"damage":2,"enemies":"3 Shapes","floor":35,"turns":2},{"damage":2,"enemies":"3 Darklings","floor":37,"turns":2},{"damage":0,"enemies":"4 Shapes","floor":39,"turns":2},{"damage":0,"enemies":"Nemesis","floor":40,"turns":5},{"damage":0,"enemies":"Maw","floor":42,"turns":3},{"damage":0,"enemies":"3 Darklings","floor":45,"turns":2},{"damage":0,"enemies":"Writhing Mass","floor":48,"turns":2},{"damage":26,"enemies":"Time Eater","floor":50,"turns":5}],"seed_played":"-5435633220229607257","potions_obtained":[{"floor":2,"key":"Energy Potion"},{"floor":4,"key":"LiquidMemories"},{"floor":5,"key":"Fruit Juice"},{"floor":6,"key":"Energy Potion"},{"floor":13,"key":"Weak Potion"},{"floor":14,"key":"DuplicationPotion"},{"floor":22,"key":"EntropicBrew"},{"floor":33,"key":"SkillPotion"},{"floor":35,"key":"SteroidPotion"},{"floor":42,"key":"DuplicationPotion"}],"is_trial":false,"path_per_floor":["M","M","$","M","M","E","$","?","T","M","$","R","E","M","R","B",null,"M","$","M","M","$","R","E","R","T","M","M","M","?","M","R","B",null,"M","?","M","$","M","E","R","M","T","R","M","$","R","M","R","B",null],"character_chosen":"THE_SILENT","items_purchased":["MerchantsRug","Omamori","Dream Catcher","Membership Card","Sadistic Nature","All Out Attack","Noxious Fumes","Unload","Doppelganger","Adrenaline","Kunai","Frozen Egg 2","Secret Weapon","Sucker Punch","Riddle With Holes","Dodge and Roll","Acrobatics","Infinite Blades+1","Toolbox","Letter Opener","Bottled Flame","Medical Kit","Flying Knee","Poisoned Stab","Adrenaline","Blur","Infinite Blades+1","Molten Egg 2","Toxic Egg 2","ClockworkSouvenir","All Out Attack+1","Underhanded Strike+1","Blade Dance+1","Deflect+1","Well Laid Plans+1","Incense Burner","Cauldron","The Bomb+1","Dark Shackles+1","Heel Hook+1","Poisoned Stab+1","PiercingWail+1","Deadly Poison+1","Noxious Fumes+1","Anchor","InkBottle","Frozen Eye","Mayhem+1","Finisher+1","Masterful Stab+1","Backflip+1","Crippling Poison+1","Well Laid Plans+1","Vajra","Paper Crane","Master of Strategy+1","Quick Slash+1","Slice+1","Blade Dance+1","PiercingWail+1","Well Laid Plans+1"],"campfire_rested":0,"item_purchase_floors":[3,3,3,3,3,3,3,3,3,3,7,7,7,7,7,7,7,7,7,11,11,11,11,11,11,11,11,19,19,19,19,19,19,19,19,22,22,22,22,22,22,22,22,22,38,38,38,38,38,38,38,38,38,46,46,46,46,46,46,46,46],"current_hp_per_floor":[70,70,70,70,70,75,75,75,75,75,75,75,75,75,75,75,75,71,71,71,71,71,71,71,71,71,73,75,75,61,80,80,80,80,78,78,78,78,80,80,80,80,80,80,80,80,80,80,80,54],"gold":2359,"neow_bonus":"THREE_RARE_CARDS","is_daily":false,"chose_seed":false,"campfire_upgraded":9,"win_rate":0.0,"timestamp":1612192290,"path_taken":["M","M","$","M","M","E","$","?","T","M","$","R","E","?","R","BOSS","M","$","?","M","?","R","E","R","T","M","M","M","?","M","R","BOSS","M","?","M","$","M","E","R","M","T","R","M","$","R","M","R","BOSS"],"items_purchased_type":["Relic","Relic","Relic","Relic","Card","Card","Card","Card","Card","Card","Relic","Relic","Card","Card","Card","Card","Card","Card","Relic","Relic","Relic","Relic","Card","Card","Card","Card","Card","Relic","Relic","Relic","Card","Card","Card","Card","Card","Relic","Relic","Card","Card","Card","Card","Card","Card","Card","Relic","Relic","Relic","Card","Card","Card","Card","Card","Card","Relic","Relic","Card","Card","Card","Card","Card","Card"],"build_version":"2020-12-13","purchased_purges":6,"victory":true,"max_hp_per_floor":[70,70,70,70,70,75,75,75,75,75,75,75,75,75,75,75,75,75,75,75,75,75,75,75,75,75,75,75,75,80,80,80,80,80,80,80,80,80,80,80,80,80,80,80,80,80,80,80,80,80],"relic_stats":{"counters":[26,65],"Snake Skull":[65],"Pen Nib":[20],"Letter Opener":[201],"Medical Kit":[0],"Blood Vial":10,"Shuriken":[46],"Pantograph":0,"Bronze Scales":[27],"MealTicket":0,"Kunai":[48],"obtain_stats":[{"SacredBark":34,"Vajra":46,"Snake Skull":6,"Incense Burner":22,"ClockworkSouvenir":19,"Blood Vial":24,"Frozen Eye":38,"Dream Catcher":3,"WristBlade":17,"Pantograph":26,"Toolbox":7,"MealTicket":40,"Kunai":7,"Toxic Egg 2":19,"InkBottle":38,"Ring of the Snake":0,"MerchantsRug":3,"Pen Nib":9,"Omamori":3,"Letter Opener":11,"Frozen Egg 2":7,"Paper Crane":46,"Medical Kit":11,"Cauldron":22,"Bottled Flame":11,"Anchor":38,"Shuriken":13,"Bronze Scales":43,"Molten Egg 2":19,"Membership Card":3},{"SacredBark":18,"Vajra":24,"Snake Skull":5,"Incense Burner":12,"ClockworkSouvenir":10,"Blood Vial":13,"Frozen Eye":20,"Dream Catcher":2,"WristBlade":9,"Pantograph":13,"Toolbox":5,"MealTicket":22,"Kunai":5,"Toxic Egg 2":10,"InkBottle":20,"Ring of the Snake":0,"MerchantsRug":2,"Pen Nib":5,"Omamori":2,"Letter Opener":6,"Frozen Egg 2":5,"Paper Crane":24,"Medical Kit":6,"Cauldron":12,"Bottled Flame":6,"Anchor":20,"Shuriken":7,"Bronze Scales":23,"Molten Egg 2":10,"Membership Card":2},{"SacredBark":42,"Vajra":58,"Snake Skull":12,"Incense Burner":29,"ClockworkSouvenir":25,"Blood Vial":31,"Frozen Eye":46,"Dream Catcher":5,"WristBlade":23,"Pantograph":31,"Toolbox":12,"MealTicket":53,"Kunai":12,"Toxic Egg 2":25,"InkBottle":46,"Ring of the Snake":0,"MerchantsRug":5,"Pen Nib":12,"Omamori":5,"Letter Opener":15,"Frozen Egg 2":12,"Paper Crane":58,"Medical Kit":15,"Cauldron":29,"Bottled Flame":15,"Anchor":46,"Shuriken":17,"Bronze Scales":56,"Molten Egg 2":25,"Membership Card":5}],"InkBottle":[15],"Ring of the Snake":[52]},"card_choices":[{"not_picked":["Glass Knife","Bullet Time"],"picked":"Night Terror","floor":0},{"not_picked":["Deflect","Infinite Blades"],"picked":"Poisoned Stab","floor":1},{"not_picked":["Poisoned Stab","Outmaneuver"],"picked":"Dodge and Roll","floor":2},{"not_picked":["Well Laid Plans","Eviscerate"],"picked":"PiercingWail","floor":4},{"not_picked":["Flechettes","Heel Hook"],"picked":"Terror","floor":5},{"not_picked":["Underhanded Strike","Slice"],"picked":"Leg Sweep","floor":6},{"not_picked":["Reflex","Riddle With Holes"],"picked":"Dagger Spray","floor":10},{"not_picked":["PiercingWail","Bullet Time"],"picked":"Backstab","floor":13},{"not_picked":["Flying Knee","Riddle With Holes"],"picked":"Backflip","floor":14},{"not_picked":["Envenom+1","Venomology"],"picked":"A Thousand Cuts+1","floor":16},{"not_picked":["Dodge and Roll","Well Laid Plans+1"],"picked":"Quick Slash","floor":18},{"not_picked":["Outmaneuver+1","PiercingWail+1"],"picked":"Leg Sweep+1","floor":20},{"not_picked":["Eviscerate+1","Calculated Gamble+1"],"picked":"Dodge and Roll+1","floor":21},{"not_picked":["Reflex+1","Prepared+1"],"picked":"Dash+1","floor":24},{"not_picked":["All Out Attack+1","Heel Hook+1"],"picked":"Blur+1","floor":27},{"not_picked":["Venomology+1","Dagger Throw+1"],"picked":"Skewer+1","floor":28},{"not_picked":["Distraction+1","Dagger Throw+1"],"picked":"Quick Slash+1","floor":29},{"not_picked":["Poisoned Stab+1","Escape Plan+1"],"picked":"Dagger Spray+1","floor":31},{"not_picked":["Tools of the Trade+1","Adrenaline+1"],"picked":"A Thousand Cuts+1","floor":33},{"not_picked":["Dagger Throw+1","Underhanded Strike+1"],"picked":"Bouncing Flask+1","floor":35},{"not_picked":["Backstab+1","Heel Hook+1"],"picked":"Terror+1","floor":37},{"not_picked":["Outmaneuver+1","Prepared+1"],"picked":"Acrobatics+1","floor":39},{"not_picked":["Endless Agony+1","Flying Knee+1"],"picked":"Envenom+1","floor":40},{"not_picked":["Poisoned Stab+1","PiercingWail+1"],"picked":"Blur+1","floor":42},{"not_picked":["Deadly Poison+1","Escape Plan+1"],"picked":"Dash+1","floor":45},{"not_picked":["Skewer+1","Dagger Spray+1"],"picked":"Blade Dance+1","floor":48}],"player_experience":60216,"relics_obtained":[{"floor":6,"key":"Snake Skull"},{"floor":9,"key":"Pen Nib"},{"floor":13,"key":"Shuriken"},{"floor":24,"key":"Blood Vial"},{"floor":26,"key":"Pantograph"},{"floor":40,"key":"MealTicket"},{"floor":43,"key":"Bronze Scales"}],"event_choices":[{"damage_healed":0,"gold_gain":0,"player_choice":"Full Heal","damage_taken":0,"max_hp_gain":0,"max_hp_loss":0,"event_name":"Wheel of Change","floor":8,"gold_loss":0},{"damage_healed":0,"gold_gain":0,"player_choice":"Shed Blood","damage_taken":19,"max_hp_gain":5,"max_hp_loss":0,"event_name":"Forgotten Altar","floor":30,"gold_loss":0},{"cards_removed":["Defend_G"],"damage_healed":0,"gold_gain":0,"player_choice":"Removed Skill","damage_taken":0,"max_hp_gain":0,"max_hp_loss":0,"event_name":"Falling","floor":36,"gold_loss":0}],"is_beta":false,"boss_relics":[{"not_picked":["SlaversCollar","Velvet Choker"],"picked":"WristBlade"},{"not_picked":["Cursed Key","Calling Bell"],"picked":"SacredBark"}],"items_purged_floors":[3,7,11,19,22,46],"is_endless":false,"potions_floor_spawned":[2,4,5,6,13,14,24,29,33,35,42],"ascension_level":0}}