{"host":"d5i1qeb9dejicw1z","time":1612141432,"event":{"mods":["AchievementEnabler","BaseMod","Better Note","BetterRewards","Evolution","Gold Saver","Minty Spire (QoL Compilation)","Permanent Neow","Relic Filter Mod","Reliquary","StSLib"],"gold_per_floor":[259,259,271,271,28,28,60,160,160,160,178,196,196,211,211,288,288,300,300,314,294,25,25,60,77,100,100,100],"floor_reached":27,"language":"ENG","playtime":733,"items_purged":["Defend_B"],"score":475,"play_id":"78de4194-45d2-411d-bdcb-c89ee333002c","local_time":"20210131170352","is_ascension_mode":true,"campfire_choices":[{"data":"Zap","floor":6,"key":"SMITH"},{"data":"Leap","floor":10,"key":"SMITH"},{"data":"Leap","floor":13,"key":"SMITH"},{"floor":15,"key":"REST"},{"data":"Apotheosis","floor":23,"key":"SMITH"}],"circlet_count":0,"master_deck":["AscendersBane","Sweeping Beam","Sweeping Beam","Leap+1","Leap+1","Leap","Zap+1","Dualcast","Melter","Chaos+1","Cold Snap+1","White Noise","Ball Lightning+1","Defragment","Apotheosis+1","Buffer","Leap+1"],"relics":["Cracked Core","EVO:Axolotl","Omamori","DataDisk","Blue Candle","Molten Egg 2","Empty Cage","reliquary:Firecrackers","Art of War"],"acts_visited":["Exordium","TheCity"],"potions_floor_usage":[12,16,16,20,24,27],"damage_taken":[{"damage":0,"enemies":"Small Slimes","floor":1,"turns":2},{"damage":0,"enemies":"2 Louse","floor":3,"turns":2},{"damage":22,"enemies":"3 Sentries","floor":7,"turns":4},{"damage":0,"enemies":"Cultist","floor":11,"turns":3},{"damage":0,"enemies":"Gremlin Gang","floor":12,"turns":2},{"damage":0,"enemies":"Looter","floor":14,"turns":2},{"damage":16,"enemies":"Hexaghost","floor":16,"turns":8},{"damage":9,"enemies":"Shell Parasite","floor":18,"turns":3},{"damage":10,"enemies":"2 Thieves","floor":20,"turns":3},{"damage":54,"enemies":"Slavers","floor":24,"turns":5},{"damage":16,"enemies":"3 Cultists","floor":25,"turns":4},{"damage":8,"enemies":"Snake Plant","floor":27,"turns":3}],"seed_played":"6660032263591518889","potions_obtained":[{"floor":3,"key":"Strength Potion"},{"floor":7,"key":"PowerPotion"},{"floor":12,"key":"GamblersBrew"},{"floor":18,"key":"Explosive Potion"},{"floor":21,"key":"Block Potion"},{"floor":24,"key":"BlessingOfTheForge"}],"is_trial":false,"path_per_floor":["M","?","M","?","$","R","E","?","T","R","M","M","R","M","R","B",null,"M","?","M","?","$","R","E","M","T","M"],"character_chosen":"DEFECT","items_purchased":["DataDisk","Defragment","Apotheosis"],"campfire_rested":1,"item_purchase_floors":[5,22,22],"current_hp_per_floor":[64,69,69,69,69,69,47,47,47,47,47,47,47,47,69,53,70,61,86,76,76,76,76,22,6,6,0,0],"gold":100,"neow_bonus":"RANDOM_COMMON_RELIC","is_daily":false,"chose_seed":false,"campfire_upgraded":4,"win_rate":0.0,"timestamp":1612141432,"path_taken":["M","?","M","?","$","R","E","?","T","R","?","?","R","M","R","BOSS","M","?","?","?","$","R","E","M","T","M"],"items_purchased_type":["Relic","Card","Card"],"build_version":"2020-12-22","purchased_purges":1,"victory":false,"max_hp_per_floor":[71,76,76,76,76,76,76,76,76,76,76,76,76,76,76,76,76,76,86,86,86,86,86,86,86,86,86,86],"card_choices":[{"not_picked":["Ball Lightning","Hologram"],"picked":"Melter","floor":1},{"not_picked":["Compile Driver","Conserve Battery"],"picked":"Chaos","floor":3},{"not_picked":["Tempest","Hologram","Rebound"],"picked":"SKIP","floor":7},{"not_picked":["Conserve Battery","Coolheaded"],"picked":"Cold Snap+1","floor":11},{"not_picked":["Go for the Eyes+1","Hello World","Sweeping Beam+1"],"picked":"SKIP","floor":12},{"not_picked":["Glacier","Gash+1"],"picked":"White Noise","floor":14},{"not_picked":["All For One+1","Amplify"],"picked":"Fission","floor":16},{"not_picked":["Gash+1","Coolheaded"],"picked":"Ball Lightning+1","floor":18},{"not_picked":["Undo","Beam Cell+1","Recycle+1"],"picked":"SKIP","floor":20},{"not_picked":["Conserve Battery","Force Field"],"picked":"Buffer","floor":24},{"not_picked":["Redo","Aggregate"],"picked":"Leap+1","floor":25}],"player_experience":1207220,"relics_obtained":[{"floor":7,"key":"Blue Candle"},{"floor":9,"key":"Molten Egg 2"},{"floor":24,"key":"reliquary:Firecrackers"},{"floor":26,"key":"Art of War"}],"event_choices":[{"damage_healed":0,"gold_gain":0,"player_choice":"Donut","damage_taken":0,"max_hp_gain":5,"max_hp_loss":0,"event_name":"Big Fish","floor":2,"gold_loss":0},{"damage_healed":0,"gold_gain":0,"player_choice":"Grow","damage_taken":0,"max_hp_gain":0,"max_hp_loss":0,"event_name":"Living Wall","floor":4,"gold_loss":0,"cards_upgraded":["Chaos"]},{"damage_healed":0,"gold_gain":100,"player_choice":"Gold","damage_taken":0,"max_hp_gain":0,"max_hp_loss":0,"event_name":"Wheel of Change","floor":8,"gold_loss":0},{"cards_removed":["Fission"],"damage_healed":15,"gold_gain":0,"player_choice":"Offered Rare","damage_taken":0,"max_hp_gain":10,"max_hp_loss":0,"event_name":"Bonfire Elementals","floor":19,"gold_loss":0},{"damage_healed":0,"gold_gain":0,"player_choice":"Bought 1 Potion","damage_taken":0,"max_hp_gain":0,"max_hp_loss":0,"event_name":"The Woman in Blue","floor":21,"gold_loss":0}],"is_beta":false,"boss_relics":[{"not_picked":["Sozu","reliquary:WritOfMandamus"],"picked":"Empty Cage"}],"items_purged_floors":[5],"is_endless":false,"potions_floor_spawned":[3,7,12,18,24],"killed_by":"Snake Plant","ascension_level":19}}