{"host":"longl8q06p8gbdym","time":1612175590,"event":{"mods":["AchievementEnabler","Act Like it!","Aspiration","BaseMod","Better Vampires","Colored Powertips","Hallownest","Infinite Spire","Jorbs\u0027s Wanderer Trilogy","Mimic Mod","Minty Spire (QoL Compilation)","Quick Restart","Reliquary","StSLib","The Bug Knight"],"gold_per_floor":[117,117,217,231,33,74,87,87,87,111,129,143,169,198,198,203,203],"floor_reached":16,"language":"ZHS","playtime":1213,"items_purged":["stsjorbsmod:Strike_Wanderer"],"score":131,"play_id":"10b450f8-af58-4984-bb80-31f5e87a7b7f","local_time":"20210201183310","is_ascension_mode":false,"campfire_choices":[{"data":"stsjorbsmod:Prestidigitation","floor":8,"key":"SMITH"},{"data":"stsjorbsmod:OldPocket","floor":15,"key":"SMITH"}],"circlet_count":0,"master_deck":["stsjorbsmod:ForbiddenGrimoire+1","stsjorbsmod:Strike_Wanderer","stsjorbsmod:Strike_Wanderer","stsjorbsmod:Strike_Wanderer","stsjorbsmod:Defend_Wanderer","stsjorbsmod:Defend_Wanderer","stsjorbsmod:Defend_Wanderer","stsjorbsmod:Defend_Wanderer","stsjorbsmod:FreshAdventure","stsjorbsmod:EyeOfTheStorm","stsjorbsmod:SchoolsOfMagic","stsjorbsmod:WanderingMind","stsjorbsmod:Counterspell","stsjorbsmod:Prestidigitation+1","stsjorbsmod:FracturedMind","stsjorbsmod:Trauma","stsjorbsmod:ParryingBlow","stsjorbsmod:OldPocket+1","stsjorbsmod:Patron"],"relics":["stsjorbsmod:GrimoireRelic","NeowsBlessing","Golden Idol","stsjorbsmod:BottledMemoryRelic","reliquary:WeakTea"],"acts_visited":["Exordium"],"potions_floor_usage":[16,16,16],"damage_taken":[{"damage":0,"enemies":"Jaw Worm","floor":1,"turns":1},{"damage":0,"enemies":"2 Louse","floor":4,"turns":1},{"damage":0,"enemies":"3 Sentries","floor":6,"turns":1},{"damage":2,"enemies":"Cultist","floor":7,"turns":6},{"damage":9,"enemies":"3 Louse","floor":10,"turns":3},{"damage":2,"enemies":"Looter","floor":11,"turns":4},{"damage":11,"enemies":"Exordium Wildlife","floor":12,"turns":3},{"damage":1,"enemies":"Red Slaver","floor":13,"turns":4},{"damage":7,"enemies":"2 Fungi Beasts","floor":14,"turns":4},{"damage":28,"enemies":"Hexaghost","floor":16,"turns":11}],"seed_played":"5999999714297029415","potions_obtained":[{"floor":6,"key":"BlessingOfTheForge"},{"floor":12,"key":"BlessingOfTheForge"},{"floor":14,"key":"SteroidPotion"}],"is_trial":false,"path_per_floor":["M","?","?","M","$","E","M","R","T","M","M","M","M","M","R","B"],"character_chosen":"WANDERER","items_purchased":["stsjorbsmod:Counterspell","stsjorbsmod:Prestidigitation"],"campfire_rested":0,"item_purchase_floors":[5,5],"current_hp_per_floor":[68,51,51,51,51,51,52,52,52,45,45,34,34,28,28,0,0],"gold":203,"neow_bonus":"THREE_ENEMY_KILL","is_daily":false,"chose_seed":false,"campfire_upgraded":2,"win_rate":0.0,"timestamp":1612175590,"path_taken":["M","?","?","?","$","E","M","R","T","M","M","M","M","M","R","BOSS"],"items_purchased_type":["Card","Card"],"build_version":"2020-12-22","purchased_purges":1,"victory":false,"max_hp_per_floor":[68,68,68,68,68,68,68,68,68,68,68,68,68,68,68,68,68],"card_choices":[{"not_picked":["stsjorbsmod:TrueStrike","stsjorbsmod:Message"],"picked":"stsjorbsmod:SchoolsOfMagic","floor":1},{"not_picked":["stsjorbsmod:Message","stsjorbsmod:ArcaneWeapon"],"picked":"stsjorbsmod:WanderingMind","floor":4},{"not_picked":["stsjorbsmod:FaerieFire","stsjorbsmod:Counterspell"],"picked":"stsjorbsmod:FracturedMind","floor":6},{"not_picked":["stsjorbsmod:DoubleCheck","stsjorbsmod:Hurt"],"picked":"stsjorbsmod:Trauma","floor":7},{"not_picked":["stsjorbsmod:RayOfFrost","stsjorbsmod:Mindworm","stsjorbsmod:SmithingStrike"],"picked":"SKIP","floor":10},{"not_picked":["stsjorbsmod:BlackTentacles","stsjorbsmod:RayOfFrost"],"picked":"stsjorbsmod:ParryingBlow","floor":11},{"not_picked":["stsjorbsmod:Index","stsjorbsmod:FracturedMind"],"picked":"stsjorbsmod:OldPocket","floor":12},{"not_picked":["stsjorbsmod:DoubleCheck","stsjorbsmod:Mania","stsjorbsmod:RefuseToForget"],"picked":"SKIP","floor":13},{"not_picked":["stsjorbsmod:Hurt","stsjorbsmod:BlackTentacles"],"picked":"stsjorbsmod:Patron","floor":14}],"player_experience":350097,"relics_obtained":[{"floor":6,"key":"stsjorbsmod:BottledMemoryRelic"},{"floor":9,"key":"reliquary:WeakTea"}],"event_choices":[{"damage_healed":0,"gold_gain":0,"player_choice":"Take Damage","damage_taken":17,"relics_obtained":["Golden Idol"],"max_hp_gain":0,"max_hp_loss":0,"event_name":"Golden Idol","floor":2,"gold_loss":0},{"damage_healed":0,"gold_gain":100,"player_choice":"Pray","damage_taken":0,"max_hp_gain":0,"max_hp_loss":0,"event_name":"Golden Shrine","floor":3,"gold_loss":0}],"is_beta":false,"boss_relics":[],"items_purged_floors":[5],"is_endless":false,"potions_floor_spawned":[6,12,14],"killed_by":"Hexaghost","ascension_level":0}}