{"host":"8kd0mw0b4mjhs7vl","time":1612138395,"event":{"mods":["BaseMod","Colored Map","Conspire","Downfall","Friendly Minions","Minty Spire (QoL Compilation)","Replay The Spire","StSLib","SuperFastMode"],"gold_per_floor":[99,118,118,118,26,54,126,157,173,185,202,44,63,95,105,105,105,105],"floor_reached":16,"language":"ENG","playtime":880,"items_purged":[],"score":172,"play_id":"853d052f-2b3e-40b4-bc55-8eeaa8468b7f","local_time":"20210201001315","is_ascension_mode":false,"campfire_choices":[{"data":"hexamod:Float","floor":1,"key":"SMITH"}],"circlet_count":0,"master_deck":["conspire:GhostlyStrike","conspire:GhostlyStrike","conspire:GhostlyStrike","conspire:GhostlyStrike","conspire:GhostlyDefend","conspire:GhostlyDefend","conspire:GhostlyDefend","conspire:GhostlyDefend","hexamod:Sear","hexamod:Float+1","hexamod:StepThrough","hexamod:GhostOfSpireFuture","Dark Embrace","True Grit","hexamod:SpectersWail","hexamod:StepThrough","Defy Death","hexamod:HexaLevel","hexamod:FlamesFromBeyond","hexamod:PhantomCloak","True Grit"],"relics":["Orichalcum","m_DevilBlood","ReplayFunnel","Bronze Scales","Replay:Baseball","Divine Protection"],"acts_visited":["Exordium"],"potions_floor_usage":[6],"damage_taken":[{"damage":0,"enemies":"Jaw Worm","floor":2,"turns":6},{"damage":5,"enemies":"downfall:FleeingMerchant","floor":5,"turns":4},{"damage":25,"enemies":"3 Sentries","floor":6,"turns":8},{"damage":36,"enemies":"Gremlin Nob","floor":8,"turns":5},{"damage":0,"enemies":"Small Slimes","floor":9,"turns":3},{"damage":0,"enemies":"2 Louse","floor":10,"turns":2},{"damage":15,"enemies":"Exordium Wildlife","floor":11,"turns":4},{"damage":8,"enemies":"downfall:FleeingMerchant","floor":12,"turns":4},{"damage":9,"enemies":"Large Slime","floor":13,"turns":6},{"damage":12,"enemies":"3 Sentries","floor":14,"turns":6},{"damage":0,"enemies":"3 Louse","floor":15,"turns":3},{"damage":37,"enemies":"IC_STATUS_ARCHETYPE","floor":16,"turns":8}],"seed_played":"8227917207755068214","potions_obtained":[{"floor":2,"key":"DistilledChaos"},{"floor":8,"key":"sneckomod:MuddlingPotion"},{"floor":10,"key":"Languid Potion"},{"floor":13,"key":"Strength Potion"}],"is_trial":false,"path_per_floor":["R","M","?","?","$","E","T","E","M","M","M","$","M","E","M","B"],"character_chosen":"THE_SPIRIT","items_purchased":["Dark Embrace","Replay:Baseball"],"campfire_rested":0,"item_purchase_floors":[5,12],"current_hp_per_floor":[70,70,70,70,70,57,57,31,35,37,32,36,35,35,37,0,0,0],"gold":105,"neow_bonus":"RANDOM_COMMON_RELIC","is_daily":false,"chose_seed":false,"campfire_upgraded":1,"win_rate":0.0,"timestamp":1612138395,"path_taken":["R","M","?","?","$","E","T","E","M","M","?","$","M","E","M","BOSS"],"items_purchased_type":["Card","Relic"],"build_version":"2020-12-22","purchased_purges":0,"victory":false,"max_hp_per_floor":[70,70,70,70,70,70,70,70,70,70,70,70,70,70,70,70,70,70],"card_choices":[{"not_picked":["hexamod:HauntingEcho","hexamod:ThirdSeal"],"picked":"hexamod:StepThrough","floor":2},{"not_picked":["hexamod:RetreatToShadows","hexamod:Firestarter"],"picked":"hexamod:GhostOfSpireFuture","floor":5},{"not_picked":["hexamod:BurningTouch","hexamod:UnlimitedPower"],"picked":"True Grit","floor":6},{"not_picked":["hexamod:SwordOfDarkness","hexamod:BacktrackSmack"],"picked":"hexamod:SpectersWail","floor":8},{"not_picked":["hexamod:GhostLash","hexamod:NightmareStrike"],"picked":"hexamod:StepThrough","floor":9},{"not_picked":["hexamod:Firestarter","True Grit"],"picked":"Defy Death","floor":10},{"not_picked":["hexamod:SwordOfDarkness","hexamod:BurningTouch","hexamod:GhostOfSpirePresent"],"picked":"SKIP","floor":11},{"not_picked":["hexamod:HeatMetal","Searing Blow"],"picked":"hexamod:HexaLevel","floor":12},{"not_picked":["hexamod:FourthSeal","hexamod:GhostLash"],"picked":"hexamod:FlamesFromBeyond","floor":13},{"not_picked":["hexamod:ThirdSeal","hexamod:FlamesFromBeyond"],"picked":"hexamod:PhantomCloak","floor":14},{"not_picked":["hexamod:SpectralAdrenaline","hexamod:HeatMetal"],"picked":"True Grit","floor":15}],"player_experience":304698,"relics_obtained":[{"floor":6,"key":"ReplayFunnel"},{"floor":8,"key":"Bronze Scales"},{"floor":14,"key":"Divine Protection"}],"event_choices":[{"damage_healed":0,"gold_gain":0,"player_choice":"Agree","damage_taken":0,"max_hp_gain":0,"max_hp_loss":0,"event_name":"conspire:LoneGhost","floor":3,"gold_loss":0}],"is_beta":false,"boss_relics":[],"items_purged_floors":[],"is_endless":false,"potions_floor_spawned":[2,8,10,13,14],"killed_by":"IC_STATUS_ARCHETYPE","ascension_level":0}}