{"host":"67d7yvf7wgk1klfn","time":1612146816,"event":{"mods":["Aspiration","BaseMod","Colored Powertips","Conspire","Dark Map","Downfall","Energized Spire","Hubris","Infinite Spire","Minty Spire (QoL Compilation)","Relic Stats","Reliquary","Replay The Spire","Slay the Relics Exporter","Smile Girya","Spire Arcade","StS++","StSLib","ojb\u0027s Better Paths Mod","ojb\u0027s Info Mod"],"gold_per_floor":[99,118,131,231,231,262,262,287,300,130,143,143,161,177,191,291,291,291,401,421,619,619,769,769,569,569,569,569],"floor_reached":26,"language":"ENG","playtime":1359,"items_purged":[],"score":243,"play_id":"e4bff5a8-f12e-4fe5-8dc0-4287539e6f55","local_time":"20210131213336","is_ascension_mode":false,"campfire_choices":[{"data":"bronze:Goto","floor":1,"key":"SMITH"},{"data":"bronze:Format","floor":12,"key":"SMITH"},{"data":"bronze:FineTuning","floor":18,"key":"SMITH"},{"floor":25,"key":"RECALL"}],"circlet_count":0,"master_deck":["bronze:Strike","bronze:Strike","bronze:Strike","bronze:Strike","bronze:Defend","bronze:Defend","bronze:Defend","bronze:Defend","bronze:Replicate","bronze:Goto+1","bronze:BronzeArmor","bronze:DigitalCarnage","bronze:Format+1","bronze:OilSpill","bronze:Repair","bronze:NullPointer+1","bronze:Frontload","bronze:FineTuning+1","bronze:Turbo","bronze:CutThrough","bronze:BurnOut+1","bronze:ClassDefault+1","bronze:OilSpill+1","bronze:Invalidate"],"relics":["bronze:BronzeCore","hubris:Icosahedron","StrikeDummy","Ancient Tea Set","reliquary:BrokenClock","hubris:ScarierMask","Enchiridion","downfall:HeartBlessingBlue","downfall:HeartBlessingGreen"],"acts_visited":["Exordium","TheCity"],"potions_floor_usage":[16,16,16,16,19],"damage_taken":[{"damage":1,"enemies":"2 Louse","floor":2,"turns":2},{"damage":1,"enemies":"Jaw Worm","floor":3,"turns":3},{"damage":12,"enemies":"3 Sentries","floor":6,"turns":7},{"damage":37,"enemies":"Lagavulin","floor":8,"turns":7},{"damage":0,"enemies":"Cultist","floor":9,"turns":2},{"damage":5,"enemies":"downfall:FleeingMerchant","floor":10,"turns":4},{"damage":4,"enemies":"2 Fungi Beasts","floor":11,"turns":3},{"damage":0,"enemies":"Exordium Wildlife","floor":13,"turns":5},{"damage":9,"enemies":"Blue Slaver","floor":14,"turns":3},{"damage":0,"enemies":"Lots of Slimes","floor":15,"turns":2},{"damage":7,"enemies":"WA_ARCHETYPE_RETAIN","floor":16,"turns":7},{"damage":0,"enemies":"Shell Parasite","floor":19,"turns":6},{"damage":0,"enemies":"Spheric Guardian","floor":20,"turns":1},{"damage":65,"enemies":"Chosen and Byrds","floor":26,"turns":6}],"seed_played":"-5476077408965310137","potions_obtained":[{"floor":3,"key":"Doom Potion"},{"floor":8,"key":"Dexterity Potion"},{"floor":11,"key":"FearPotion"},{"floor":14,"key":"EntropicBrew"},{"floor":19,"key":"SkillPotion"},{"floor":20,"key":"Adrenaline Potion"}],"is_trial":false,"path_per_floor":["R","M","M","?","?","E","T","E","M","$","M","R","M","M","M","B",null,"R","M","M","?","?","?","T","R","M"],"character_chosen":"THE_AUTOMATON","items_purchased":["reliquary:BrokenClock"],"campfire_rested":0,"item_purchase_floors":[10],"current_hp_per_floor":[77,76,75,75,75,63,63,26,26,28,31,31,38,37,45,45,77,77,77,77,47,31,31,31,41,0,0,0],"gold":569,"neow_bonus":"TEN_PERCENT_HP_BONUS","is_daily":false,"chose_seed":false,"campfire_upgraded":3,"win_rate":0.0,"timestamp":1612146816,"path_taken":["R","M","M","?","?","E","T","E","?","$","M","R","?","M","M","BOSS","R","M","M","?","?","?","T","R","M"],"items_purchased_type":["Relic"],"build_version":"2020-12-22","purchased_purges":0,"victory":false,"max_hp_per_floor":[77,77,77,77,77,77,77,77,77,77,77,77,77,77,77,77,77,77,77,77,77,77,77,77,87,87,87,87],"relic_stats":{"counters":[14,58],"obtain_stats":[{"Golden Egg":7,"bronze:BronzeCore":0,"hubris:Icosahedron":5,"downfall:HeartBlessingBlue":25,"hubris:ScarierMask":17,"Enchiridion":22,"downfall:HeartBlessingGreen":25,"reliquary:BrokenClock":10,"StrikeDummy":6,"Ancient Tea Set":8},{"Golden Egg":3,"bronze:BronzeCore":0,"hubris:Icosahedron":2,"downfall:HeartBlessingBlue":13,"hubris:ScarierMask":11,"Enchiridion":13,"downfall:HeartBlessingGreen":13,"reliquary:BrokenClock":6,"StrikeDummy":3,"Ancient Tea Set":4},{"Golden Egg":12,"bronze:BronzeCore":0,"hubris:Icosahedron":5,"downfall:HeartBlessingBlue":52,"hubris:ScarierMask":45,"Enchiridion":52,"downfall:HeartBlessingGreen":52,"reliquary:BrokenClock":25,"StrikeDummy":12,"Ancient Tea Set":19}]},"card_choices":[{"not_picked":["bronze:BugBarrage","bronze:BronzeOrb"],"picked":"bronze:BronzeArmor","floor":2},{"not_picked":["bronze:Invalidate","bronze:BugBarrage"],"picked":"bronze:DigitalCarnage","floor":3},{"not_picked":["bronze:BitShift","bronze:DelayedSlice"],"picked":"bronze:Format","floor":6},{"not_picked":["bronze:ItsAFeature","bronze:BronzeArmor"],"picked":"bronze:OilSpill","floor":8},{"not_picked":["bronze:DarkDash","bronze:CutThrough"],"picked":"bronze:Repair","floor":9},{"not_picked":["bronze:WildBeam","bronze:CloningBeam"],"picked":"bronze:NullPointer","floor":10},{"not_picked":["bronze:Deprecate","bronze:WildBeam"],"picked":"bronze:Frontload","floor":11},{"not_picked":["bronze:Deprecate","bronze:DarkDash"],"picked":"bronze:FineTuning","floor":13},{"not_picked":["bronze:Deprecate","bronze:CutThrough"],"picked":"bronze:Turbo","floor":14},{"not_picked":["bronze:FineTuning","bronze:Return"],"picked":"bronze:CutThrough","floor":15},{"not_picked":["bronze:ShipIt","bronze:Virus"],"picked":"bronze:BurnOut","floor":16},{"not_picked":["bronze:Shield+1","bronze:OilSpill"],"picked":"bronze:ClassDefault+1","floor":19},{"not_picked":["bronze:ChildClass","bronze:Turbo"],"picked":"bronze:OilSpill+1","floor":20},{"not_picked":["bronze:CutThrough","bronze:BronzeOrb"],"picked":"bronze:Invalidate","floor":21}],"player_experience":674724,"relics_obtained":[{"floor":6,"key":"StrikeDummy"},{"floor":7,"key":"Golden Egg"},{"floor":8,"key":"Ancient Tea Set"},{"floor":22,"key":"Enchiridion"}],"event_choices":[],"is_beta":false,"boss_relics":[{"not_picked":["energizedSpire:OgreHead","aspiration:RitualDagger"],"picked":"hubris:ScarierMask"}],"items_purged_floors":[],"is_endless":false,"potions_floor_spawned":[3,8,11,14,19,20],"killed_by":"Chosen and Byrds","ascension_level":0}}