{"host":"2hlhnd4tei6r1t0s","time":1612174856,"event":{"mods":["100% Spire Juice","ATMod(阿瑾Mod)","Act Like it!","Arknights","Aspiration","Astrologer","Bard","BaseMod","Chen","Conspire","Downfall","Energized Spire","Evolution","Gensokyo","Gremlin Mod","GungeonMod","Hallownest","HololiveMod","HumanHunterMod(怪物杀人mod)","Jedi Mod","Jorbs\u0027s Wanderer Trilogy","KinomotoSakuraMod(木之本樱)","Koishi","Luminous","Mari Mod (Legacy)","Mari\u0027s V1 Patch","Minty Spire (QoL Compilation)","MostiFishMod","Pale of the Ancients","Potionbrewer","Prisma Mod","Quick Restart","Reimu（博丽灵梦）","Reliquary","Replay The Spire","Robot Space Explorer","RumiaBox-露米娅的神秘盒子","StSLib","TestMod","The Administrix","The Alterego","The Animator","The Blackbeard","The Construct","The Cursed","The Forsaken","The Gatherer","The Hayseed","The Jungle","The Mystic","The Runesmith","The Saiyan","The Senshi","The Showman","TheHeartMod","TheWitcher","Uncapped","WarShipGirlsR/战舰少女R mod","Yakumo Yukari mod","[GremlinLeader]The Maniac","[IsaacMod]以撒尖塔","noobMod","【功能Mod】混沌之环修复补丁","【功能Mod】聪明的最终Boss","【遗物卡牌】REMEMod","残留之物","篝火指南"],"gold_per_floor":[10000000,10000013,10000025,10000038,10000038,10000065,9998934,9998951,9999033,9998203,9998060,9998030,9997991,9998002,9997703,9997798,9997798,9997816,9997404,9997416,9997416,9997466,9997048,9997074,9997088,9997088,9997133,9997167,9996413,9996441,9996466,9995723,9995833,9995860,9995886,9995904,9995968,9995977,9996005,9995050,9995119,9994241,9994250,9994295,9994324,9994324,9994347,9994375,9993827,9993828],"floor_reached":51,"language":"ZHS","playtime":5562,"items_purged":["ats:Emotion Absorption","ats:Defend","ats:Defend","ats:Strike S","ats:Defend+1","ats:Mental Burst","ats:Armor Crushing Shot","ReplayTheSpireMod:Splinters","theForsaken:PlagueCurse"],"score":964,"play_id":"0b594031-8a29-4d3c-a4ff-6c403a876d4e","local_time":"20210201182056","is_ascension_mode":false,"campfire_choices":[],"circlet_count":0,"master_deck":["ats:Blood Oath+1","ats:Consecutive Shot Auto+1","ats:Strike V+1","AT_EssenceShift+1","Gatherer:FruitForce+1","ats:Leaping Hammer+1","ats:Chain Hook+1","ats:Hammer On+1","ats:Powerful Strike+1","REME_HeartOfCthun+1","ats:Durian+1","ats:Ignite","ats:Powerful Strike","ats:Consecutive Shot Auto","champ:DeathBlow","ats:Powerful Strike","ats:Powerful Strike","ats:Mental Burst","ats:Explosion Area Strengthen+1","ats:Explosion Area Strengthen+1","ats:Hammer On+1","bronze:HyperBeam+1","ats:Wolf Pack","testmod-ComboMaster","ats:Disruption Kick","ats:Mental Burst","ats:Overload","ats:Sunburst+1","Mind Blast","TheCursedMod:SoulCrush+1","champ:HeavySlash","ats:Closed Bolt Burst Fire","ats:Red Shift+1","ats:Explosion Area Strengthen+1","testmod-AdversityCounterattack","ats:Leaping Hammer+1","theHeart:BloodShots","ats:Demon Strength+1","ats:Demon Strength","mysticmod:Dedication+1","ats:Demon Strength","ats:Demon Strength","ats:Shadow Assault+1","ats:Thermite Blade+1","ats:Blood Oath","ats:Cat Scratch","MostiFishMod:KingOfFree+1","testmod-WeaknessCounterattack","hexamod:HeatCrush","ats:Explosion Area Strengthen","ats:Closed Bolt Burst Fire+1","ats:Flexible Camouflage","ats:Durian+1","ats:Powerful Strike","ats:Cat Scratch","rmod:wolves","ats:Durian+1","Injury","ats:Closed Bolt Burst Fire+1","theForsaken:PlagueCurse","theForsaken:WordsOfPestilence","ats:Thermite Blade","testmod-RabbitOfFibonacci+1","ats:Consecutive Shot Auto+1","ats:Red Shift","ats:Very Hot Blade","ats:Powerful Strike","Riddle With Holes","ats:Explosion Area Strengthen+1","ats:Consecutive Shot Auto+1","ats:Chain Hook","MostiFishMod:FlyOverUtopia","ats:Sunburst+1","ats:Overload","REME_BattleFury","MostiFishMod:FlyOverUtopia","TheCursedMod:SoulCrush","ats:Explosion Area Strengthen","ats:Poison Spread+1","ats:Consecutive Shot Auto+1","Mayhem","ats:Leaping Hammer","ats:Disruption Kick+1","testmod-DeathImprint"],"relics":["ats:Sanity","EVO:Axolotl","ice","testmod-TestBox","DaveBox","REME_ComplimentaryCards","HushsDoor","AT_ATBox","NineVolt","DSteel32","testmod-EnergyCheck","NeowsBlessing","SynthV:TestCard","ats:Originium","testmod-HeartOfDaVinci","aspiration:FrozenJewel","DemoMod:GnawedKey","ats:Spiritual Recovery","Technique","champ:BerserkersGuideToSlaughter","testmod-Justice","AT_EbonyIvory","SnafuTest:YrdenRelic","DemoMod:Plus1Bullets","PlaceholderMod:FlatBlood","bronze:ProtectiveGoggles","Replay:Ancient Bell","GuppysCollar","DiscerningMonocle","TheCursedMod:DemonicMark","champ:DefensiveTrainingManual","King of Hearts","aspiration:HummingbirdHeart","theHeart:CarvedVein","reliquary:ExpiredCoupon","DemoMod:OrangeGuonStone","CeramicFish","AT_ArchangelStaff","mysticmod:BentSpoon","GuppysTail","Nunchaku","hexamod:RecyclingMachine","TheSimpletonMod:SpudOfTheMartyr","rmod:equipmentrecovery","Vajra","Mercury Hourglass","m_RuneBlood","theForsaken:PlagueMask","PillsDrop","jedi:Pinwheel","reliquary:HotPoker","Guardian:BottledStasis","Byrd Skull","GodSword6","Blood Vial","theSenshi:RedHairPiecesRelic","Another Sword","DollysMirror","TheCursedMod:Tack","TheSimpletonMod:Moonshine","KSMOD_GemBrooch"],"acts_visited":["Exordium","TheCity","TheBeyond"],"potions_floor_usage":[],"damage_taken":[{"damage":0,"enemies":"Cultist","floor":1,"turns":1},{"damage":0,"enemies":"Jaw Worm","floor":2,"turns":1},{"damage":0,"enemies":"2 Louse","floor":3,"turns":1},{"damage":126,"enemies":"2 Fungi Beasts","floor":4,"turns":7},{"damage":18,"enemies":"Gremlin Nob","floor":6,"turns":6},{"damage":23,"enemies":"Large Slime","floor":8,"turns":15},{"damage":24,"enemies":"Looter","floor":12,"turns":4},{"damage":28,"enemies":"Red Slaver","floor":13,"turns":11},{"damage":30,"enemies":"Blue Slaver","floor":14,"turns":11},{"damage":280,"enemies":"The Guardian","floor":16,"turns":8},{"damage":18,"enemies":"2 Thieves","floor":18,"turns":4},{"damage":0,"enemies":"Spheric Guardian","floor":20,"turns":1},{"damage":132,"enemies":"Hiden Room Battle","floor":22,"turns":12},{"damage":0,"enemies":"Book of Stabbing","floor":24,"turns":4},{"damage":19,"enemies":"conspire:HollyBat","floor":25,"turns":8},{"damage":347,"enemies":"Slavers","floor":28,"turns":14},{"damage":58,"enemies":"Centurion and Healer","floor":30,"turns":39},{"damage":26,"enemies":"Shelled Parasite and Fungi","floor":31,"turns":6},{"damage":123,"enemies":"Collector","floor":33,"turns":13},{"damage":1,"enemies":"Orb Walker","floor":35,"turns":3},{"damage":68,"enemies":"3 Darklings","floor":39,"turns":2},{"damage":3347,"enemies":"Mind Bloom Boss Battle","floor":41,"turns":3},{"damage":192,"enemies":"Jaw Worm Horde","floor":45,"turns":17},{"damage":0,"enemies":"Transient","floor":47,"turns":3},{"damage":88,"enemies":"3 Darklings","floor":48,"turns":13},{"damage":639,"enemies":"Donu and Deca","floor":50,"turns":13}],"seed_played":"-2475478767168682633","potions_obtained":[{"floor":2,"key":"construct:ShiftPotion"},{"floor":6,"key":"AttackPotion"},{"floor":13,"key":"Energy Potion"},{"floor":14,"key":"testmod-TestPotion"},{"floor":20,"key":"ats:Top Emergency Sanity Potion"},{"floor":28,"key":"potionbrewer:NoxiousPotion"},{"floor":30,"key":"GamblersBrew"},{"floor":31,"key":"jedi:tentaclejuice"},{"floor":33,"key":"Dexterity Potion"},{"floor":35,"key":"testmod-TestPotion"},{"floor":37,"key":"MagicPotion:ReiMu"}],"is_trial":false,"path_per_floor":["M","M","M","M","?","E","$","M","T","$","R","M","M","M","R","B",null,"M","$","M","?","?","R","E","M","T","$","E","R","M","M","R","B",null,"M","?","?","?","M","R","?","R","T","$","M","T","M","M","R","B",null],"character_chosen":"DOCTOR_CLASS","items_purchased":["aspiration:FrozenJewel","DemoMod:GnawedKey","ats:Spiritual Recovery","REME_HeartOfCthun","ats:Durian","ats:Ignite","ats:Powerful Strike","Technique","champ:BerserkersGuideToSlaughter","testmod-Justice","AT_EbonyIvory","AT_LightSaberMaster","ats:Powerful Strike","ats:Mental Burst","SnafuTest:YrdenRelic","PlaceholderMod:FlatBlood","bronze:ProtectiveGoggles","testmod-ComboMaster","ats:Disruption Kick","ats:Mental Burst","GuppysCollar","ats:Sunburst+1","Mind Blast","DiscerningMonocle","TheCursedMod:DemonicMark","champ:DefensiveTrainingManual","ats:Explosion Area Strengthen","testmod-AdversityCounterattack","ats:Leaping Hammer","theHeart:CarvedVein","CeramicFish","AT_ArchangelStaff","mysticmod:BentSpoon","ats:Demon Strength","ats:Shadow Assault","ats:Mental Burst","ats:Blood Oath","ats:Cat Scratch","MostiFishMod:KingOfFree","testmod-WeaknessCounterattack","Nunchaku","hexamod:RecyclingMachine","TheSimpletonMod:SpudOfTheMartyr","ats:Flexible Camouflage","ats:Durian","ats:Powerful Strike","ats:Cat Scratch","rmod:equipmentrecovery","ats:Red Shift","ats:Very Hot Blade","jedi:Pinwheel","reliquary:HotPoker","Guardian:BottledStasis","ats:Consecutive Shot Auto+1","ats:Chain Hook","GodSword6","Blood Vial","theSenshi:RedHairPiecesRelic","ats:Sunburst+1","ats:Overload","REME_BattleFury","DollysMirror","TheCursedMod:Tack","Mayhem","ats:Leaping Hammer","ats:Disruption Kick+1","testmod-DeathImprint","KSMOD_GemBrooch"],"campfire_rested":0,"item_purchase_floors":[7,7,7,7,7,7,7,7,10,10,10,10,10,10,11,15,15,17,17,17,17,19,19,19,19,19,23,23,23,23,27,27,27,27,27,27,29,29,29,29,29,29,32,32,32,32,32,32,40,40,40,40,40,42,42,42,42,42,44,44,44,44,44,49,49,49,49,49],"current_hp_per_floor":[76,76,76,33,18,79,79,68,68,68,68,54,59,55,55,1524,1864,1910,1910,1913,1913,3189,3189,3820,3899,3899,3899,7720,7720,11824,12166,12166,13032,13032,13105,13105,9829,9829,11751,11751,12862,12862,12862,12862,23012,23012,23030,25017,25017,48174],"gold":9993828,"neow_bonus":"THREE_ENEMY_KILL","is_daily":false,"chose_seed":false,"campfire_upgraded":0,"win_rate":0.0,"timestamp":1612174856,"path_taken":["M","?","M","M","?","E","$","M","T","$","R","M","M","M","R","BOSS","M","$","M","?","?","R","E","M","T","$","E","R","M","M","R","BOSS","M","?","?","?","M","R","?","R","T","$","M","?","?","M","R","BOSS"],"items_purchased_type":["Relic","Relic","Relic","Card","Card","Card","Card","Relic","Relic","Relic","Relic","Card","Card","Card","Relic","Relic","Relic","Card","Card","Card","Relic","Card","Card","Relic","Relic","Relic","Card","Card","Card","Relic","Relic","Relic","Relic","Card","Card","Card","Card","Card","Card","Card","Relic","Relic","Relic","Card","Card","Card","Card","Relic","Card","Card","Relic","Relic","Relic","Card","Card","Relic","Relic","Relic","Card","Card","Card","Relic","Relic","Card","Card","Card","Card","Relic"],"build_version":"2020-12-22","purchased_purges":9,"victory":true,"max_hp_per_floor":[76,76,76,77,77,80,80,97,97,97,97,101,110,120,120,1891,1864,1918,1918,1918,1918,3225,3225,4252,4255,4255,4255,7720,7720,11824,12166,12166,13032,13032,13105,13105,13105,13105,13162,13162,15614,15614,15614,15614,23012,23012,23030,25017,25017,49743],"card_choices":[{"not_picked":[],"picked":"ChaosCard","floor":0},{"not_picked":["ats:Rapid Magazine","ats:Shell Defense"],"picked":"ats:Leaping Hammer","floor":1},{"not_picked":["ats:Apocalypse","ats:Shell Defense","ats:Cat Scratch","ats:Powerful Strike"],"picked":"ats:Chain Hook","floor":2},{"not_picked":["ats:Apocalypse","ats:Song Of Battle","ats:Collapsing Strike","ats:Absolute Focus"],"picked":"ats:Hammer On","floor":3},{"not_picked":["ats:LN2 Cannon","ats:Healing Strengthening","ats:Support Order","ats:Spore Proliferation"],"picked":"ats:Powerful Strike","floor":4},{"not_picked":["ats:Shadow Raid","ats:Healing Drone","ats:Blood Oath","ats:Flame Of Heaven"],"picked":"ats:Thermite Blade","floor":6},{"not_picked":["ats:Cat Scratch","ats:Steam Pump","ats:Counter Healing Mode","ats:Ambush"],"picked":"ats:Consecutive Shot Auto","floor":8},{"not_picked":["ats:Ignite","ats:Guard Mode","ats:Shell Defense","ats:Literary Storm"],"picked":"ats:Explosion Area Strengthen","floor":12},{"not_picked":["ats:Sashimi Platter","ats:Burning Ground","ats:Leaping Hammer","ats:Curse Doll"],"picked":"ats:Explosion Area Strengthen","floor":13},{"not_picked":["ats:Revitalization","ats:Shell Defense","ats:Ignite","ats:Flexible Camouflage"],"picked":"ats:Hammer On","floor":14},{"not_picked":["ats:Nebulous Foxfire","ats:Soul Rend","ats:Dogmatic Field","ats:Roar Of Ursus"],"picked":"ats:Wolf Pack","floor":16},{"not_picked":["ats:Absolute Focus+1","ats:Collapsing Strike","ats:Hook Shot","ats:Sashimi Platter"],"picked":"ats:Overload","floor":18},{"not_picked":["ats:Mental Burst+1","ats:Assault Order","ats:Blood Oath","ats:Revitalization"],"picked":"ats:Closed Bolt Burst Fire","floor":20},{"not_picked":["ats:Song Of Battle+1","ats:Charging Defense","ats:Curse Doll","ats:Rapid Magazine"],"picked":"ats:Red Shift+1","floor":22},{"not_picked":["ats:Closed Bolt Burst Fire","ats:Apocalypse+1","ats:Blood Oath+1","ats:Literary Storm"],"picked":"ats:Demon Strength+1","floor":24},{"not_picked":["ats:Explosion Area Strengthen","ats:Shell Defense","ats:Echo Reverb","ats:Counter Healing Mode"],"picked":"ats:Demon Strength","floor":25},{"not_picked":["ats:Song Of Battle+1","ats:Guard Mode","ats:Chain Hook","ats:Ignite"],"picked":"ats:Thermite Blade","floor":28},{"not_picked":["ats:Powerful Strike","ats:Cat Scratch","ats:Charging Defense","ats:Poison Spread"],"picked":"ats:Explosion Area Strengthen","floor":30},{"not_picked":["ats:Burning Ground","ats:Apocalypse+1","ats:Cat Scratch","ats:Flexible Camouflage"],"picked":"ats:Closed Bolt Burst Fire+1","floor":31},{"not_picked":["ats:Wolf Pack","ats:Soul Rend","ats:Roar Of Ursus","ats:Ambush"],"picked":"ats:Durian","floor":33},{"not_picked":["stsjorbsmod:Amnesia","TheSimpletonMod:Frostbite","Spreading Infection","SnafuTest:CursePact"],"picked":"ReplayTheSpireMod:Splinters","floor":34},{"not_picked":["stsjorbsmod:PollutedStrike","SnafuTest:CurseWeakArmy","maniac:Torture","Amnesia"],"picked":"Injury","floor":34},{"not_picked":["ReplayTheSpireMod:Doomed","Gensokyo:ImpossibleRequest","stsjorbsmod:Withering","stsjorbsmod:Procrastination"],"picked":"theForsaken:PlagueCurse","floor":34},{"not_picked":["ats:Chain Hook","ats:Sashimi Platter+1","ats:Explosion Area Strengthen","ats:Poison Spread+1"],"picked":"ats:Closed Bolt Burst Fire","floor":35},{"not_picked":["ats:Assault Order+1","ats:Revitalization+1","ats:Encircling Forest+1","ats:Automatic Cover+1"],"picked":"ats:Thermite Blade","floor":37},{"not_picked":["REME_FirmDetermination","Replay:Sssssssssshield","AT_Homeward","AT_TearsDenial"],"picked":"testmod-RabbitOfFibonacci","floor":38},{"not_picked":["ats:Flame Of Heaven","ats:Guardian Obelisk","ats:Flexible Camouflage","ats:Very Hot Blade+1"],"picked":"ats:Consecutive Shot Auto+1","floor":39},{"not_picked":["ats:Part Time Job+1","ats:Durian","ats:Poison Spread+1","ats:Mental Burst"],"picked":"ats:Explosion Area Strengthen+1","floor":41},{"not_picked":["ats:Poison Spread","ats:Overload","ats:Flexible Camouflage+1","ats:Sunburst"],"picked":"ats:Explosion Area Strengthen","floor":45},{"not_picked":["ats:Leaping Hammer","ats:Defend Order+1","ats:Thorns+1","ats:Revitalization"],"picked":"ats:Poison Spread+1","floor":47},{"not_picked":["ats:Guardian Obelisk+1","ats:Powerful Strike+1","ats:Poison Spread+1","ats:Chain Hook"],"picked":"ats:Consecutive Shot Auto+1","floor":48}],"player_experience":178819,"relics_obtained":[{"floor":1,"key":"SynthV:TestCard"},{"floor":6,"key":"ats:Originium"},{"floor":6,"key":"testmod-HeartOfDaVinci"},{"floor":22,"key":"King of Hearts"},{"floor":22,"key":"aspiration:HummingbirdHeart"},{"floor":24,"key":"ats:Originium"},{"floor":24,"key":"reliquary:ExpiredCoupon"},{"floor":26,"key":"DemoMod:OrangeGuonStone"},{"floor":28,"key":"ats:Originium"},{"floor":28,"key":"GuppysTail"},{"floor":37,"key":"PillsDrop"},{"floor":41,"key":"Byrd Skull"},{"floor":43,"key":"Another Sword"},{"floor":46,"key":"TheSimpletonMod:Moonshine"}],"event_choices":[{"damage_healed":0,"gold_gain":0,"player_choice":"Leave","damage_taken":0,"max_hp_gain":0,"max_hp_loss":0,"event_name":"conspire:Investor","floor":21,"gold_loss":0},{"damage_healed":0,"gold_gain":0,"player_choice":"Fight","damage_taken":0,"max_hp_gain":0,"max_hp_loss":0,"event_name":"HidenRoomEvent","floor":22,"gold_loss":0},{"damage_healed":0,"gold_gain":0,"player_choice":"Obtain Plague Curse","damage_taken":0,"max_hp_gain":0,"max_hp_loss":0,"event_name":"Plague Doctor","floor":36,"gold_loss":0,"cards_obtained":["theForsaken:PlagueCurse"]},{"damage_healed":0,"gold_gain":0,"player_choice":"Memory 1","damage_taken":0,"max_hp_gain":0,"max_hp_loss":0,"event_name":"SensoryStone","floor":38,"gold_loss":0},{"damage_healed":0,"gold_gain":0,"player_choice":"Fight","damage_taken":0,"max_hp_gain":0,"max_hp_loss":0,"event_name":"MindBloom","floor":41,"gold_loss":0}],"is_beta":false,"boss_relics":[{"not_picked":["theForsaken:ArmorOfThorns","Painkiller Herb"],"picked":"Replay:Ancient Bell"},{"not_picked":[]},{"not_picked":["bard:OilPainting","Koishi:BloodstainedWhiteRose"],"picked":"Vajra"},{"not_picked":["astrologer:Telescope","DemoMod:SilverBullets"],"picked":"Mercury Hourglass"},{"not_picked":["bronze:BottledCode","rmod:firstchargereward"],"picked":"m_RuneBlood"}],"items_purged_floors":[7,10,17,19,27,29,40,42,44],"is_endless":false,"potions_floor_spawned":[2,6,13,14,20,28,30,31,33,35,39,47],"ascension_level":0}}