{"host":"h1qktzcccqnez8tx","time":1612144007,"event":{"mods":["AchievementEnabler","BaseMod","Bestiary","Better Note","Block Reminder","Colored Map","Colored Powertips","Curses Come First","Downfall","Highlight Path","Infinite Spire","Minty Spire (QoL Compilation)","Permanent Neow","Quick Restart","Relic Stats","Replay The Spire","Say the Spire","StSLib","The Cursed","UnlockEverythingMod"],"gold_per_floor":[0,43,143,60,60,60,86,26,44,109,153,252,152,207,288,298,298,298],"floor_reached":16,"language":"ENG","playtime":734,"items_purged":[],"score":116,"play_id":"24b39bf9-6c97-4173-99e4-74f624be4fa4","local_time":"20210201024647","is_ascension_mode":true,"campfire_choices":[{"data":"HandOfGreed","floor":1,"key":"SMITH"},{"floor":6,"key":"REST"},{"floor":13,"key":"REST"}],"circlet_count":0,"master_deck":["hexamod:Strike","hexamod:Strike","hexamod:Strike","hexamod:Strike","hexamod:Defend","hexamod:Defend","hexamod:Defend","hexamod:Defend","hexamod:Sear","hexamod:Float","HandOfGreed+1","hexamod:BacktrackSmack","hexamod:GhostLash","hexamod:SecondSeal","ReplayTheSpireMod:Faulty Equipment","hexamod:FlamesFromBeyond","hexamod:GhostLash","hexamod:NightmareStrike","hexamod:PhantomCloak","hexamod:RetreatToShadows","hexamod:SpectersWail","hexamod:PhantomCloak"],"relics":["hexamod:SpiritBrand","Snack Pack","Oddly Smooth Stone","ReplayTheSpireMod:CursedCoin","infinitespire:Midas Blood","Pondfish Scales","downfall:HeartBlessingGreen"],"acts_visited":["Exordium"],"potions_floor_usage":[10,16,16,16],"damage_taken":[{"damage":0,"enemies":"2 Louse","floor":2,"turns":3},{"damage":0,"enemies":"downfall:FleeingMerchant","floor":4,"turns":4},{"damage":15,"enemies":"downfall:FleeingMerchant","floor":8,"turns":4},{"damage":2,"enemies":"Jaw Worm","floor":9,"turns":4},{"damage":20,"enemies":"Gremlin Nob","floor":10,"turns":5},{"damage":0,"enemies":"Cultist","floor":11,"turns":3},{"damage":11,"enemies":"3 Sentries","floor":12,"turns":7},{"damage":2,"enemies":"Exordium Wildlife","floor":14,"turns":3},{"damage":10,"enemies":"Lots of Slimes","floor":15,"turns":5},{"damage":24,"enemies":"SI_SHIV_ARCHETYPE","floor":16,"turns":11}],"seed_played":"-3501744146916433356","potions_obtained":[{"floor":2,"key":"hexamod:EctoCoolerPotion"},{"floor":10,"key":"Weak Potion"},{"floor":11,"key":"ColorlessPotion"},{"floor":14,"key":"SkillPotion"}],"is_trial":false,"path_per_floor":["R","M","?","$","?","R","T","$","M","E","M","E","R","M","M","B"],"character_chosen":"THE_SPIRIT","items_purchased":["hexamod:SecondSeal","ReplayTheSpireMod:CursedCoin","hexamod:FlamesFromBeyond","hexamod:GhostLash","hexamod:NightmareStrike","hexamod:PhantomCloak"],"campfire_rested":2,"item_purchase_floors":[4,8,8,8,8,8],"current_hp_per_floor":[70,70,70,70,37,58,58,45,43,23,23,12,33,31,21,0,0,0],"gold":298,"neow_bonus":"RANDOM_COLORLESS_2","is_daily":false,"chose_seed":false,"campfire_upgraded":1,"win_rate":0.0,"timestamp":1612144007,"path_taken":["R","M","?","?","?","R","T","$","M","E","M","E","R","M","M","BOSS"],"items_purchased_type":["Card","Relic","Card","Card","Card","Card"],"build_version":"2020-12-22","purchased_purges":0,"victory":false,"max_hp_per_floor":[70,70,70,70,70,70,70,70,70,70,70,70,70,70,70,70,70,70],"relic_stats":{"counters":[10,49],"obtain_stats":[{"Pondfish Scales":12,"ReplayTheSpireMod:CursedCoin":8,"Oddly Smooth Stone":7,"downfall:HeartBlessingGreen":13,"Snack Pack":5,"hexamod:SpiritBrand":0,"infinitespire:Midas Blood":10},{"Pondfish Scales":7,"ReplayTheSpireMod:CursedCoin":3,"Oddly Smooth Stone":2,"downfall:HeartBlessingGreen":7,"Snack Pack":2,"hexamod:SpiritBrand":0,"infinitespire:Midas Blood":5},{"Pondfish Scales":30,"ReplayTheSpireMod:CursedCoin":11,"Oddly Smooth Stone":7,"downfall:HeartBlessingGreen":30,"Snack Pack":7,"hexamod:SpiritBrand":0,"infinitespire:Midas Blood":20}]},"card_choices":[{"not_picked":["Secret Technique","ReplayUltimateDefense"],"picked":"HandOfGreed","floor":0},{"not_picked":["hexamod:InspiringFlames","hexamod:NightmareGuise"],"picked":"hexamod:BacktrackSmack","floor":2},{"not_picked":["hexamod:ParanormalForm","hexamod:Firestarter"],"picked":"hexamod:GhostLash","floor":4},{"not_picked":["hexamod:HeatShield","hexamod:ShieldOfDarkness","hexamod:GhostOfSpireFuture"],"picked":"SKIP","floor":8},{"not_picked":["hexamod:ThermalTransfer","hexamod:Firestarter","hexamod:SwordOfDarkness"],"picked":"SKIP","floor":9},{"not_picked":["hexamod:GhostOfSpireFuture","hexamod:SuperheatedStrike"],"picked":"hexamod:RetreatToShadows","floor":10},{"not_picked":["hexamod:CatchUp","hexamod:SkipABeat","hexamod:RadiantFlame"],"picked":"SKIP","floor":11},{"not_picked":["hexamod:BurningTouch","hexamod:RainOfEmbers","hexamod:Firestarter"],"picked":"SKIP","floor":12},{"not_picked":["hexamod:DynamicBlow","hexamod:InspiringFlames"],"picked":"hexamod:SpectersWail","floor":14},{"not_picked":["hexamod:InspiringFlames","hexamod:FlameSwitch"],"picked":"hexamod:PhantomCloak","floor":15}],"player_experience":344746,"relics_obtained":[{"floor":7,"key":"Oddly Smooth Stone"},{"floor":10,"key":"infinitespire:Midas Blood"},{"floor":12,"key":"Pondfish Scales"}],"event_choices":[{"damage_healed":0,"gold_gain":0,"player_choice":"Success","damage_taken":33,"relics_obtained":["Snack Pack"],"max_hp_gain":0,"max_hp_loss":0,"event_name":"Scrap Ooze","floor":5,"gold_loss":0}],"is_beta":false,"boss_relics":[],"items_purged_floors":[],"is_endless":false,"potions_floor_spawned":[2,10,11,14],"killed_by":"SI_SHIV_ARCHETYPE","ascension_level":1}}