{"host":"dscols65uipasqd2","time":1612161302,"event":{"mods":["2.2 Compatiblity","AchievementEnabler","Aspiration","BaseMod","Colored Powertips","Downfall","Energized Spire","GifTheSpireLib","Hermit","Hubris","Infinite Spire","JesterMod","Jorbs\u0027s Wanderer Trilogy","Magitek Elite","Marisa????????","Minty Spire (QoL Compilation)","Rare Cards Sparkle","Replay The Spire","StSLib","Stuff the Spire","The Cursed","The Disciple","The Hierophant","The Judge","The Jungle","TheFirefly"],"gold_per_floor":[99,114,564,839,850,865,865,865,865,884,19,19,19,49,68,68,68,68],"floor_reached":16,"language":"ENG","playtime":755,"items_purged":[],"score":200,"play_id":"aef369c6-5965-4f7a-a3a2-1e56df8ddadd","local_time":"20210201013502","is_ascension_mode":false,"campfire_choices":[{"floor":8,"key":"REST"},{"floor":13,"key":"RECALL"}],"circlet_count":0,"master_deck":["sneckomod:Strike","sneckomod:Strike","sneckomod:Strike","sneckomod:Defend","sneckomod:Defend+1","sneckomod:Defend","sneckomod:TailWhip","sneckomod:SnekBite","sneckomod:Unknown","sneckomod:Transmogrify","stsjorbsmod:Intervention","stsjorbsmod:Procrastination","sneckomod:UnknownClassTHE_BRONZE_AUTOMATON","downfall:Icky","downfall:Icky","downfall:Icky","Regret","sneckomod:UnknownClassINFINITE_BLACK","sneckomod:UnknownStrike","sneckomod:QuickMove","sneckomod:UnknownRarePower","Discovery","expansioncontent:DashGenerateEvil","sneckomod:DiceCrush","sneckomod:DiceCrush","sneckomod:SoulRoll","sneckomod:CheapStock"],"relics":["sneckomod:SneckoSoul","hubris:MysteriousPyramids","aspiration:Nostalgia","m_BronzeBlood","infinitespire:Beetle Shell","aspiration:ChemicalBlood"],"acts_visited":["Exordium"],"potions_floor_usage":[11,16,16],"damage_taken":[{"damage":7,"enemies":"2 Louse","floor":2,"turns":2},{"damage":14,"enemies":"Small Slimes","floor":5,"turns":6},{"damage":3,"enemies":"Cultist","floor":6,"turns":3},{"damage":6,"enemies":"2 Fungi Beasts","floor":10,"turns":3},{"damage":5,"enemies":"downfall:FleeingMerchant","floor":11,"turns":4},{"damage":57,"enemies":"3 Sentries","floor":14,"turns":9},{"damage":0,"enemies":"Blue Slaver","floor":15,"turns":4},{"damage":47,"enemies":"WA_ARCHETYPE_RETAIN","floor":16,"turns":9}],"seed_played":"7915414894688808743","potions_obtained":[{"floor":6,"key":"Dexterity Potion"},{"floor":14,"key":"SkillPotion"},{"floor":15,"key":"Ancient Potion"}],"is_trial":false,"path_per_floor":["R","M","?","?","M","M","T","R","?","M","$","?","R","E","M","B"],"character_chosen":"THE_SNECKO","items_purchased":["StuffTheSpire:ForceGauntlet","aspiration:Nostalgia","Discovery","expansioncontent:DashGenerateEvil","infinitespire:Beetle Shell","sneckomod:DiceCrush"],"campfire_rested":1,"item_purchase_floors":[11,11,11,11,11,11],"current_hp_per_floor":[90,83,83,83,69,66,66,90,90,84,79,79,79,28,34,0,0,0],"gold":68,"neow_bonus":"ONE_RANDOM_RARE_CARD","is_daily":false,"chose_seed":false,"campfire_upgraded":0,"win_rate":0.0,"timestamp":1612161302,"path_taken":["R","M","?","?","M","?","T","R","?","M","$","?","R","E","M","BOSS"],"items_purchased_type":["Relic","Relic","Card","Card","Relic","Card"],"build_version":"2020-12-22","purchased_purges":0,"victory":false,"max_hp_per_floor":[90,90,90,90,90,90,90,90,90,90,90,90,90,90,90,90,90,90],"card_choices":[{"not_picked":["sneckomod:Rotation","sneckomod:Unknown1Cost"],"picked":"sneckomod:UnknownClassTHE_BRONZE_AUTOMATON","floor":2},{"not_picked":["sneckomod:RainOfDice","sneckomod:SnekBeam"],"picked":"sneckomod:UnknownClassINFINITE_BLACK","floor":5},{"not_picked":["sneckomod:DiceBoulder","sneckomod:Nope"],"picked":"sneckomod:UnknownStrike","floor":6},{"not_picked":["sneckomod:UnknownClassGREEN","sneckomod:DiceBlock"],"picked":"sneckomod:QuickMove","floor":10},{"not_picked":["sneckomod:UnknownCommonAttack","sneckomod:UnknownClassTHE_CHAMP_GRAY"],"picked":"sneckomod:UnknownRarePower","floor":11},{"not_picked":["sneckomod:UnknownExhaust","sneckomod:DiceBoulder"],"picked":"sneckomod:SoulRoll","floor":14},{"not_picked":["Entrench","sneckomod:UnknownClassHIEROPHANT_GOLD_COLOR"],"picked":"sneckomod:CheapStock","floor":15}],"player_experience":530677,"relics_obtained":[{"floor":7,"key":"hubris:MysteriousPyramids"},{"floor":14,"key":"hubris:PeanutButter"},{"floor":14,"key":"aspiration:ChemicalBlood"}],"event_choices":[],"is_beta":false,"boss_relics":[],"items_purged_floors":[],"is_endless":false,"potions_floor_spawned":[6,14,15],"killed_by":"WA_ARCHETYPE_RETAIN","ascension_level":0}}