{"host":"egskdxp2q9kv48xe","time":1612221890,"event":{"mods":["BaseMod","Colored Powertips","Minty Spire (QoL Compilation)","Slay the Relics Exporter","StSLib"],"gold_per_floor":[115,115,125,14,14,42,58,72,118,136,136,189,189,212,212,331,331,349,349,369,224,242,242,261,261,261,277,367,390,390,411,411,540,540,554,575,596,596,596,596,596],"floor_reached":40,"language":"ENG","playtime":2415,"items_purged":[],"score":467,"play_id":"59bd432c-f9c3-4eeb-87e4-a046d71e57ce","local_time":"20210201162450","is_ascension_mode":false,"campfire_choices":[{"data":"Eruption","floor":11,"key":"SMITH"},{"floor":15,"key":"REST"},{"data":"DevaForm","floor":23,"key":"SMITH"},{"floor":25,"key":"REST"},{"data":"ForeignInfluence","floor":30,"key":"SMITH"},{"floor":32,"key":"REST"}],"circlet_count":0,"master_deck":["Strike_P","Strike_P","Defend_P","Eruption+1","Vigilance","LikeWater","EmptyBody","Tantrum","Meditate","FollowUp","Swivel","Halt","Prostrate","Crescendo","Devotion","CurseOfTheBell","Crescendo","FollowUp","Vengeance","ClearTheMind","ForeignInfluence+1","Devotion","DevaForm+1","CarveReality+1","InnerPeace","EmptyBody+1","FlurryOfBlows","Scrawl","DevaForm+1","Sanctity+1","DeceiveReality+1","WaveOfTheHand+1","WreathOfFlame+1","EmptyFist+1","Madness","Madness"],"relics":["PureWater","NeowsBlessing","Gremlin Horn","Orichalcum","Strawberry","Golden Idol","Calling Bell","Bag of Marbles","HornCleat","Turnip","Blood Vial","Orrery","Darkstone Periapt","Astrolabe"],"acts_visited":["Exordium","TheCity","TheBeyond"],"potions_floor_usage":[16,16,22,29,33],"damage_taken":[{"damage":0,"enemies":"2 Louse","floor":1,"turns":1},{"damage":0,"enemies":"Small Slimes","floor":3,"turns":1},{"damage":0,"enemies":"Gremlin Nob","floor":6,"turns":1},{"damage":0,"enemies":"Cultist","floor":7,"turns":2},{"damage":0,"enemies":"Gremlin Gang","floor":8,"turns":3},{"damage":3,"enemies":"Exordium Wildlife","floor":10,"turns":3},{"damage":18,"enemies":"Blue Slaver","floor":14,"turns":3},{"damage":22,"enemies":"Hexaghost","floor":16,"turns":9},{"damage":2,"enemies":"2 Thieves","floor":18,"turns":5},{"damage":7,"enemies":"Spheric Guardian","floor":20,"turns":4},{"damage":21,"enemies":"Centurion and Healer","floor":22,"turns":7},{"damage":17,"enemies":"Snake Plant","floor":24,"turns":4},{"damage":0,"enemies":"Snecko","floor":27,"turns":1},{"damage":8,"enemies":"3 Cultists","floor":29,"turns":5},{"damage":0,"enemies":"Centurion and Healer","floor":31,"turns":5},{"damage":62,"enemies":"Champ","floor":33,"turns":10},{"damage":1,"enemies":"3 Shapes","floor":35,"turns":5},{"damage":11,"enemies":"3 Darklings","floor":36,"turns":5},{"damage":15,"enemies":"Writhing Mass","floor":37,"turns":7},{"damage":50,"enemies":"Nemesis","floor":40,"turns":5}],"seed_played":"604739791824251654","potions_obtained":[{"floor":3,"key":"SpeedPotion"},{"floor":7,"key":"SteroidPotion"},{"floor":10,"key":"BlessingOfTheForge"},{"floor":20,"key":"DistilledChaos"},{"floor":24,"key":"Regen Potion"},{"floor":27,"key":"Ancient Potion"},{"floor":31,"key":"AttackPotion"},{"floor":36,"key":"FearPotion"}],"is_trial":false,"path_per_floor":["M","?","M","$","?","E","M","M","T","M","R","T","?","M","R","B",null,"M","?","M","$","M","R","M","R","T","M","?","M","R","M","R","B",null,"M","M","M","?","?","E"],"character_chosen":"WATCHER","items_purchased":["Tantrum","Meditate","Orrery"],"campfire_rested":3,"item_purchase_floors":[4,4,21],"current_hp_per_floor":[72,65,65,65,65,65,65,65,65,62,62,69,50,32,55,33,79,77,77,72,72,53,53,38,61,61,63,51,54,54,56,79,17,79,78,68,55,45,45,0,0],"gold":596,"neow_bonus":"THREE_ENEMY_KILL","is_daily":false,"chose_seed":false,"campfire_upgraded":3,"win_rate":0.0,"timestamp":1612221890,"path_taken":["M","?","M","$","?","E","?","?","T","M","R","?","?","M","R","BOSS","M","?","?","$","M","R","M","R","T","M","?","M","R","?","R","BOSS","M","M","M","?","?","E"],"items_purchased_type":["Card","Card","Relic"],"build_version":"2020-12-22","purchased_purges":0,"victory":false,"max_hp_per_floor":[72,72,72,72,72,72,72,72,72,72,72,79,79,79,79,79,79,79,79,79,79,79,79,79,79,79,79,79,79,79,79,79,79,79,79,79,79,79,79,79,79],"card_choices":[{"not_picked":["ThirdEye","EmptyBody"],"picked":"LikeWater","floor":1},{"not_picked":["BowlingBash","Protect"],"picked":"EmptyBody","floor":3},{"not_picked":["PathToVictory","DeceiveReality"],"picked":"Swivel","floor":6},{"not_picked":["PathToVictory","CutThroughFate"],"picked":"Halt","floor":7},{"not_picked":["Collect","PathToVictory"],"picked":"Prostrate","floor":8},{"not_picked":["SandsOfTime","Weave"],"picked":"EmptyFist","floor":10},{"not_picked":["FollowUp","ReachHeaven"],"picked":"Crescendo","floor":14},{"not_picked":["Scrawl","LessonLearned"],"picked":"Devotion","floor":16},{"not_picked":["Protect+1","Consecrate"],"picked":"Crescendo","floor":18},{"not_picked":["Consecrate+1","Perseverance"],"picked":"FollowUp","floor":20},{"not_picked":["Crescendo","Evaluate"],"picked":"Vengeance","floor":21},{"not_picked":["Consecrate","Vault"],"picked":"ClearTheMind","floor":21},{"not_picked":["Fasting2","EmptyBody"],"picked":"ForeignInfluence","floor":21},{"not_picked":["ForeignInfluence+1","Sanctity"],"picked":"Devotion","floor":21},{"not_picked":["WaveOfTheHand+1","FlyingSleeves+1"],"picked":"DevaForm","floor":21},{"not_picked":["PathToVictory","Consecrate"],"picked":"CarveReality+1","floor":22},{"not_picked":["WindmillStrike","FollowUp+1"],"picked":"InnerPeace","floor":24},{"not_picked":["CrushJoints","SandsOfTime+1"],"picked":"EmptyBody+1","floor":27},{"not_picked":["PathToVictory","CrushJoints"],"picked":"FlurryOfBlows","floor":29},{"not_picked":["Conclude","Nirvana+1","Consecrate+1"],"picked":"SKIP","floor":31},{"not_picked":["Blasphemy","Omniscience"],"picked":"Scrawl","floor":33},{"not_picked":["BowlingBash","FollowUp"],"picked":"WaveOfTheHand+1","floor":35},{"not_picked":["PathToVictory+1","Protect+1"],"picked":"WreathOfFlame+1","floor":36},{"not_picked":["Halt","CrushJoints+1"],"picked":"EmptyFist+1","floor":37}],"player_experience":450929,"relics_obtained":[{"floor":6,"key":"Gremlin Horn"},{"floor":9,"key":"Orichalcum"},{"floor":12,"key":"Strawberry"},{"floor":17,"key":"Bag of Marbles"},{"floor":17,"key":"HornCleat"},{"floor":17,"key":"Turnip"},{"floor":26,"key":"Darkstone Periapt"}],"event_choices":[{"cards_removed":["Defend_P"],"damage_healed":0,"gold_gain":0,"player_choice":"Card Removal","damage_taken":7,"max_hp_gain":0,"max_hp_loss":0,"event_name":"Golden Wing","floor":2,"gold_loss":0},{"damage_healed":0,"gold_gain":0,"cards_transformed":["Strike_P"],"player_choice":"Transformed","damage_taken":0,"max_hp_gain":0,"max_hp_loss":0,"event_name":"Transmorgrifier","floor":5,"gold_loss":0,"cards_obtained":["FollowUp"]},{"damage_healed":0,"gold_gain":0,"player_choice":"Take Damage","damage_taken":19,"relics_obtained":["Golden Idol"],"max_hp_gain":0,"max_hp_loss":0,"event_name":"Golden Idol","floor":13,"gold_loss":0},{"damage_healed":0,"gold_gain":0,"player_choice":"Gave Potion","damage_taken":0,"relics_obtained":["Blood Vial"],"max_hp_gain":0,"max_hp_loss":0,"event_name":"WeMeetAgain","floor":19,"gold_loss":0},{"damage_healed":0,"gold_gain":90,"player_choice":"GOLD ","damage_taken":12,"max_hp_gain":0,"max_hp_loss":0,"event_name":"Knowing Skull","floor":28,"potions_obtained":[],"gold_loss":0,"cards_obtained":[]},{"damage_healed":0,"gold_gain":0,"player_choice":"Embrace Madness","damage_taken":10,"max_hp_gain":0,"max_hp_loss":0,"event_name":"Winding Halls","floor":38,"gold_loss":0,"cards_obtained":["Madness","Madness"]},{"cards_removed":["EmptyFist"],"damage_healed":0,"gold_gain":0,"player_choice":"Removed Attack","damage_taken":0,"max_hp_gain":0,"max_hp_loss":0,"event_name":"Falling","floor":39,"gold_loss":0}],"is_beta":false,"boss_relics":[{"not_picked":["Runic Pyramid","Empty Cage"],"picked":"Calling Bell"},{"not_picked":["Tiny House","SacredBark"],"picked":"Astrolabe"}],"items_purged_floors":[],"is_endless":false,"potions_floor_spawned":[3,7,10,20,24,27,31,36],"killed_by":"Nemesis","ascension_level":0}}