{"host":"ojezjkpqju62j8xy","time":1612153980,"event":{"mods":["ATMod(°¢èªMod)","Act Like it!","Aspiration","BaseMod","Conspire","Gensokyo","Minty Spire (QoL Compilation)","Pale of the Ancients","Reliquary","Replay The Spire","Spicy Shops","StSLib","¡¾ÒÅÎï¿¨ÅÆ¡¿REMEMod","²ÐÁôÖ®Îï"],"gold_per_floor":[111,127,24,24,24,58,374,402,402,432,444,485,528,540,552,663,675,715,145,183,195,207,219,264,323,335,383,630,691,740,782,794,935,997,1044,1120,1187,1199,1249,1312,1376,1428,1464,1557,1601,1654,1666,1724,1736,1754,1754],"floor_reached":50,"language":"ZHS","playtime":2395,"items_purged":[],"score":1318,"play_id":"591d9ad0-6984-45a0-bc62-b5f2b8b8a00d","local_time":"20210201123300","is_ascension_mode":true,"campfire_choices":[{"floor":11.0,"key":"REST"},{"floor":15.0,"key":"RECALL"},{"data":"REME_BattleFury","floor":32.0,"key":"SMITH"},{"floor":47.0,"key":"REST"},{"floor":49,"key":"REST"}],"circlet_count":0,"master_deck":["Strike_P","Strike_P","Strike_P","Strike_P","Defend_P+1","Defend_P","Defend_P","Defend_P","Eruption","Vigilance","AT_FamilyPortrait+1","REME_BattleFury+1","ClearTheMind+1","REME_Repentance","Blasphemy+1","Crescendo","Replay:BluntJabs","SpiritShield+1","WreathOfFlame","Consecrate","Replay:Cycle","REME_CRH+1","CurseOfTheBell","JustLucky+1","Gensokyo:MedicineKit","Crescendo+1","Prostrate","Halt","AT_DivineConfetti+1","Consecrate","Prostrate","AT_ChampionStep","AT_MachinaRedman+1","Indignation+1","AT_IrregularMenstruation+1","FlurryOfBlows","Conclude+1","Consecrate+1","ReplayTheSpireMod:Splinters","CutThroughFate+1","Replay:ManipulateFuture+1","CarveReality+1","Prostrate+1","Alpha+1","FearNoEvil+1","Protect+1","REME_Repentance+1","REME_Repentance"],"relics":["PureWater","AT_ATBox","REME_ComplimentaryCards","reliquary:IvoryTrinket","Strawberry","Iron Hammer","WingedGreaves","TungstenRod","MawBank","reliquary:WeakTea","AT_RedNoBalance","Calling Bell","Replay:Bandana","The Courier","CaptainsWheel","Guide Book","Strange Spoon","reliquary:QuartzCube","aspiration:StickyExplosives_weak","REME_PuzzleBoxRelic","PlaceholderMod:DeVermisMysteriis","Golden Egg","GoldenEye","Replay:Bottled Steam","Tiny House","AT_DeathDance","reliquary:TridentHead","AT_ImmortalShieldbow","White Beast Statue","Potion Belt","Gremlin Food","reliquary:Knoch"],"acts_visited":["Gensokyo:Gensokyo","Gensokyo:Gensokyoer","Gensokyo:Gensokyoest"],"potions_floor_usage":[],"damage_taken":[{"damage":5.0,"enemies":"Gensokyo:2_Kodama","floor":1.0,"turns":3.0},{"damage":0.0,"enemies":"Gensokyo:Python","floor":2.0,"turns":2.0},{"damage":27.0,"enemies":"Gensokyo:Cirno","floor":6.0,"turns":6.0},{"damage":12.0,"enemies":"Gensokyo:3_Fairies","floor":7.0,"turns":4.0},{"damage":12.0,"enemies":"Gensokyo:Aya","floor":8.0,"turns":3.0},{"damage":0.0,"enemies":"Gensokyo:Mamizou","floor":10.0,"turns":4.0},{"damage":8.0,"enemies":"Gensokyo:Cirno","floor":12.0,"turns":7.0},{"damage":0.0,"enemies":"Gensokyo:Aya","floor":13.0,"turns":3.0},{"damage":0.0,"enemies":"Gensokyo:Reimu","floor":16.0,"turns":5.0},{"damage":0.0,"enemies":"Gensokyo:CosmicMonolith","floor":18.0,"turns":2.0},{"damage":1.0,"enemies":"Gensokyo:Chomper","floor":20.0,"turns":4.0},{"damage":0.0,"enemies":"Gensokyo:Tenshi","floor":24.0,"turns":1.0},{"damage":0.0,"enemies":"Gensokyo:Koishi","floor":25.0,"turns":4.0},{"damage":2.0,"enemies":"Gensokyo:Monolith_and_Dog","floor":27.0,"turns":2.0},{"damage":0.0,"enemies":"Gensokyo:3_Gloops","floor":28.0,"turns":3.0},{"damage":17.0,"enemies":"Gensokyo:Tenshi","floor":29.0,"turns":2.0},{"damage":0.0,"enemies":"Gensokyo:Koishi","floor":30.0,"turns":2.0},{"damage":20.0,"enemies":"Gensokyo:Slime_Group","floor":31.0,"turns":3.0},{"damage":45.0,"enemies":"Gensokyo:Eternal_Rivals","floor":33.0,"turns":4.0},{"damage":0.0,"enemies":"Gensokyo:AncientGuardian","floor":35.0,"turns":2.0},{"damage":0.0,"enemies":"Gensokyo:3_Boulders","floor":36.0,"turns":3.0},{"damage":0.0,"enemies":"Gensokyo:Rafflesia","floor":39.0,"turns":3.0},{"damage":3.0,"enemies":"Gensokyo:Kasen","floor":40.0,"turns":4.0},{"damage":21.0,"enemies":"Gensokyo:Marisa","floor":41.0,"turns":3.0},{"damage":0.0,"enemies":"Gensokyo:Doremy","floor":42.0,"turns":1.0},{"damage":11.0,"enemies":"Gensokyo:Kasen","floor":44.0,"turns":6.0},{"damage":0.0,"enemies":"Gensokyo:SeedOfUnknown","floor":45.0,"turns":3.0},{"damage":0.0,"enemies":"Gensokyo:3_Boulders","floor":46.0,"turns":4.0},{"damage":24,"enemies":"Gensokyo:Doremy","floor":48,"turns":4},{"damage":139,"enemies":"Gensokyo:Yuyuko","floor":50,"turns":2}],"seed_played":"-7829164394242106466","potions_obtained":[{"floor":1.0,"key":"LifebloodPotion"},{"floor":2.0,"key":"Explosive Potion"},{"floor":6.0,"key":"SteroidPotion"},{"floor":12.0,"key":"Dexterity Potion"},{"floor":18.0,"key":"AttackPotion"},{"floor":25.0,"key":"Adrenaline Potion"},{"floor":30.0,"key":"Adrenaline Potion"},{"floor":31.0,"key":"Energy Potion"},{"floor":34.0,"key":"REME_GoldPotion"},{"floor":35.0,"key":"LiquidBronze"},{"floor":37.0,"key":"BlessingOfTheForge"},{"floor":41.0,"key":"AttackPotion"},{"floor":44.0,"key":"Energy Potion"},{"floor":45.0,"key":"Milkshake"},{"floor":46.0,"key":"CultistPotion"}],"is_trial":false,"path_per_floor":["M","M","COS","?","?","E","M","E","T","E","R","E","E","?","R","B",null,"M","COS","M","?","?","R","E","E","T","M","M","E","E","M","R","B",null,"M","M","?","?","M","E","E","E","T","E","M","M","R","E","R","B"],"character_chosen":"WATCHER","items_purchased":[],"campfire_rested":3,"item_purchase_floors":[],"current_hp_per_floor":[60,60,60,57,65,38,26,14,14,14,37,42,42,66,66,39,69,39,39,40,40,48,48,48,48,48,46,46,79,79,59,59,21,70,70,70,70,78,79,76,55,55,55,44,44,44,69,45,70,0,0],"gold":1754,"neow_bonus":"RANDOM_COMMON_RELIC","is_daily":false,"chose_seed":false,"campfire_upgraded":1,"win_rate":0.0,"timestamp":1612153980,"path_taken":["M","M","COS","?","?","E","?","E","T","E","R","E","E","?","R","BOSS","M","COS","M","?","?","R","E","E","T","M","M","E","E","?","R","BOSS","M","M","?","?","M","E","E","E","T","E","M","?","R","E","R","BOSS"],"items_purchased_type":[],"build_version":"2020-12-22","purchased_purges":0,"victory":false,"max_hp_per_floor":[72,72,72,79,79,79,79,79,79,79,79,79,79,79,79,79,79,79,79,79,79,79,79,79,79,79,79,79,79,79,79,79,79,84,84,84,84,84,85,85,85,85,85,85,85,85,85,85,85,70,70],"card_choices":[{"not_picked":["Evaluate","FlurryOfBlows"],"picked":"ClearTheMind","floor":1.0},{"not_picked":["Replay:Cycle","ClearTheMind"],"picked":"REME_Repentance","floor":2.0},{"not_picked":["Wallop+1","MentalFortress+1"],"picked":"Blasphemy+1","floor":6.0},{"not_picked":["DeceiveReality","EmptyFist"],"picked":"Crescendo","floor":6.0},{"not_picked":["Evaluate","SandsOfTime"],"picked":"Replay:BluntJabs","floor":7.0},{"not_picked":["AT_RealFormLess","Devotion"],"picked":"SpiritShield","floor":8.0},{"not_picked":["REME_MusicOfDeath","Adaptation"],"picked":"WreathOfFlame","floor":10.0},{"not_picked":["AT_RealFormLess","Indignation"],"picked":"Consecrate","floor":12.0},{"not_picked":["AT_RealFormLess","Replay:Hum"],"picked":"Replay:Cycle","floor":13.0},{"not_picked":["REME_EmptyShield","Judgement"],"picked":"REME_CRH","floor":16.0},{"not_picked":["REME_MusicOfDeath+1","ClearTheMind+1"],"picked":"JustLucky+1","floor":18.0},{"not_picked":["AT_DivineConfetti+1","FlyingSleeves+1"],"picked":"Crescendo+1","floor":20.0},{"not_picked":["EmptyBody","Fasting2"],"picked":"Prostrate","floor":20.0},{"not_picked":["JustLucky+1","Collect"],"picked":"Halt","floor":24.0},{"not_picked":["Prostrate","Crescendo+1"],"picked":"AT_DivineConfetti+1","floor":25.0},{"not_picked":["Replay:AtTheReady+1","Replay:Cycle"],"picked":"Consecrate","floor":27.0},{"not_picked":["PathToVictory","ForeignInfluence"],"picked":"Prostrate","floor":28.0},{"not_picked":["Replay:Hum","Evaluate"],"picked":"AT_ChampionStep","floor":29.0},{"not_picked":["FearNoEvil","InnerPeace"],"picked":"AT_MachinaRedman","floor":30.0},{"not_picked":["ThirdEye","Replay:BluntJabs"],"picked":"Indignation+1","floor":31.0},{"not_picked":["AT_RealColorLess","Brilliance"],"picked":"AT_IrregularMenstruation","floor":33.0},{"not_picked":["Fasting2","ClearTheMind+1"],"picked":"FlurryOfBlows","floor":34.0},{"not_picked":["JustLucky+1","Replay:Cycle+1"],"picked":"Conclude+1","floor":35.0},{"not_picked":["Evaluate","BowlingBash+1"],"picked":"Consecrate+1","floor":36.0},{"not_picked":["Indignation+1","Sanctity+1"],"picked":"CutThroughFate+1","floor":37.0},{"not_picked":["JustLucky+1","Replay:AtTheReady+1"],"picked":"Replay:ManipulateFuture+1","floor":39.0},{"not_picked":["EmptyFist","ThirdEye+1"],"picked":"CarveReality+1","floor":40.0},{"not_picked":["Pray+1","Weave+1"],"picked":"Prostrate+1","floor":41.0},{"not_picked":["Adaptation+1","REME_MusicOfDeath+1"],"picked":"Alpha","floor":42.0},{"not_picked":["Prostrate","JustLucky+1"],"picked":"FearNoEvil+1","floor":44.0},{"not_picked":["Halt+1","Pray"],"picked":"Protect+1","floor":45.0},{"not_picked":["EmptyFist","Halt"],"picked":"REME_Repentance+1","floor":46.0},{"not_picked":["WindmillStrike","Crescendo+1"],"picked":"REME_Repentance","floor":48}],"player_experience":1507094,"relics_obtained":[{"floor":6.0,"key":"Iron Hammer"},{"floor":8.0,"key":"TungstenRod"},{"floor":10.0,"key":"MawBank"},{"floor":12.0,"key":"reliquary:WeakTea"},{"floor":13.0,"key":"AT_SilverBalance"},{"floor":17.0,"key":"Replay:Bandana"},{"floor":17.0,"key":"The Courier"},{"floor":17.0,"key":"CaptainsWheel"},{"floor":24.0,"key":"reliquary:QuartzCube"},{"floor":25.0,"key":"aspiration:StickyExplosives_weak"},{"floor":26.0,"key":"REME_PuzzleBoxRelic"},{"floor":29.0,"key":"Golden Egg"},{"floor":30.0,"key":"Replay:Bottled Steam"},{"floor":37.0,"key":"AT_DeathDance"},{"floor":40.0,"key":"reliquary:TridentHead"},{"floor":41.0,"key":"AT_ImmortalShieldbow"},{"floor":42.0,"key":"White Beast Statue"},{"floor":43.0,"key":"Potion Belt"},{"floor":44.0,"key":"Gremlin Food"},{"floor":48,"key":"reliquary:Knoch"}],"event_choices":[],"is_beta":false,"boss_relics":[{"not_picked":["Kintsugi","reliquary:Ember"],"picked":"Calling Bell"},{"not_picked":["SacredBark","Replay:Drink Me"],"picked":"Tiny House"}],"items_purged_floors":[],"is_endless":false,"potions_floor_spawned":[1,2,6,12,16,18,25,30,31,35,41,42,44,45,46,48],"killed_by":"Gensokyo:Yuyuko","ascension_level":7}}