{"host":"xnmm48bggm313m0r","time":1612157608,"event":{"mods":["BaseMod","Bestiary","KOR Keyword Fix","Minty Spire (QoL Compilation)","StSLib"],"gold_per_floor":[115,115,26,26,26,26,57,71,94,159,159,188,199,65,65,144,144,163,84,104,4,22,22,22,22],"floor_reached":24,"language":"KOR","playtime":1180,"items_purged":["Gash","Scrape"],"score":404,"play_id":"37fb2f03-14a3-4128-ba96-0014138e5506","local_time":"20210201143328","daily_mods":["Draft","Vintage","Heirloom","Time Dilation"],"is_ascension_mode":true,"campfire_choices":[{"floor":6,"key":"REST"},{"floor":11,"key":"REST"},{"data":"Glacier","floor":15,"key":"SMITH"},{"data":"Sweeping Beam","floor":23,"key":"SMITH"}],"circlet_count":0,"master_deck":["Demon Form","Wraith Form v2","Echo Form","DevaForm","AscendersBane","Capacitor+1","Sunder","Force Field","Go for the Eyes","Barrage+1","Rebound","Blizzard","Sweeping Beam+1","Conserve Battery","Sweeping Beam","Recycle","Barrage","FTL","Glacier+1","Regret","FTL","Glacier","Leap","Core Surge","Defragment"],"relics":["Unceasing Top","Gambling Chip","Regal Pillow","Sundial","Bag of Preparation","Pocketwatch","Blood Vial","Nunchaku","Shuriken","Inserter","Bird Faced Urn","Akabeko","Lantern"],"acts_visited":["Exordium","TheCity"],"potions_floor_usage":[16],"damage_taken":[{"damage":12,"enemies":"Jaw Worm","floor":1,"turns":2},{"damage":12,"enemies":"Lagavulin","floor":7,"turns":6},{"damage":33,"enemies":"Small Slimes","floor":8,"turns":4},{"damage":7,"enemies":"Gremlin Nob","floor":12,"turns":5},{"damage":0,"enemies":"Cultist","floor":13,"turns":2},{"damage":16,"enemies":"Hexaghost","floor":16,"turns":8},{"damage":4,"enemies":"2 Thieves","floor":18,"turns":3},{"damage":14,"enemies":"Spheric Guardian","floor":20,"turns":6},{"damage":22,"enemies":"Chosen and Byrds","floor":22,"turns":5},{"damage":56,"enemies":"Gremlin Leader","floor":24,"turns":2}],"seed_played":"-2371991072361567685","potions_obtained":[{"floor":1,"key":"Dexterity Potion"},{"floor":8,"key":"Dexterity Potion"},{"floor":18,"key":"Strength Potion"}],"is_trial":true,"path_per_floor":["M","?","$","?","?","R","E","M","T","?","R","E","M","$","R","B",null,"M","$","M","$","M","R","E"],"character_chosen":"DEFECT","items_purchased":["Glacier","Leap","Defragment"],"campfire_rested":2,"item_purchase_floors":[3,14,19],"current_hp_per_floor":[52,52,52,52,31,67,55,22,22,22,58,53,55,55,55,41,64,62,62,60,60,46,46,0,0],"gold":22,"neow_bonus":"","is_daily":false,"chose_seed":false,"campfire_upgraded":2,"win_rate":0.0,"timestamp":1612157608,"path_taken":["M","?","$","?","?","R","E","M","T","?","R","E","M","$","R","BOSS","M","$","M","$","M","R","E"],"items_purchased_type":["Card","Card","Card"],"build_version":"2020-12-22","purchased_purges":2,"victory":false,"max_hp_per_floor":[71,71,71,71,71,71,71,71,71,71,71,71,71,71,71,71,71,71,71,71,71,71,71,71,71],"card_choices":[{"not_picked":["Beam Cell","Conserve Battery"],"picked":"Capacitor","floor":0},{"not_picked":["Static Discharge","Stack"],"picked":"Sunder","floor":0},{"not_picked":["Rebound","Steam"],"picked":"Force Field","floor":0},{"not_picked":["Coolheaded","Turbo"],"picked":"Go for the Eyes","floor":0},{"not_picked":["Storm","Skim"],"picked":"Barrage","floor":0},{"not_picked":["Chaos","Steam"],"picked":"Rebound","floor":0},{"not_picked":["Gash","Cold Snap"],"picked":"Blizzard","floor":0},{"not_picked":["Stack","Recycle"],"picked":"Sweeping Beam","floor":0},{"not_picked":["Skim","Go for the Eyes"],"picked":"Gash","floor":0},{"not_picked":["Stack","Barrage"],"picked":"Conserve Battery","floor":0},{"not_picked":["Tempest","Barrage"],"picked":"Sweeping Beam","floor":0},{"not_picked":["Redo","Streamline"],"picked":"Scrape","floor":0},{"not_picked":["Redo","Hello World"],"picked":"Recycle","floor":0},{"not_picked":["Hologram","Aggregate"],"picked":"Barrage","floor":0},{"not_picked":["Coolheaded","Blizzard"],"picked":"FTL","floor":0},{"not_picked":["Reprogram","Gash"],"picked":"FTL","floor":7},{"not_picked":["Recycle","Skim"],"picked":"Glacier","floor":12},{"not_picked":["Biased Cognition","Multi-Cast"],"picked":"Core Surge","floor":16}],"player_experience":163152,"relics_obtained":[{"floor":1,"key":"Regal Pillow"},{"floor":7,"key":"Bag of Preparation"},{"floor":8,"key":"Pocketwatch"},{"floor":9,"key":"Blood Vial"},{"floor":12,"key":"Nunchaku"},{"floor":13,"key":"Shuriken"},{"floor":18,"key":"Bird Faced Urn"},{"floor":20,"key":"Akabeko"},{"floor":22,"key":"Lantern"}],"event_choices":[{"damage_healed":0,"gold_gain":0,"player_choice":"Ignored","damage_taken":0,"max_hp_gain":0,"max_hp_loss":0,"event_name":"Liars Game","floor":2,"gold_loss":0},{"damage_healed":0,"gold_gain":0,"player_choice":"Box","damage_taken":0,"relics_obtained":["Sundial"],"max_hp_gain":0,"max_hp_loss":0,"event_name":"Big Fish","floor":4,"gold_loss":0,"cards_obtained":["Regret"]},{"damage_healed":0,"gold_gain":0,"player_choice":"Entered Light","damage_taken":21,"max_hp_gain":0,"max_hp_loss":0,"event_name":"Shining Light","floor":5,"gold_loss":0,"cards_upgraded":["Capacitor","Barrage"]},{"damage_healed":0,"gold_gain":65,"player_choice":"Gained Gold","damage_taken":0,"max_hp_gain":0,"max_hp_loss":0,"event_name":"Golden Wing","floor":10,"gold_loss":0}],"is_beta":false,"boss_relics":[{"not_picked":["Calling Bell","Coffee Dripper"],"picked":"Inserter"}],"items_purged_floors":[14,21],"is_endless":true,"potions_floor_spawned":[1,8,18],"killed_by":"Gremlin Leader","ascension_level":20}}