{"host":"3s1bgj9vdfhoy9ls","time":1612146077,"event":{"mods":["BaseMod","BetterRewards","Downfall","Marisa£®ÏF”Í°°ƒß¿Ì…≥£©","Minty Spire (QoL Compilation)","READ ME - Guardian Mod","Replay The Spire","Shop Mod","StSLib","The Bug Knight","The Cursed","The Disciple","The Servant 0.9.4"],"gold_per_floor":[118,118,134,152,152,152,169,169,249,249,70,89,102,114,114,212,212,231,245,325,336,436,468,152,152,179,179,179],"floor_reached":27,"language":"ZHS","playtime":1135,"items_purged":["Looming Evil"],"score":375,"play_id":"919b667c-8a7d-49ee-a7e3-08e9bf3c8840","local_time":"20210201102117","is_ascension_mode":false,"campfire_choices":[{"data":"Combust","floor":6,"key":"SMITH"},{"data":"Defy Death","floor":8,"key":"SMITH"},{"data":"Bash","floor":10,"key":"SMITH"},{"floor":15,"key":"RECALL"}],"circlet_count":0,"master_deck":["Strike_R","Strike_R","Strike_R","Strike_R","Strike_R","Defend_R","Defend_R","Defend_R","Defend_R","Bash+1","TheCursedMod:Dregs","Eclipse+1","Combust+1","Heavy Blade","Amnesia","Defy Death+1","Warcry","Warcry","Double Tap","Spot Weakness","Corruption","Spot Weakness+1","Flex+1","Flame Barrier","Havoc","Power Through","downfall:Aged","Feed","Looming Evil","Warcry","Pain","ReplayTheSpireMod:Doomed"],"relics":["Burning Blood","ReplayTheSpireMod:Ring of Collecting","Ring of Panic","ReplayTheSpireMod:Ring of Exchange","Replay:Ringing Soul","Sling","OrangePellets","ReplayTheSpireMod:Lightbulb","downfall:ExtraCursedKey","Ornamental Fan","White Beast Statue","MutagenicStrength","Ring of Misfortune"],"acts_visited":["Exordium","TheCity"],"potions_floor_usage":[7,16,19],"damage_taken":[{"damage":10,"enemies":"2 Louse","floor":1,"turns":3},{"damage":15,"enemies":"Jaw Worm","floor":3,"turns":4},{"damage":3,"enemies":"Cultist","floor":4,"turns":3},{"damage":6,"enemies":"2 Fungi Beasts","floor":7,"turns":3},{"damage":13,"enemies":"3 Louse","floor":12,"turns":3},{"damage":0,"enemies":"Large Slime","floor":13,"turns":5},{"damage":2,"enemies":"Blue Slaver","floor":14,"turns":3},{"damage":55,"enemies":"Hexaghost","floor":16,"turns":8},{"damage":1,"enemies":"Spheric Guardian","floor":18,"turns":3},{"damage":15,"enemies":"2 Thieves","floor":19,"turns":4},{"damage":18,"enemies":"Shelled Parasite and Fungi","floor":21,"turns":4},{"damage":41,"enemies":"Book of Stabbing","floor":23,"turns":5},{"damage":23,"enemies":"Slavers","floor":27,"turns":1}],"seed_played":"1077961597991204181","potions_obtained":[{"floor":3,"key":"SkillPotion"},{"floor":4,"key":"Reflective Coating"},{"floor":7,"key":"SneckoOil"},{"floor":16,"key":"Energy Potion"},{"floor":23,"key":"Reflective Coating"}],"is_trial":false,"path_per_floor":["M","?","M","M","?","R","M","R","T","R","$","M","M","M","R","B",null,"M","M","?","M","?","E","$","?","T","E"],"character_chosen":"IRONCLAD","items_purchased":["Sling","Warcry","White Beast Statue"],"campfire_rested":0,"item_purchase_floors":[11,11,24],"current_hp_per_floor":[76,76,72,75,75,75,75,75,75,75,78,74,83,87,87,41,92,95,89,53,44,52,20,20,20,23,0,0],"gold":179,"neow_bonus":"THREE_RARE_CARDS","is_daily":false,"chose_seed":false,"campfire_upgraded":3,"win_rate":0.0,"timestamp":1612146077,"path_taken":["M","?","M","M","?","R","M","R","T","R","?","M","M","?","R","BOSS","M","?","?","M","?","E","$","?","T","E"],"items_purchased_type":["Relic","Card","Relic"],"build_version":"2020-12-22","purchased_purges":1,"victory":false,"max_hp_per_floor":[80,80,80,80,80,80,80,80,80,80,83,86,89,89,89,92,92,95,98,101,104,112,115,115,115,118,118,118],"card_choices":[{"not_picked":["Corruption","Demonic Infusion"],"picked":"Eclipse","floor":0},{"not_picked":["ReplayTheSpireMod:Stacked","True Grit"],"picked":"Combust","floor":1},{"not_picked":["Headbutt","Flex","Run Through"],"picked":"SKIP","floor":3},{"not_picked":["Hemokinesis","Clash"],"picked":"Heavy Blade","floor":4},{"not_picked":["Flex","ReplayTheSpireMod:LeadingStrike"],"picked":"Defy Death","floor":7},{"not_picked":["Replay:Undeath\u0027s Touch","Sever Soul"],"picked":"Double Tap","floor":12},{"not_picked":["Inflame","Armaments"],"picked":"Spot Weakness","floor":13},{"not_picked":["ReplayReversal","Flame Barrier","Anger"],"picked":"SKIP","floor":14},{"not_picked":["Juggernaut","Bludgeon"],"picked":"Corruption","floor":16},{"not_picked":["Clothesline","ReplayTheSpireMod:Stacked"],"picked":"Spot Weakness+1","floor":18},{"not_picked":["Pommel Strike","Abandon"],"picked":"Flex+1","floor":19},{"not_picked":["Anger","Searing Blow"],"picked":"Flame Barrier","floor":20},{"not_picked":["Perfected Strike","Clash"],"picked":"Havoc","floor":20},{"not_picked":["Massacre","Headbutt"],"picked":"Power Through","floor":21},{"not_picked":["Pommel Strike","Clash"],"picked":"Warcry","floor":23}],"player_experience":529456,"relics_obtained":[{"floor":5,"key":"ReplayTheSpireMod:Ring of Collecting"},{"floor":5,"key":"Ring of Panic"},{"floor":9,"key":"ReplayTheSpireMod:Ring of Exchange"},{"floor":9,"key":"Replay:Ringing Soul"},{"floor":20,"key":"ReplayTheSpireMod:Lightbulb"},{"floor":23,"key":"Ornamental Fan"},{"floor":26,"key":"Ring of Misfortune"}],"event_choices":[{"damage_healed":0,"gold_gain":0,"player_choice":"Grow","damage_taken":0,"max_hp_gain":0,"max_hp_loss":0,"event_name":"Living Wall","floor":2,"gold_loss":0,"cards_upgraded":["Eclipse"]},{"damage_healed":0,"gold_gain":0,"player_choice":"Inject Mutagens","damage_taken":0,"relics_obtained":["MutagenicStrength"],"max_hp_gain":0,"max_hp_loss":0,"event_name":"Drug Dealer","floor":25,"gold_loss":0}],"is_beta":false,"boss_relics":[{"not_picked":["Painkiller Herb","Runic Dome"],"picked":"OrangePellets"}],"items_purged_floors":[24],"is_endless":false,"potions_floor_spawned":[3,4,7,16,23],"killed_by":"Slavers","ascension_level":0}}