{"host":"72j3if4hls1tefkc","time":1612215920,"event":{"mods":["AchievementEnabler","Always Whale","Aspiration","BaseMod","Colored Map","Conspire","FetchMod","Halation","Hubris","Infinite Spire","Minty Spire (QoL Compilation)","Reliquary","Replay The Spire","Shop Mod","StSLib","The Construct","The Jungle"],"gold_per_floor":[112,112,161,163,213,297,6,6,33,46,46,65,15,33,33,135,135,210,233,233,233,233,233,259,326,351,351,351,377,377,398,398,519,519,534,534,584,626,641,641,673,673,697,697,697,709,709,722,722,726],"floor_reached":51,"language":"ENG","playtime":2369,"items_purged":["Voices","ReplayTheSpireMod:Splinters","Looming Evil","conspire:Blindness"],"score":1102,"play_id":"ed259391-c2ac-48fc-a156-7c48cc974351","local_time":"20210201144520","is_ascension_mode":true,"campfire_choices":[{"data":"Noxious Fumes","floor":8,"key":"SMITH"},{"data":"Neutralize","floor":11,"key":"SMITH"},{"data":"Dodge and Roll","floor":15,"key":"SMITH"},{"floor":23,"key":"REST"},{"data":"Noxious Fumes","floor":28,"key":"SMITH"},{"data":"Delirium","floor":40,"key":"SMITH"},{"data":"CurseOfTheBell","floor":42,"key":"SMITH"},{"data":"Parasite","floor":45,"key":"SMITH"},{"data":"CommonCold","floor":47,"key":"SMITH"},{"data":"ReplayTheSpireMod:Faulty Equipment","floor":49,"key":"SMITH"}],"circlet_count":0,"master_deck":["Strike_G","Strike_G","Strike_G","Defend_G","Defend_G","Defend_G+1","Defend_G+1","Defend_G+1","Survivor","Neutralize+1","Noxious Fumes+1","Poisoned Stab","Dodge and Roll+1","Adrenaline","Calculated Gamble+1","Backflip+1","Dodge and Roll","Noxious Fumes+1","Catalyst+1","Ghostly","Ghostly","Ghostly+1","Ghostly+1","Ghostly","Adrenaline","Backflip+1","Escape Plan","Backflip+1","Deflect+1","Dodge and Roll+1","Deadly Poison+1"],"relics":["NeowsBlessing","Sizzling Blood","infinitespire:Midas Blood","Ring of Greed","hubris:MobiusCoin","Smiling Mask","Membership Card","Counterbalance","Calling Bell","Anchor","reliquary:BallBearing","hubris:Towel","Thread and Needle","Potion Belt","aspiration:VileToxins","halation:PrussianBluePaint","Iron Hammer","MerchantsRug","infinitespire:Lychee Nut","aspiration:ChemicalBlood"],"acts_visited":["Exordium","TheCity","TheBeyond"],"potions_floor_usage":[16,25,25,33,33,50,50,50],"damage_taken":[{"damage":0,"enemies":"Jaw Worm","floor":1,"turns":1},{"damage":0,"enemies":"Lagavulin","floor":6,"turns":2},{"damage":0,"enemies":"2 Louse","floor":10,"turns":2},{"damage":6,"enemies":"Small Slimes","floor":12,"turns":4},{"damage":7,"enemies":"Looter","floor":14,"turns":4},{"damage":20,"enemies":"The Guardian","floor":16,"turns":12},{"damage":9,"enemies":"Shell Parasite","floor":18,"turns":10},{"damage":33,"enemies":"Chosen","floor":19,"turns":9},{"damage":7,"enemies":"Snecko","floor":24,"turns":7},{"damage":12,"enemies":"Chosen and Byrds","floor":25,"turns":7},{"damage":11,"enemies":"Sentry and Sphere","floor":29,"turns":7},{"damage":9,"enemies":"Cultist and Chosen","floor":31,"turns":8},{"damage":11,"enemies":"conspire:MysteriousRune","floor":33,"turns":11},{"damage":0,"enemies":"3 Darklings","floor":35,"turns":7},{"damage":0,"enemies":"3 Shapes","floor":39,"turns":8},{"damage":0,"enemies":"Nemesis","floor":41,"turns":9},{"damage":1,"enemies":"Spire Growth","floor":46,"turns":8},{"damage":0,"enemies":"Transient","floor":48,"turns":5},{"damage":4,"enemies":"Time Eater","floor":50,"turns":10}],"seed_played":"-7752999474397058182","potions_obtained":[{"floor":12,"key":"Energy Potion"},{"floor":14,"key":"SkillPotion"},{"floor":16,"key":"Weak Potion"},{"floor":24,"key":"Explosive Potion"},{"floor":31,"key":"Milkshake"},{"floor":32,"key":"Ancient Potion"},{"floor":32,"key":"Block Potion"},{"floor":41,"key":"PowerPotion"},{"floor":48,"key":"Weak Potion"}],"is_trial":false,"path_per_floor":["M","?","?","?","?","E","$","R","T","M","R","M","$","M","R","B",null,"M","M","?","?","AVR","R","M","M","T","?","R","M","?","M","R_BF","B",null,"M","?","AVR","$","M","R","E","R","T","?","R","M","R","M","R","B",null],"character_chosen":"THE_SILENT","items_purchased":["Membership Card","Counterbalance","Iron Hammer","Escape Plan","MerchantsRug"],"campfire_rested":1,"item_purchase_floors":[7,7,38,38,38],"current_hp_per_floor":[63,67,49,42,42,46,46,46,46,50,50,48,48,45,45,29,63,58,29,29,29,29,51,48,40,40,40,40,33,33,28,28,21,33,37,37,37,37,37,37,27,27,27,27,24,24,24,24,24,24],"gold":726,"neow_bonus":"THREE_ENEMY_KILL","is_daily":false,"chose_seed":false,"campfire_upgraded":9,"win_rate":0.0,"timestamp":1612215920,"path_taken":["M","?","?","?","?","E","$","R","T","M","R","M","?","?","R","BOSS","M","M","?","?","AVR","R","M","?","T","?","R","?","?","M","R_BF","BOSS","M","?","AVR","?","?","R","E","R","T","?","R","M","R","M","R","BOSS"],"items_purchased_type":["Relic","Relic","Relic","Card","Relic"],"build_version":"2020-12-22","purchased_purges":4,"victory":true,"max_hp_per_floor":[70,74,74,74,74,74,74,74,74,74,74,74,74,74,74,74,74,74,74,74,74,74,74,74,74,74,74,74,74,37,37,37,37,37,37,37,37,37,37,37,27,27,27,27,24,24,24,24,24,24],"card_choices":[{"not_picked":["Masterful Stab","Outmaneuver"],"picked":"Noxious Fumes","floor":1},{"not_picked":["Slice","hubris:SlightOfHand"],"picked":"Poisoned Stab","floor":3},{"not_picked":["Finisher","hubris:Sniper","ReplayTheSpireMod:Shiv Toss"],"picked":"SKIP","floor":6},{"not_picked":["Underhanded Strike","Tactician","Slice"],"picked":"SKIP","floor":10},{"not_picked":["Sucker Punch","Prepared"],"picked":"Dodge and Roll","floor":12},{"not_picked":["Accuracy","ReplayTheSpireMod:The Works","ReplayTheSpireMod:Exploit Weakness"],"picked":"SKIP","floor":14},{"not_picked":["Wraith Form v2","Atom Bomb"],"picked":"Adrenaline","floor":16},{"not_picked":["Distraction","All Out Attack"],"picked":"Calculated Gamble+1","floor":18},{"not_picked":["Dagger Throw","Poisoned Stab"],"picked":"Backflip+1","floor":19},{"not_picked":["Cloak And Dagger","Blade Dance"],"picked":"Dodge and Roll","floor":24},{"not_picked":["hubris:TrickCloak","Toxin Wave"],"picked":"Noxious Fumes","floor":25},{"not_picked":["Quick Slash","ReplayTheSpireMod:Speed Training+1"],"picked":"Catalyst+1","floor":29},{"not_picked":["Toxin Wave","Calculated Gamble","Reflex"],"picked":"SKIP","floor":31},{"not_picked":["A Thousand Cuts","ReplayTheSpireMod:From All Sides"],"picked":"Adrenaline","floor":33},{"not_picked":["Dagger Throw","Flying Knee+1"],"picked":"Backflip+1","floor":35},{"not_picked":["Cloak And Dagger","Poisoned Stab"],"picked":"Backflip","floor":39},{"not_picked":["Dodge and Roll","Skewer"],"picked":"Deflect","floor":41},{"not_picked":["Backflip","ReplayTheSpireMod:Scrap Shanks+1"],"picked":"Dodge and Roll+1","floor":46},{"not_picked":["Masterful Stab","hubris:Sniper"],"picked":"Deadly Poison+1","floor":48}],"player_experience":325899,"relics_obtained":[{"floor":3,"key":"infinitespire:Midas Blood"},{"floor":5,"key":"Ring of Greed"},{"floor":5,"key":"hubris:MobiusCoin"},{"floor":5,"key":"Smiling Mask"},{"floor":6,"key":"reliquary:FeatherDuster"},{"floor":9,"key":"Simple Rune"},{"floor":17,"key":"Anchor"},{"floor":17,"key":"reliquary:BallBearing"},{"floor":17,"key":"reliquary:OuijaBoard"},{"floor":26,"key":"Potion Belt"},{"floor":41,"key":"infinitespire:Lychee Nut"},{"floor":43,"key":"aspiration:ChemicalBlood"}],"event_choices":[{"cards_removed":["Strike_G"],"damage_healed":0,"gold_gain":0,"player_choice":"Card Removal","damage_taken":7,"max_hp_gain":0,"max_hp_loss":0,"event_name":"Golden Wing","floor":4,"gold_loss":0},{"damage_healed":0,"gold_gain":0,"cards_transformed":["Looming Evil"],"player_choice":"Transformed","damage_taken":0,"max_hp_gain":0,"max_hp_loss":0,"event_name":"Transmorgrifier","floor":21,"gold_loss":0,"cards_obtained":["ReplayTheSpireMod:Splinters"]},{"damage_healed":0,"gold_gain":0,"player_choice":"Gave Potion","damage_taken":0,"relics_obtained":["aspiration:VileToxins"],"max_hp_gain":0,"max_hp_loss":0,"event_name":"WeMeetAgain","floor":27,"gold_loss":0},{"damage_healed":0,"gold_gain":0,"player_choice":"Became a Ghost","damage_taken":0,"max_hp_gain":0,"max_hp_loss":37,"event_name":"Ghosts","floor":30,"gold_loss":0,"cards_obtained":["Ghostly","Ghostly","Ghostly","Ghostly","Ghostly"]},{"damage_healed":0,"gold_gain":0,"player_choice":"Ignored","damage_taken":0,"max_hp_gain":0,"max_hp_loss":0,"event_name":"Tomb of Lord Red Mask","floor":36,"gold_loss":0},{"cards_removed":["Strike_G"],"damage_healed":0,"gold_gain":0,"player_choice":"Offered Basic","damage_taken":0,"max_hp_gain":0,"max_hp_loss":0,"event_name":"Bonfire Elementals","floor":44,"gold_loss":0}],"is_beta":false,"boss_relics":[{"not_picked":["hubris:VirtuousBlindfold","SacredBark"],"picked":"Calling Bell"},{"not_picked":["ReplayTheSpireMod:DimensionalGlitch","Snecko Heart"],"picked":"hubris:Backtick"}],"items_purged_floors":[13,22,37,38],"is_endless":false,"potions_floor_spawned":[12,14,16,24,31,41,48],"ascension_level":8}}