{"host":"4frmwgfdu3ku469n","time":1612206950,"event":{"mods":["BaseMod","Minty Spire (QoL Compilation)","StSLib"],"gold_per_floor":[109,109,126,146,146,185,185,201,277,302,302,323,366,8,8,131,131,131,131,53,53,53],"floor_reached":21,"language":"ZHS","playtime":701,"items_purged":[],"score":296,"play_id":"2b2f4f53-6484-4aff-919f-68a4504f0828","local_time":"20210202031550","is_ascension_mode":true,"campfire_choices":[{"floor":7.0,"key":"REST"},{"floor":15.0,"key":"REST"}],"circlet_count":0,"master_deck":["AscendersBane","Strike_G","Strike_G","Strike_G","Strike_G","Defend_G","Defend_G","Defend_G","Defend_G","Defend_G","Survivor","Neutralize","Dagger Spray","Terror","Acrobatics","Backflip","Infinite Blades+1","Unload","Footwork+1","Tactician","Exhume","PathToVictory+1","Concentrate"],"relics":["Ring of the Snake","NeowsBlessing","Golden Idol","FossilizedHelix","Frozen Egg 2","Tiny Chest","Bag of Preparation","PrismaticShard","Ectoplasm"],"acts_visited":["Exordium","TheCity"],"potions_floor_usage":[],"damage_taken":[{"damage":0.0,"enemies":"Small Slimes","floor":1.0,"turns":1.0},{"damage":0.0,"enemies":"2 Louse","floor":3.0,"turns":1.0},{"damage":0.0,"enemies":"Cultist","floor":4.0,"turns":1.0},{"damage":32.0,"enemies":"3 Sentries","floor":6.0,"turns":8.0},{"damage":5.0,"enemies":"Gremlin Gang","floor":8.0,"turns":6.0},{"damage":11.0,"enemies":"Looter","floor":10.0,"turns":3.0},{"damage":14.0,"enemies":"Exordium Wildlife","floor":12.0,"turns":4.0},{"damage":12.0,"enemies":"Gremlin Nob","floor":13.0,"turns":5.0},{"damage":17.0,"enemies":"Hexaghost","floor":16.0,"turns":12.0},{"damage":0,"enemies":"Chosen","floor":18,"turns":5},{"damage":23,"enemies":"Spheric Guardian","floor":19,"turns":8},{"damage":33,"enemies":"Snake Plant","floor":21,"turns":4}],"seed_played":"1197460985192510713","potions_obtained":[{"floor":1.0,"key":"SpeedPotion"},{"floor":3.0,"key":"DistilledChaos"},{"floor":4.0,"key":"GhostInAJar"},{"floor":13.0,"key":"SmokeBomb"},{"floor":18,"key":"SteroidPotion"}],"is_trial":false,"path_per_floor":["M","?","M","M","?","E","R","M","T","M","?","M","E","$","R","B",null,"M","M","$","M"],"character_chosen":"THE_SILENT","items_purchased":["Tactician","Bag of Preparation","PrismaticShard","Concentrate"],"campfire_rested":2,"item_purchase_floors":[14,14,14,20],"current_hp_per_floor":[63,68,68,68,68,36,56,51,51,40,40,26,14,14,34,17,56,56,33,33,0,0],"gold":53,"neow_bonus":"THREE_ENEMY_KILL","is_daily":false,"chose_seed":false,"campfire_upgraded":0,"win_rate":0.0,"timestamp":1612206950,"path_taken":["M","?","M","M","?","E","R","M","T","M","?","?","E","$","R","BOSS","BOSS","M","?","$","M"],"items_purchased_type":["Card","Relic","Relic","Card"],"build_version":"2020-12-22","purchased_purges":0,"victory":false,"max_hp_per_floor":[70,75,75,75,69,69,69,69,69,69,69,69,69,69,69,69,69,69,69,69,69,69],"card_choices":[{"not_picked":["Poisoned Stab","Accuracy"],"picked":"Dagger Spray","floor":1.0},{"not_picked":["Cloak And Dagger","Dagger Spray"],"picked":"Terror","floor":3.0},{"not_picked":["Flechettes","Prepared"],"picked":"Acrobatics","floor":4.0},{"not_picked":["Slice","Dodge and Roll","Deadly Poison"],"picked":"SKIP","floor":6.0},{"not_picked":["Blade Dance","Poisoned Stab"],"picked":"Backflip","floor":8.0},{"not_picked":["Underhanded Strike","Endless Agony"],"picked":"Infinite Blades+1","floor":10.0},{"not_picked":["Sucker Punch","Underhanded Strike"],"picked":"Unload","floor":12.0},{"not_picked":["PiercingWail","Reflex"],"picked":"Footwork+1","floor":13.0},{"not_picked":["Glass Knife","Feed"],"picked":"Exhume","floor":16},{"not_picked":["CrushJoints","Lockon","Warcry+1"],"picked":"SKIP","floor":18},{"not_picked":["ClearTheMind","All Out Attack"],"picked":"PathToVictory+1","floor":19}],"player_experience":668229,"relics_obtained":[{"floor":6.0,"key":"FossilizedHelix"},{"floor":9.0,"key":"Frozen Egg 2"},{"floor":13.0,"key":"Tiny Chest"}],"event_choices":[{"damage_healed":0.0,"max_hp_gain":5.0,"max_hp_loss":0.0,"gold_gain":0.0,"event_name":"Big Fish","player_choice":"Donut","floor":2.0,"gold_loss":0.0,"damage_taken":0.0},{"damage_healed":0.0,"max_hp_gain":0.0,"max_hp_loss":6.0,"gold_gain":0.0,"event_name":"Golden Idol","player_choice":"Lose Max HP","floor":5.0,"gold_loss":0.0,"damage_taken":0.0,"relics_obtained":["Golden Idol"]},{"cards_removed":["Strike_G"],"damage_healed":0.0,"max_hp_gain":0.0,"max_hp_loss":0.0,"gold_gain":0.0,"event_name":"Purifier","player_choice":"Purged","floor":11.0,"gold_loss":0.0,"damage_taken":0.0}],"is_beta":false,"boss_relics":[{"not_picked":["Empty Cage","Busted Crown"],"picked":"Ectoplasm"}],"items_purged_floors":[],"is_endless":false,"potions_floor_spawned":[1,3,4,13,18],"killed_by":"Snake Plant","ascension_level":11}}