{"host":"6gl4z8x6qhx9xtfj","time":1612169483,"event":{"mods":["2.2 Compatiblity","AchievementEnabler","BaseMod","Bestiary","Colored Map","Colored Powertips","Evolution","Minty Spire (QoL Compilation)","Quick Restart","Relic Stats","StSLib","SuperFastMode"],"gold_per_floor":[118,136,35,49,3,35,46,75,99,64,82,97,153,182,182,286,286,299,319,332,81,96,121,132,159,184,184,184,199,216,248,248,348,348,358,376,415,434,434,434,467,510,533,17,52,52,92,116,116,116],"floor_reached":51,"language":"RUS","playtime":3893,"items_purged":[],"score":1099,"play_id":"f16c4dfe-3026-4d1a-986e-2c7ebf17db42","local_time":"20210201115123","is_ascension_mode":true,"campfire_choices":[{"floor":15,"key":"REST"},{"floor":27,"key":"REST"},{"floor":32,"key":"REST"},{"floor":40,"key":"REST"},{"floor":49,"key":"REST"}],"circlet_count":0,"master_deck":["CrushJoints+1","FollowUp","CutThroughFate","FlyingSleeves","ThirdEye","EmptyBody","Evaluate","ThirdEye","Eruption","Vigilance","Indignation","BattleHymn","WheelKick","Weave+1","Pray","Prostrate","FlyingSleeves","TalkToTheHand","Wallop","Collect","LikeWater","Devotion","Evaluate+1","FollowUp+1","Prostrate+1","WheelKick","FearNoEvil","LikeWater","ReachHeaven","EmptyFist+1","Conclude+1","Establishment","Consecrate","Wish","Fasting2+1","DeusExMachina","Worship","Wireheading"],"relics":["EVO:Axolotl","Fusion Hammer","Juzu Bracelet","Happy Flower","Akabeko","Orichalcum","Bag of Marbles","Runic Pyramid","Pen Nib","StoneCalendar","Whetstone","Toy Ornithopter","HornCleat","Sozu","Lizard Tail","CeramicFish","Calipers","Strange Spoon","Damaru"],"acts_visited":["Exordium","TheCity","TheBeyond"],"potions_floor_usage":[6,22,25,33,33,36,50],"damage_taken":[{"damage":0,"enemies":"Cultist","floor":1,"turns":2},{"damage":0,"enemies":"2 Louse","floor":2,"turns":2},{"damage":18,"enemies":"Small Slimes","floor":4,"turns":2},{"damage":0,"enemies":"Lagavulin","floor":6,"turns":4},{"damage":9,"enemies":"3 Louse","floor":7,"turns":2},{"damage":16,"enemies":"Gremlin Nob","floor":8,"turns":3},{"damage":6,"enemies":"Red Slaver","floor":11,"turns":4},{"damage":2,"enemies":"Exordium Thugs","floor":12,"turns":2},{"damage":2,"enemies":"Gremlin Nob","floor":13,"turns":3},{"damage":2,"enemies":"3 Sentries","floor":14,"turns":3},{"damage":0,"enemies":"Slime Boss","floor":16,"turns":6},{"damage":6,"enemies":"Chosen","floor":18,"turns":3},{"damage":0,"enemies":"Spheric Guardian","floor":19,"turns":2},{"damage":1,"enemies":"Shelled Parasite and Fungi","floor":20,"turns":4},{"damage":14,"enemies":"Snake Plant","floor":22,"turns":3},{"damage":13,"enemies":"Slavers","floor":23,"turns":4},{"damage":0,"enemies":"3 Cultists","floor":24,"turns":3},{"damage":11,"enemies":"Gremlin Leader","floor":25,"turns":5},{"damage":2,"enemies":"Cultist and Chosen","floor":29,"turns":4},{"damage":0,"enemies":"Centurion and Healer","floor":30,"turns":4},{"damage":19,"enemies":"Slavers","floor":31,"turns":3},{"damage":0,"enemies":"Collector","floor":33,"turns":5},{"damage":0,"enemies":"3 Darklings","floor":35,"turns":3},{"damage":4,"enemies":"Orb Walker","floor":36,"turns":3},{"damage":2,"enemies":"3 Darklings","floor":37,"turns":3},{"damage":11,"enemies":"Spire Growth","floor":38,"turns":4},{"damage":9,"enemies":"Giant Head","floor":41,"turns":5},{"damage":0,"enemies":"Maw","floor":42,"turns":6},{"damage":19,"enemies":"Reptomancer","floor":45,"turns":5},{"damage":0,"enemies":"3 Darklings","floor":47,"turns":7},{"damage":0,"enemies":"Transient","floor":48,"turns":5},{"damage":89,"enemies":"Awakened One","floor":50,"turns":5}],"seed_played":"5700493115830784829","potions_obtained":[{"floor":4,"key":"DistilledChaos"},{"floor":6,"key":"Regen Potion"},{"floor":7,"key":"Strength Potion"},{"floor":11,"key":"Weak Potion"},{"floor":12,"key":"Energy Potion"},{"floor":25,"key":"Block Potion"},{"floor":30,"key":"LiquidMemories"},{"floor":33,"key":"AttackPotion"}],"is_trial":false,"path_per_floor":["M","M","$","M","$","E","M","E","T","?","M","M","?","E","R","B",null,"M","M","M","$","M","E","M","E","T","R","?","M","M","E","R","B",null,"M","M","M","M","?","R","E","M","T","$","E","?","M","M","R","B",null],"character_chosen":"WATCHER","items_purchased":["WheelKick","Weave","Prostrate","Pen Nib","WheelKick","FearNoEvil","Calipers","Strange Spoon","Worship"],"campfire_rested":5,"item_purchase_floors":[3,3,5,21,21,21,44,44,44],"current_hp_per_floor":[80,80,80,62,62,62,53,37,37,57,51,49,47,45,69,69,80,74,74,73,73,59,46,46,44,44,68,68,66,66,47,71,80,80,80,76,74,63,63,80,71,71,71,71,52,52,52,52,74,43],"gold":116,"neow_bonus":"BOSS_RELIC","is_daily":false,"chose_seed":false,"campfire_upgraded":0,"win_rate":0.0,"timestamp":1612169483,"path_taken":["M","?","$","M","?","E","M","E","T","?","M","M","?","E","R","BOSS","M","M","M","$","M","E","M","E","T","R","?","M","M","E","R","BOSS","M","M","M","M","?","R","E","M","T","$","E","?","M","M","R","BOSS"],"items_purchased_type":["Card","Card","Card","Relic","Card","Card","Relic","Relic","Card"],"build_version":"2020-12-22","purchased_purges":0,"victory":true,"max_hp_per_floor":[80,80,80,80,80,80,80,80,80,80,80,80,80,80,80,80,80,80,80,80,80,80,80,80,80,80,80,80,80,80,80,80,80,80,80,80,80,80,80,80,80,80,80,80,80,76,76,76,76,76],"relic_stats":{"Happy Flower":[34],"counters":[32,119],"CeramicFish":18,"StoneCalendar":[25],"Pen Nib":[20],"Juzu Bracelet":2,"Whetstone":["CrushJoints","Weave"],"Orichalcum":[72],"Sozu":5,"Strange Spoon":[10],"Lizard Tail":38,"obtain_stats":[{"Calipers":44,"Happy Flower":8,"CeramicFish":43,"Damaru":45,"StoneCalendar":23,"Pen Nib":21,"Juzu Bracelet":6,"EVO:Axolotl":0,"Whetstone":25,"Orichalcum":13,"Akabeko":9,"Sozu":34,"Strange Spoon":44,"Lizard Tail":41,"HornCleat":31,"Fusion Hammer":0,"Bag of Marbles":14,"PureWater":0,"Toy Ornithopter":26,"Runic Pyramid":17},{"Calipers":28,"Happy Flower":6,"CeramicFish":28,"Damaru":29,"StoneCalendar":16,"Pen Nib":14,"Juzu Bracelet":4,"EVO:Axolotl":0,"Whetstone":18,"Orichalcum":8,"Akabeko":6,"Sozu":22,"Strange Spoon":28,"Lizard Tail":27,"HornCleat":21,"Fusion Hammer":0,"Bag of Marbles":10,"PureWater":0,"Toy Ornithopter":18,"Runic Pyramid":11},{"Calipers":97,"Happy Flower":15,"CeramicFish":97,"Damaru":102,"StoneCalendar":49,"Pen Nib":42,"Juzu Bracelet":10,"EVO:Axolotl":0,"Whetstone":57,"Orichalcum":21,"Akabeko":15,"Sozu":73,"Strange Spoon":97,"Lizard Tail":91,"HornCleat":68,"Fusion Hammer":0,"Bag of Marbles":27,"PureWater":0,"Toy Ornithopter":57,"Runic Pyramid":33}],"Toy Ornithopter":14},"card_choices":[{"not_picked":["FlurryOfBlows","PathToVictory"],"picked":"Indignation","floor":1},{"not_picked":["EmptyFist","ClearTheMind"],"picked":"BattleHymn","floor":2},{"not_picked":["Study","Alpha"],"picked":"Pray","floor":4},{"not_picked":["FlurryOfBlows","EmptyMind"],"picked":"FlyingSleeves","floor":6},{"not_picked":["CrushJoints","ThirdEye","PathToVictory"],"picked":"SKIP","floor":7},{"not_picked":["CrushJoints","Vengeance"],"picked":"TalkToTheHand","floor":8},{"not_picked":["BowlingBash","Vengeance","SignatureMove"],"picked":"SKIP","floor":11},{"not_picked":["CrushJoints","Halt"],"picked":"Wallop","floor":12},{"not_picked":["EmptyBody","JustLucky"],"picked":"Collect","floor":13},{"not_picked":["PathToVictory","WindmillStrike"],"picked":"LikeWater","floor":14},{"not_picked":["ConjureBlade","Brilliance"],"picked":"Devotion","floor":16},{"not_picked":["BowlingBash+1","Wireheading"],"picked":"Evaluate+1","floor":18},{"not_picked":["Collect+1","Perseverance"],"picked":"FollowUp+1","floor":19},{"not_picked":["JustLucky+1","Indignation"],"picked":"Prostrate+1","floor":20},{"not_picked":["Crescendo+1","WaveOfTheHand"],"picked":"LikeWater","floor":22},{"not_picked":["Protect","CutThroughFate"],"picked":"ReachHeaven","floor":23},{"not_picked":["Swivel+1","WreathOfFlame+1","Crescendo+1"],"picked":"SKIP","floor":24},{"not_picked":["Protect","DeceiveReality"],"picked":"EmptyFist+1","floor":25},{"not_picked":["CutThroughFate","ForeignInfluence"],"picked":"Conclude+1","floor":29},{"not_picked":["BowlingBash+1","FollowUp"],"picked":"Establishment","floor":30},{"not_picked":["Collect","Study"],"picked":"Consecrate","floor":31},{"not_picked":["Brilliance","Blasphemy"],"picked":"Wish","floor":33},{"not_picked":["BowlingBash","Swivel","EmptyFist+1"],"picked":"SKIP","floor":35},{"not_picked":["PathToVictory","Crescendo+1","EmptyBody"],"picked":"SKIP","floor":36},{"not_picked":["FollowUp+1","Evaluate+1","Consecrate+1"],"picked":"SKIP","floor":37},{"not_picked":["WheelKick+1","Adaptation+1"],"picked":"Fasting2","floor":38},{"not_picked":["EmptyMind","Fasting2+1"],"picked":"DeusExMachina","floor":41},{"not_picked":["FollowUp","CrushJoints+1","FlurryOfBlows+1"],"picked":"SKIP","floor":42},{"not_picked":["DeceiveReality+1","EmptyBody+1","Prostrate+1"],"picked":"SKIP","floor":45},{"not_picked":["WindmillStrike","Judgement","BowlingBash+1"],"picked":"SKIP","floor":47},{"not_picked":["ForeignInfluence","Halt+1"],"picked":"Wireheading","floor":48}],"player_experience":99775,"relics_obtained":[{"floor":6,"key":"Juzu Bracelet"},{"floor":8,"key":"Happy Flower"},{"floor":9,"key":"Akabeko"},{"floor":14,"key":"Bag of Marbles"},{"floor":23,"key":"StoneCalendar"},{"floor":25,"key":"Whetstone"},{"floor":26,"key":"Toy Ornithopter"},{"floor":31,"key":"HornCleat"},{"floor":41,"key":"Lizard Tail"},{"floor":43,"key":"CeramicFish"},{"floor":45,"key":"Damaru"}],"event_choices":[{"damage_healed":20,"gold_gain":0,"player_choice":"Healed","damage_taken":0,"max_hp_gain":0,"max_hp_loss":0,"event_name":"The Cleric","floor":10,"gold_loss":35},{"damage_healed":0,"gold_gain":30,"player_choice":"Searched \u00273\u0027 times","damage_taken":0,"relics_obtained":["Orichalcum"],"max_hp_gain":0,"max_hp_loss":0,"event_name":"Dead Adventurer","floor":13,"gold_loss":0},{"damage_healed":0,"gold_gain":0,"player_choice":"Ignored","damage_taken":0,"max_hp_gain":0,"max_hp_loss":0,"event_name":"Vampires","floor":28,"gold_loss":0},{"damage_healed":0,"gold_gain":0,"player_choice":"Forge","damage_taken":0,"max_hp_gain":0,"max_hp_loss":0,"event_name":"Accursed Blacksmith","floor":39,"gold_loss":0,"cards_upgraded":["Fasting2"]},{"damage_healed":0,"gold_gain":0,"player_choice":"Max HP","damage_taken":0,"max_hp_gain":0,"max_hp_loss":4,"event_name":"Winding Halls","floor":46,"gold_loss":0}],"is_beta":false,"boss_relics":[{"not_picked":["SlaversCollar","Snecko Eye"],"picked":"Runic Pyramid"},{"not_picked":["Tiny House","VioletLotus"],"picked":"Sozu"}],"items_purged_floors":[],"is_endless":false,"potions_floor_spawned":[4,6,7,11,12,18,19,25,30,31,33,36,37,42,45,47],"ascension_level":4}}