{"host":"65a95dzim48ko8ke","time":1612142139,"event":{"mods":["Aspiration","BaseMod","Block Reminder","Colored Powertips","Conspire","Curses Come First","DeckTracker","Energized Spire","Halation","Hubris","Jedi Mod","Minty Spire (QoL Compilation)","Permanent Neow","Quick Restart","Rare Cards Sparkle","Reliquary","Replay The Spire","Spicy Shops","StSLib","Synergy Search","TestMod","Trackpad","Åy?ï®?îvÅzREMEMod"],"gold_per_floor":[13,13,26,26,26,54,54,54,78,78,109,126,126,141,141,244,244,257,277,39,39,39,39,39],"floor_reached":23,"language":"ENG","playtime":1100,"items_purged":[],"score":291,"play_id":"746daa7e-6926-460f-9ea6-a765ca9f7d87","local_time":"20210201101539","is_ascension_mode":true,"campfire_choices":[{"data":"jedi:hex","floor":7,"key":"SMITH"},{"data":"Crystallizer","floor":10,"key":"SMITH"},{"data":"Defragment","floor":13,"key":"SMITH"}],"circlet_count":0,"master_deck":["conspire:GhostlyStrike","conspire:GhostlyStrike","conspire:GhostlyDefend","conspire:GhostlyDefend","conspire:GhostlyDefend","conspire:GhostlyDefend","Zap","Dualcast","Crystallizer+1","Defragment+1","jedi:hex+1","Go for the Eyes","Gash","jedi:readyaimfire","Gash","FTL+1","Rainbow","Lockon","conspire:SharedLibrary+1","Writhe"],"relics":["Cracked Core","testmod-TestBox","REME_ComplimentaryCards","halation:EternalFortune","trackpad:FocusingLens","reliquary:ExpiredCoupon","testmod-InjuryResistance","Sozu","Meat on the Bone","aspiration:DSix"],"acts_visited":["Exordium","TheCity"],"potions_floor_usage":[6,16,16],"damage_taken":[{"damage":5,"enemies":"Small Slimes","floor":1,"turns":4},{"damage":2,"enemies":"2 Louse","floor":3,"turns":3},{"damage":28,"enemies":"Gremlin Nob","floor":6,"turns":4},{"damage":5,"enemies":"Lagavulin","floor":11,"turns":6},{"damage":0,"enemies":"Jaw Worm","floor":12,"turns":2},{"damage":8,"enemies":"Large Slime","floor":14,"turns":4},{"damage":6,"enemies":"Hexaghost","floor":16,"turns":6},{"damage":21,"enemies":"conspire:FuzzyDice","floor":18,"turns":5},{"damage":22,"enemies":"2 Thieves","floor":19,"turns":4},{"damage":27,"enemies":"Book of Stabbing","floor":23,"turns":4}],"seed_played":"4228797687958543015","potions_obtained":[{"floor":1,"key":"ColorlessPotion"},{"floor":3,"key":"Block Potion"},{"floor":11,"key":"Strength Potion"}],"is_trial":false,"path_per_floor":["M","?","M","?","?","E","R","$","T","R","E","M","R","M","R","B",null,"M","M","$","?","?","E"],"character_chosen":"DEFECT","items_purchased":["Meat on the Bone"],"campfire_rested":0,"item_purchase_floors":[20],"current_hp_per_floor":[63,63,61,61,64,36,36,36,36,36,31,31,31,23,46,40,69,48,26,26,26,26,0,0],"gold":39,"neow_bonus":"TRANSFORM_TWO_CARDS","is_daily":false,"chose_seed":false,"campfire_upgraded":3,"win_rate":0.0,"timestamp":1612142139,"path_taken":["M","?","M","?","?","E","R","?","T","R","E","?","R","M","R","BOSS","M","M","$","?","?","E"],"items_purchased_type":["Relic"],"build_version":"2020-12-22","purchased_purges":0,"victory":false,"max_hp_per_floor":[75,75,75,75,78,78,78,78,78,78,78,78,78,78,78,78,78,78,78,78,78,78,78,78],"card_choices":[{"not_picked":["Cold Snap","Recycle"],"picked":"jedi:hex","floor":1},{"not_picked":["Reprogram","conspire:Rain"],"picked":"Go for the Eyes","floor":3},{"not_picked":["jedi:reiji","Streamline"],"picked":"Gash","floor":6},{"not_picked":["Crystallizer","ReplaySolidLightProjector"],"picked":"jedi:readyaimfire","floor":11},{"not_picked":["Conserve Battery","Sweeping Beam"],"picked":"Gash","floor":12},{"not_picked":["Melter","Turbo"],"picked":"FTL","floor":14},{"not_picked":["Thunder Strike","jedi:studyfrost"],"picked":"Rainbow","floor":16},{"not_picked":["Redo+1","jedi:BurstLightning"],"picked":"Lockon","floor":18},{"not_picked":["Ball Lightning","Doom and Gloom"],"picked":"conspire:SharedLibrary+1","floor":19}],"player_experience":349485,"relics_obtained":[{"floor":6,"key":"trackpad:FocusingLens"},{"floor":9,"key":"reliquary:ExpiredCoupon"},{"floor":11,"key":"testmod-InjuryResistance"}],"event_choices":[{"damage_healed":0,"gold_gain":0,"player_choice":"Leave","damage_taken":0,"max_hp_gain":0,"max_hp_loss":0,"event_name":"conspire:Investor","floor":2,"gold_loss":0},{"damage_healed":0,"gold_gain":0,"player_choice":"Agree","damage_taken":0,"max_hp_gain":0,"max_hp_loss":0,"event_name":"conspire:LoneGhost","floor":4,"gold_loss":0},{"damage_healed":0,"gold_gain":0,"player_choice":"Opened","damage_taken":0,"relics_obtained":["aspiration:DSix"],"max_hp_gain":0,"max_hp_loss":0,"event_name":"The Mausoleum","floor":21,"gold_loss":0,"cards_obtained":["Writhe"]}],"is_beta":false,"boss_relics":[{"not_picked":["Tiny House","testmod-Nine"],"picked":"Sozu"}],"items_purged_floors":[],"is_endless":false,"potions_floor_spawned":[1,3,11,18,19],"killed_by":"Book of Stabbing","ascension_level":7}}