{"host":"1mv6gj0zv8k9e9tz","time":1612166104,"event":{"mods":["AchievementEnabler","BaseMod","Better Third Choice","Colored Map","DeckTracker","Highlight Path","KOR Keyword Fix","Keyboard Shortcuts","Minty Spire (QoL Compilation)","Permanent Neow","Quick Restart","Rare Cards Sparkle","StSLib","SuperFastMode","everything is the same but u backflip on backflip"],"gold_per_floor":[18,18,18,37,50,50,64,64,91,102,102,119,132,132,132,132,132],"floor_reached":16,"language":"KOR","playtime":379,"items_purged":[],"score":188,"play_id":"2efe8003-6a92-4386-a6fa-467f01b158bc","local_time":"20210201165504","is_ascension_mode":true,"campfire_choices":[{"data":"Well Laid Plans","floor":6.0,"key":"SMITH"},{"data":"Survivor","floor":8.0,"key":"SMITH"},{"data":"Bouncing Flask","floor":11.0,"key":"SMITH"},{"floor":15.0,"key":"REST"}],"circlet_count":0,"master_deck":["AscendersBane","Strike_G","Strike_G","Strike_G","Strike_G","Defend_G","Defend_G","Defend_G","Defend_G","Defend_G","Survivor+1","Neutralize+1","Bullet Time+1","Well Laid Plans+1","Bouncing Flask+1","Escape Plan"],"relics":["Ring of the Snake","PreservedInsect"],"acts_visited":["Exordium"],"potions_floor_usage":[16,16],"damage_taken":[{"damage":0.0,"enemies":"2 Louse","floor":1.0,"turns":3.0},{"damage":9.0,"enemies":"Small Slimes","floor":4.0,"turns":5.0},{"damage":2.0,"enemies":"Cultist","floor":5.0,"turns":5.0},{"damage":3.0,"enemies":"Blue Slaver","floor":7.0,"turns":4.0},{"damage":10.0,"enemies":"3 Louse","floor":10.0,"turns":5.0},{"damage":6.0,"enemies":"Exordium Wildlife","floor":12.0,"turns":4.0},{"damage":4.0,"enemies":"Blue Slaver","floor":13.0,"turns":4.0},{"damage":53,"enemies":"Slime Boss","floor":16,"turns":8}],"seed_played":"-6214016090554042079","potions_obtained":[{"floor":5.0,"key":"ColorlessPotion"},{"floor":7.0,"key":"PowerPotion"},{"floor":10.0,"key":"AttackPotion"}],"is_trial":false,"path_per_floor":["M","?","?","M","M","R","M","R","T","M","R","M","M","?","R","B"],"character_chosen":"THE_SILENT","items_purchased":[],"campfire_rested":1,"item_purchase_floors":[],"current_hp_per_floor":[59,59,59,50,48,48,45,45,45,35,35,29,25,18,37,0,0],"gold":132,"neow_bonus":"THREE_RARE_CARDS","is_daily":false,"chose_seed":false,"campfire_upgraded":3,"win_rate":0.0,"timestamp":1612166104,"path_taken":["M","?","?","M","M","R","M","R","T","?","R","M","M","?","R","BOSS"],"items_purchased_type":[],"build_version":"2020-12-22","purchased_purges":0,"victory":false,"max_hp_per_floor":[66,66,66,66,66,66,66,66,66,66,66,66,66,66,66,66,66],"card_choices":[{"not_picked":["Storm of Steel","Venomology"],"picked":"Bullet Time","floor":0.0},{"not_picked":["Bane","Poisoned Stab"],"picked":"Well Laid Plans","floor":1.0},{"not_picked":["Expertise","Masterful Stab","Underhanded Strike"],"picked":"SKIP","floor":4.0},{"not_picked":["Endless Agony","Deflect","Outmaneuver"],"picked":"SKIP","floor":5.0},{"not_picked":["Sucker Punch","Tactician","Flying Knee"],"picked":"SKIP","floor":7.0},{"not_picked":["Sucker Punch","Tactician","Flying Knee"],"picked":"SKIP","floor":7.0},{"not_picked":["Blur","Heel Hook"],"picked":"Bouncing Flask","floor":10.0},{"not_picked":["Caltrops","Blade Dance","Tactician"],"picked":"SKIP","floor":12.0},{"not_picked":["Underhanded Strike","Skewer"],"picked":"Escape Plan","floor":13.0}],"player_experience":607475,"relics_obtained":[{"floor":9.0,"key":"PreservedInsect"}],"event_choices":[{"damage_healed":0.0,"max_hp_gain":0.0,"max_hp_loss":0.0,"gold_gain":0.0,"event_name":"Living Wall","player_choice":"Grow","floor":2.0,"gold_loss":0.0,"damage_taken":0.0,"cards_upgraded":["Bullet Time"]},{"damage_healed":0.0,"max_hp_gain":0.0,"max_hp_loss":0.0,"gold_gain":0.0,"event_name":"Upgrade Shrine","player_choice":"Upgraded","floor":3.0,"gold_loss":0.0,"damage_taken":0.0,"cards_upgraded":["Neutralize"]},{"cards_removed":["Strike_G"],"damage_healed":0.0,"max_hp_gain":0.0,"max_hp_loss":0.0,"gold_gain":0.0,"event_name":"Golden Wing","player_choice":"Card Removal","floor":14.0,"gold_loss":0.0,"damage_taken":7.0}],"is_beta":false,"boss_relics":[],"items_purged_floors":[],"is_endless":false,"potions_floor_spawned":[5,7,10],"killed_by":"Slime Boss","ascension_level":20}}