{"host":"xltl1aroowo69o4n","time":1612223322,"event":{"mods":["BaseMod","Colored Map","Colored Powertips","Downfall","Minty Spire (QoL Compilation)","StSLib"],"gold_per_floor":[99,154,179,194,119,69,69,19,54,64,239,270,120,17,32,130,130,80,91,111,129,141,91,91,107,123,73,173,173,123,123,155,265,277,139,151,177,189,221,183,195,207,22,36,46,31,31,42,62,62],"floor_reached":51,"language":"ENG","playtime":3213,"items_purged":[],"score":832,"play_id":"e5fe07d3-c931-43c8-bb74-aaecf004b5a2","local_time":"20210201184842","is_ascension_mode":false,"campfire_choices":[{"data":"Slimebound:CorrosiveSpit","floor":1,"key":"SMITH"},{"floor":6,"key":"REST"},{"floor":8,"key":"REST"},{"floor":13,"key":"RECALL"},{"data":"Slimebound:MassFeed","floor":18,"key":"SMITH"},{"floor":23,"key":"REST"},{"floor":27,"key":"REST"},{"floor":30,"key":"REST"},{"data":"Slimebound:PrepareCrush","floor":35,"key":"SMITH"},{"floor":40,"key":"REST"},{"data":"Decay","floor":47,"key":"PURGE"}],"circlet_count":0,"master_deck":["Slimebound:Strike_Slimebound","Slimebound:Strike_Slimebound","Slimebound:Strike_Slimebound","Slimebound:Tackle","Slimebound:Defend_Slimebound","Slimebound:Defend_Slimebound","Slimebound:Defend_Slimebound","Slimebound:Defend_Slimebound","Slimebound:Split","Slimebound:CorrosiveSpit+1","Slimebound:SplitLeeching","Slimebound:SamplingLick","Slimebound:LivingWall","Slimebound:Chomp","Doubt","Slimebound:ComboTackle","Slimebound:FlameTackle","Slimebound:SplitBruiser","Slimebound:SamplingLick","Slimebound:MassFeed+1","Slimebound:PressTheAttack","Slimebound:SlimeBarrage","Slimebound:FormOfPuddle+1","Slimebound:LeechEnergy+1","Slimebound:SlimeBarrage+1","Slimebound:SplitMire+1","Slimebound:SlimeTap","J.A.X.","Pride","Slimebound:ProtectTheBoss","Slimebound:PrepareCrush+1","expansioncontent:AwakenDeath","expansioncontent:InvincibleStrength","Slimebound:FormOfPuddle+1","CurseOfTheBell","CurseOfTheBell","Writhe","Slimebound:MinionMaster","Slimebound:FormOfPuddle+1","Slimebound:Darklings","Slimebound:SplitAcid+1","Slimebound:LeadByExample","Slimebound:FlameTackle+1","Parasite","Slimebound:GoopTackle+1","Slimebound:Schlurp","Slimebound:LivingWall+1","Slimebound:FlameTackle"],"relics":["Slimebound:AbsorbEndCombatUpgraded","Peace Pipe","Anchor","Slimebound:GreedOozeRelic","Smiling Mask","Lizard Tail","downfall:HeartBlessingBlue","Happy Flower","TungstenRod","Ornamental Fan","MawBank","Cursed Key","downfall:HeartBlessingRed","downfall:ExtraCursedBell","Strawberry","Mummified Hand","FossilizedHelix","Pear","Slimebound:SelfDamagePreventRelic"],"acts_visited":["Exordium","TheCity","TheBeyond"],"potions_floor_usage":[22,26,28,28,46,50],"damage_taken":[{"damage":55,"enemies":"Lagavulin Event","floor":2,"turns":7},{"damage":0,"enemies":"Cultist","floor":4,"turns":4},{"damage":8,"enemies":"Lagavulin","floor":9,"turns":5},{"damage":0,"enemies":"Jaw Worm","floor":10,"turns":3},{"damage":20,"enemies":"3 Sentries","floor":12,"turns":8},{"damage":0,"enemies":"downfall:FleeingMerchant","floor":14,"turns":4},{"damage":0,"enemies":"2 Louse","floor":15,"turns":2},{"damage":49,"enemies":"SI_SHIV_ARCHETYPE","floor":16,"turns":10},{"damage":18,"enemies":"Spheric Guardian","floor":19,"turns":4},{"damage":22,"enemies":"Snecko","floor":20,"turns":4},{"damage":9,"enemies":"Snake Plant","floor":21,"turns":3},{"damage":34,"enemies":"Centurion and Healer","floor":22,"turns":3},{"damage":19,"enemies":"Shelled Parasite and Fungi","floor":25,"turns":5},{"damage":9,"enemies":"Snake Plant","floor":26,"turns":4},{"damage":23,"enemies":"Colosseum Nobs","floor":28,"turns":3},{"damage":5,"enemies":"Centurion and Healer","floor":32,"turns":5},{"damage":93,"enemies":"IC_MUSHROOM_ARCHETYPE","floor":33,"turns":9},{"damage":18,"enemies":"3 Shapes","floor":37,"turns":3},{"damage":17,"enemies":"3 Darklings","floor":39,"turns":6},{"damage":14,"enemies":"downfall:FleeingMerchant","floor":43,"turns":4},{"damage":17,"enemies":"Transient","floor":44,"turns":5},{"damage":0,"enemies":"Writhing Mass","floor":45,"turns":5},{"damage":0,"enemies":"downfall:FleeingMerchant","floor":46,"turns":4},{"damage":0,"enemies":"Spire Growth","floor":48,"turns":4},{"damage":9,"enemies":"Jaw Worm Horde","floor":49,"turns":4},{"damage":66,"enemies":"WA_ARCHETYPE_DIVINITY","floor":50,"turns":11}],"seed_played":"-8919009375175895718","potions_obtained":[{"floor":4,"key":"LiquidBronze"},{"floor":12,"key":"Slimebound:ThreeZeroPotion"},{"floor":19,"key":"PowerPotion"},{"floor":22,"key":"BlessingOfTheForge"},{"floor":44,"key":"Slimebound:ThreeZeroPotion"},{"floor":45,"key":"Slimebound:SlimedPotion"},{"floor":48,"key":"Weak Potion"}],"is_trial":false,"path_per_floor":["R","?","T","M","?","R","T","R","E","M","?","E","R","$","M","B",null,"R","M","M","M","M","R","T","M","M","R","?","?","R","?","M","B",null,"R","?","M","?","M","R","T","?","$","M","M","$","R","M","M","B",null],"character_chosen":"SLIMEBOUND","items_purchased":["Slimebound:FlameTackle","Slimebound:SplitBruiser","Slimebound:LeadByExample","Slimebound:SelfDamagePreventRelic"],"campfire_rested":6,"item_purchase_floors":[14,14,43,43],"current_hp_per_floor":[71,24,24,28,28,49,49,70,67,71,71,53,63,67,69,24,81,81,63,47,41,14,39,39,29,20,45,31,31,56,56,60,32,85,85,81,66,73,65,92,102,102,91,77,93,96,96,99,96,43],"gold":62,"neow_bonus":"TEN_PERCENT_HP_BONUS","is_daily":false,"chose_seed":false,"campfire_upgraded":3,"win_rate":0.0,"timestamp":1612223322,"path_taken":["R","?","?","M","?","R","T","R","E","M","?","E","R","$","M","BOSS","R","M","M","M","M","R","T","M","M","R","?","?","R","?","M","BOSS","R","?","M","?","M","R","T","?","$","M","M","$","R","?","M","BOSS"],"items_purchased_type":["Card","Card","Card","Relic"],"build_version":"2020-12-13","purchased_purges":0,"victory":true,"max_hp_per_floor":[71,71,71,71,71,71,71,71,71,71,71,71,81,81,81,81,81,81,81,81,81,85,85,85,85,85,85,85,85,85,85,85,85,85,85,85,85,92,92,92,102,102,102,102,106,106,106,106,106,106],"card_choices":[{"not_picked":["Slimebound:PressTheAttack","Slimebound:GoopSpray"],"picked":"Slimebound:SplitLeeching","floor":2},{"not_picked":["Slimebound:GoopTackle","Slimebound:BestDefense"],"picked":"Slimebound:SamplingLick","floor":4},{"not_picked":["Slimebound:RainOfGoop","Slimebound:Dissolve"],"picked":"Slimebound:LivingWall","floor":9},{"not_picked":["Slimebound:LeechEnergy","Slimebound:SplitBruiser"],"picked":"Slimebound:Chomp","floor":10},{"not_picked":["Slimebound:SlimeTap","Slimebound:LeechEnergy"],"picked":"Slimebound:MinionMaster","floor":12},{"not_picked":["Slimebound:RollThrough","Slimebound:SlimeTap"],"picked":"Slimebound:ComboTackle","floor":14},{"not_picked":["Slimebound:Schlurp","Slimebound:ComboTackle"],"picked":"Slimebound:SamplingLick","floor":15},{"not_picked":["Slimebound:MassRepurpose","Slimebound:FirmFortitude"],"picked":"Slimebound:MassFeed","floor":16},{"not_picked":["Slimebound:RollThrough+1","Slimebound:SplitMire"],"picked":"Slimebound:PressTheAttack","floor":19},{"not_picked":["Slimebound:SplitMire","Slimebound:FlameTackle"],"picked":"Slimebound:SlimeBarrage","floor":20},{"not_picked":["Slimebound:SlimeBarrage+1","Slimebound:Prepare"],"picked":"Slimebound:FormOfPuddle+1","floor":21},{"not_picked":["Slimebound:SplitMire","Slimebound:GoopTackle"],"picked":"Slimebound:LeechEnergy+1","floor":22},{"not_picked":["Slimebound:Replication+1","Slimebound:LeechingTouch+1"],"picked":"Slimebound:SlimeBarrage+1","floor":25},{"not_picked":["Slimebound:OozeBath","Slimebound:SplitLeeching"],"picked":"Slimebound:SplitMire+1","floor":26},{"not_picked":["Slimebound:FormOfPuddle","Slimebound:FinishingTackle"],"picked":"Slimebound:SlimeTap","floor":28},{"not_picked":["Slimebound:Schlurp","Slimebound:FinishingTackle"],"picked":"Slimebound:ProtectTheBoss","floor":32},{"not_picked":["Slimebound:OozeBath","Slimebound:DouseInSlime"],"picked":"Slimebound:PrepareCrush","floor":33},{"not_picked":["expansioncontent:YouAreMine","expansioncontent:Hexaburn"],"picked":"expansioncontent:AwakenDeath","floor":36},{"not_picked":["expansioncontent:YouAreMine","expansioncontent:Chronoboost"],"picked":"expansioncontent:InvincibleStrength","floor":36},{"not_picked":["Slimebound:Nibble","Slimebound:SlimeBarrage"],"picked":"Slimebound:FormOfPuddle+1","floor":37},{"not_picked":["Slimebound:Nibble","Slimebound:FlameTackle+1"],"picked":"Slimebound:FormOfPuddle+1","floor":39},{"not_picked":["Slimebound:HauntingLick","Slimebound:SplitBruiser"],"picked":"Slimebound:SplitAcid+1","floor":43},{"not_picked":["Slimebound:LivingWall","Slimebound:SplitLeeching"],"picked":"Slimebound:FlameTackle+1","floor":44},{"not_picked":["Slimebound:SplitMire","Slimebound:SplitLeeching+1"],"picked":"Slimebound:GoopTackle+1","floor":45},{"not_picked":["Slimebound:BestDefense","Slimebound:LeechEnergy"],"picked":"Slimebound:Schlurp","floor":46},{"not_picked":["Slimebound:Prepare+1","Slimebound:GoopSpray"],"picked":"Slimebound:LivingWall+1","floor":48},{"not_picked":["Slimebound:MegaLick+1","Slimebound:LeechingTouch"],"picked":"Slimebound:FlameTackle","floor":49}],"player_experience":73756,"relics_obtained":[{"floor":2,"key":"Peace Pipe"},{"floor":3,"key":"Anchor"},{"floor":9,"key":"Smiling Mask"},{"floor":12,"key":"Lizard Tail"},{"floor":24,"key":"Happy Flower"},{"floor":28,"key":"TungstenRod"},{"floor":28,"key":"Ornamental Fan"},{"floor":38,"key":"Strawberry"},{"floor":38,"key":"Mummified Hand"},{"floor":38,"key":"FossilizedHelix"},{"floor":41,"key":"Pear"}],"event_choices":[{"damage_healed":0,"gold_gain":0,"player_choice":"Obtain J.A.X.","damage_taken":0,"max_hp_gain":0,"max_hp_loss":0,"event_name":"Drug Dealer","floor":29,"gold_loss":0,"cards_obtained":["J.A.X."]},{"damage_healed":0,"gold_gain":0,"player_choice":"Stole Relic","damage_taken":0,"relics_obtained":["MawBank"],"max_hp_gain":0,"max_hp_loss":0,"event_name":"Addict","floor":31,"gold_loss":0,"cards_obtained":["Pride"]}],"is_beta":false,"boss_relics":[{"not_picked":["Busted Crown","Coffee Dripper"],"picked":"Slimebound:AbsorbEndCombatUpgraded"},{"not_picked":["Slimebound:TarBlob","SacredBark"],"picked":"Cursed Key"}],"items_purged_floors":[],"is_endless":false,"potions_floor_spawned":[4,12,19,22,44,45,48],"ascension_level":0}}