{"host":"g6a9gfzrk472u7l9","time":1612189119,"event":{"mods":["BaseMod","Downfall","Minty Spire (QoL Compilation)","StSLib"],"gold_per_floor":[99,113,127,127,227,262,287,387,387,387,387],"floor_reached":9,"language":"ENG","playtime":526,"items_purged":[],"score":62,"play_id":"a1b266d1-54e8-4a07-bee6-9cf987f7e56a","local_time":"20210201151839","is_ascension_mode":true,"campfire_choices":[{"data":"bronze:Replicate","floor":1,"key":"SMITH"},{"floor":8,"key":"REST"}],"circlet_count":0,"master_deck":["bronze:Strike","bronze:Strike","bronze:Strike","bronze:Defend","bronze:Defend","bronze:Defend","bronze:Defend","bronze:Replicate+1","bronze:Goto","bronze:Repair","bronze:ItsAFeature","bronze:Branch","bronze:BronzeOrb"],"relics":["bronze:BronzeCore","bronze:BottledCode","downfall:GremlinWheel","Centennial Puzzle","Bag of Preparation"],"acts_visited":["Exordium"],"potions_floor_usage":[5,9],"damage_taken":[{"damage":8,"enemies":"Small Slimes","floor":2,"turns":5},{"damage":10,"enemies":"Jaw Worm","floor":3,"turns":6},{"damage":38,"enemies":"Jaw Worm","floor":5,"turns":6},{"damage":13,"enemies":"3 Sentries","floor":6,"turns":12},{"damage":45,"enemies":"Lagavulin","floor":9,"turns":8}],"seed_played":"297118428474697489","potions_obtained":[{"floor":3,"key":"Strength Potion"},{"floor":5,"key":"Energy Potion"}],"is_trial":false,"path_per_floor":["R","M","M","?","?","E","T","R","E"],"character_chosen":"THE_AUTOMATON","items_purchased":[],"campfire_rested":1,"item_purchase_floors":[],"current_hp_per_floor":[70,69,62,60,22,16,16,34,0,0,0],"gold":387,"neow_bonus":"TRANSFORM_CARD","is_daily":false,"chose_seed":false,"campfire_upgraded":1,"win_rate":0.0,"timestamp":1612189119,"path_taken":["R","M","M","?","?","E","T","R","E"],"items_purchased_type":[],"build_version":"2020-12-22","purchased_purges":0,"victory":false,"max_hp_per_floor":[70,70,70,60,60,60,60,60,60,60,60],"card_choices":[{"not_picked":["bronze:Separator","bronze:Overload"],"picked":"bronze:ItsAFeature","floor":2},{"not_picked":["bronze:Turbo","bronze:WildBeam"],"picked":"bronze:Branch","floor":3},{"not_picked":["bronze:CutThrough","bronze:Invalidate"],"picked":"bronze:BronzeOrb","floor":6}],"player_experience":117698,"relics_obtained":[{"floor":5,"key":"downfall:GremlinWheel"},{"floor":6,"key":"Centennial Puzzle"},{"floor":7,"key":"Bag of Preparation"}],"event_choices":[{"damage_healed":0,"gold_gain":100,"player_choice":"Gold","damage_taken":0,"max_hp_gain":0,"max_hp_loss":0,"event_name":"Wheel of Change","floor":8,"gold_loss":0}],"is_beta":false,"boss_relics":[],"items_purged_floors":[],"is_endless":false,"potions_floor_spawned":[3,5],"killed_by":"Lagavulin","ascension_level":1}}