{"host":"bf5upntvbdompq33","time":1612148372,"event":{"mods":["BaseMod","Colored Map","Colored Powertips","Curses Come First","Minty Spire (QoL Compilation)","StSLib"],"gold_per_floor":[119,135,135,20,34,34,50,76,147,164,192,205,238,203,203,305,305,289,289,199,213,223,223,235,78,78,97,97,97,97,44,44,149,149,161,173,73,1072,1086,1086,1103,723,747,761,786,285,285,303,303,303,303,303,128,156,156],"floor_reached":56,"language":"ENG","playtime":4303,"items_purged":["Strike_R","Thunderclap","Normality","Normality","Rage"],"score":1913,"play_id":"ac143b8b-fd68-4b26-a0fd-06d8a2af875a","local_time":"20210131195932","is_ascension_mode":true,"campfire_choices":[{"data":"Entrench","floor":6,"key":"SMITH"},{"data":"Body Slam","floor":15,"key":"SMITH"},{"data":"Barricade","floor":23,"key":"SMITH"},{"data":"Body Slam","floor":28,"key":"SMITH"},{"data":"Armaments","floor":32,"key":"SMITH"},{"data":"Entrench","floor":40,"key":"SMITH"},{"floor":49,"key":"RECALL"},{"data":"Double Tap","floor":52,"key":"SMITH"}],"circlet_count":0,"master_deck":["AscendersBane","Bash","Ghostly Armor","Iron Wave","Entrench+1","Body Slam+1","Battle Trance","Fire Breathing","Barricade+1","Entrench+1","Armaments","Double Tap+1","Sentinel","Disarm","Headbutt+1","Offering","Armaments+1","Power Through+1","Body Slam+1","Shrug It Off","Shrug It Off"],"relics":["Black Blood","NeowsBlessing","Thread and Needle","Letter Opener","MealTicket","Dream Catcher","Pandora\u0027s Box","Oddly Smooth Stone","Ancient Tea Set","Art of War","Blood Vial","HornCleat","Bag of Marbles"],"acts_visited":["Exordium","TheCity","TheBeyond","TheEnding"],"potions_floor_usage":[7,8,11,12,16,24,27,33,35,41,41,55],"damage_taken":[{"damage":0,"enemies":"Jaw Worm","floor":1,"turns":1},{"damage":0,"enemies":"2 Louse","floor":2,"turns":1},{"damage":0,"enemies":"Small Slimes","floor":5,"turns":1},{"damage":12,"enemies":"2 Fungi Beasts","floor":7,"turns":2},{"damage":32,"enemies":"3 Sentries","floor":8,"turns":14},{"damage":0,"enemies":"Red Slaver","floor":10,"turns":6},{"damage":29,"enemies":"Lagavulin","floor":11,"turns":13},{"damage":6,"enemies":"Large Slime","floor":12,"turns":8},{"damage":6,"enemies":"3 Sentries","floor":13,"turns":6},{"damage":6,"enemies":"Slime Boss","floor":16,"turns":10},{"damage":33,"enemies":"2 Thieves","floor":18,"turns":4},{"damage":23,"enemies":"3 Byrds","floor":21,"turns":9},{"damage":6,"enemies":"Centurion and Healer","floor":22,"turns":12},{"damage":0,"enemies":"3 Cultists","floor":24,"turns":4},{"damage":17,"enemies":"Cultist and Chosen","floor":27,"turns":8},{"damage":6,"enemies":"Champ","floor":33,"turns":7},{"damage":26,"enemies":"3 Darklings","floor":35,"turns":8},{"damage":6,"enemies":"3 Shapes","floor":36,"turns":5},{"damage":0,"enemies":"Maw","floor":39,"turns":6},{"damage":37,"enemies":"Jaw Worm Horde","floor":41,"turns":7},{"damage":7,"enemies":"Writhing Mass","floor":44,"turns":9},{"damage":9,"enemies":"Giant Head","floor":45,"turns":8},{"damage":0,"enemies":"Spire Growth","floor":48,"turns":5},{"damage":6,"enemies":"Donu and Deca","floor":50,"turns":6},{"damage":6,"enemies":"Shield and Spear","floor":54,"turns":4},{"damage":15,"enemies":"The Heart","floor":55,"turns":13}],"seed_played":"-9075249191104723044","potions_obtained":[{"floor":2,"key":"Explosive Potion"},{"floor":7,"key":"GamblersBrew"},{"floor":8,"key":"Explosive Potion"},{"floor":11,"key":"DistilledChaos"},{"floor":12,"key":"Dexterity Potion"},{"floor":22,"key":"PowerPotion"},{"floor":24,"key":"Fire Potion"},{"floor":27,"key":"Dexterity Potion"},{"floor":30,"key":"EntropicBrew"},{"floor":30,"key":"PowerPotion"},{"floor":30,"key":"GamblersBrew"},{"floor":39,"key":"Block Potion"}],"is_trial":false,"path_per_floor":["M","M","?","$","M","R","M","E","T","M","E","M","E","?","R","B",null,"M","?","?","M","M","R","M","$","T","M","R","?","?","$","R","B",null,"M","M","$","?","M","R","M","$","T","M","E","$","?","M","R","B",null,"R","$","E","B",null],"character_chosen":"IRONCLAD","items_purchased":["Entrench","Oddly Smooth Stone","Shrug It Off","Art of War","Energy Potion","BloodPotion","HornCleat","HeartOfIron"],"campfire_rested":0,"item_purchase_floors":[4,25,31,42,42,42,46,46],"current_hp_per_floor":[78,80,64,64,70,70,64,38,38,44,21,21,21,41,41,41,70,43,43,43,26,26,26,32,47,47,36,36,36,36,51,51,51,73,59,65,80,80,80,80,55,70,70,75,78,80,80,80,80,80,80,80,80,80,77],"gold":156,"neow_bonus":"THREE_ENEMY_KILL","is_daily":false,"chose_seed":false,"campfire_upgraded":7,"win_rate":0.0,"timestamp":1612148372,"path_taken":["M","M","?","$","M","R","M","E","T","M","E","M","E","?","R","BOSS","M","?","?","?","M","R","M","$","T","M","R","?","?","$","R","BOSS","M","M","$","?","M","R","M","$","T","M","E","$","?","?","R","BOSS","R","$","E","BOSS"],"items_purchased_type":["Card","Relic","Card","Relic","Potion","Potion","Relic","Potion"],"build_version":"2020-12-22","purchased_purges":5,"victory":true,"max_hp_per_floor":[80,80,80,80,80,80,80,80,80,80,80,80,80,80,80,80,80,80,80,80,80,80,80,80,80,80,80,80,80,80,80,80,80,80,80,80,80,80,80,80,80,80,80,80,80,80,80,80,80,80,80,80,80,80,80],"card_choices":[{"not_picked":["Clash","Reckless Charge"],"picked":"Ghostly Armor","floor":1},{"not_picked":["Armaments","Warcry"],"picked":"Iron Wave","floor":2},{"not_picked":["Cleave","Clothesline","Feel No Pain"],"picked":"SKIP","floor":5},{"not_picked":["Thunderclap","Dropkick"],"picked":"Body Slam","floor":7},{"not_picked":["Cleave","Clash"],"picked":"Battle Trance","floor":8},{"not_picked":["Corruption","Sword Boomerang"],"picked":"Fire Breathing","floor":10},{"not_picked":["Flex","Brutality"],"picked":"Barricade","floor":11},{"not_picked":["Clothesline","Twin Strike"],"picked":"Entrench","floor":12},{"not_picked":["Dual Wield","Twin Strike"],"picked":"Armaments","floor":13},{"not_picked":["Juggernaut","Corruption"],"picked":"Double Tap","floor":16},{"not_picked":["Clothesline","Headbutt","Fire Breathing"],"picked":"SKIP","floor":18},{"not_picked":["Anger","Clash","Clothesline"],"picked":"SKIP","floor":21},{"not_picked":["Clothesline","Limit Break","Perfected Strike"],"picked":"SKIP","floor":22},{"not_picked":["Blood for Blood","Sever Soul"],"picked":"Power Through","floor":24},{"not_picked":["Iron Wave","Offering"],"picked":"Body Slam","floor":27},{"not_picked":["Thunderclap","Heavy Blade"],"picked":"Shrug It Off","floor":35},{"not_picked":["Iron Wave","Cleave","Pummel+1"],"picked":"SKIP","floor":36},{"not_picked":["Armaments","Wild Strike","Warcry"],"picked":"SKIP","floor":39},{"not_picked":["Warcry","Sword Boomerang","Wild Strike+1"],"picked":"SKIP","floor":41},{"not_picked":["Clash+1","Thunderclap+1","Armaments"],"picked":"SKIP","floor":44},{"not_picked":["Cleave+1","Rupture","Perfected Strike"],"picked":"SKIP","floor":45},{"not_picked":["Perfected Strike","Uppercut","Fiend Fire"],"picked":"SKIP","floor":48},{"not_picked":["Flex","Second Wind","Wild Strike"],"picked":"SKIP","floor":54}],"player_experience":1276710,"relics_obtained":[{"floor":8,"key":"Thread and Needle"},{"floor":9,"key":"Letter Opener"},{"floor":11,"key":"MealTicket"},{"floor":13,"key":"Dream Catcher"},{"floor":26,"key":"Ancient Tea Set"},{"floor":45,"key":"Blood Vial"},{"floor":54,"key":"Bag of Marbles"}],"event_choices":[{"damage_healed":0,"gold_gain":0,"player_choice":"Entered Light","damage_taken":16,"max_hp_gain":0,"max_hp_loss":0,"event_name":"Shining Light","floor":3,"gold_loss":0,"cards_upgraded":["Strike_R","Defend_R"]},{"damage_healed":20,"gold_gain":0,"player_choice":"Healed","damage_taken":0,"max_hp_gain":0,"max_hp_loss":0,"event_name":"The Cleric","floor":14,"gold_loss":35},{"damage_healed":0,"gold_gain":0,"cards_transformed":["Fiend Fire","Sword Boomerang"],"player_choice":"Became Test Subject","damage_taken":0,"max_hp_gain":0,"max_hp_loss":0,"event_name":"Drug Dealer","floor":19,"gold_loss":0,"cards_obtained":["Brutality","Armaments"]},{"cards_removed":["Brutality"],"damage_healed":0,"gold_gain":0,"player_choice":"Upgrade and Remove","damage_taken":0,"max_hp_gain":0,"max_hp_loss":0,"event_name":"Designer","floor":20,"gold_loss":90,"cards_upgraded":["Headbutt"]},{"damage_healed":0,"gold_gain":0,"player_choice":"Ignored","damage_taken":0,"max_hp_gain":0,"max_hp_loss":0,"event_name":"Vampires","floor":29,"gold_loss":0},{"damage_healed":0,"gold_gain":0,"player_choice":"Got Potions","damage_taken":0,"max_hp_gain":0,"max_hp_loss":0,"event_name":"Lab","floor":30,"gold_loss":0},{"damage_healed":0,"gold_gain":999,"player_choice":"Gold","damage_taken":0,"max_hp_gain":0,"max_hp_loss":0,"event_name":"MindBloom","floor":38,"gold_loss":0,"cards_obtained":["Normality","Normality"]},{"damage_healed":0,"gold_gain":0,"player_choice":"Upgraded","damage_taken":0,"max_hp_gain":0,"max_hp_loss":0,"event_name":"Upgrade Shrine","floor":47,"gold_loss":0,"cards_upgraded":["Power Through"]}],"is_beta":false,"boss_relics":[{"not_picked":["Velvet Choker","Mark of Pain"],"picked":"Pandora\u0027s Box"},{"not_picked":["Busted Crown","SlaversCollar"],"picked":"Black Blood"}],"items_purged_floors":[4,37,42,46,53],"is_endless":false,"potions_floor_spawned":[2,7,8,11,12,22,24,27,39,44,48],"ascension_level":12}}