{"host":"dl7h25vjpuplx29g","time":1612206557,"event":{"mods":["BaseMod","Colored Map","DeckTracker","Minty Spire (QoL Compilation)","StSLib"],"gold_per_floor":[117,117,131,131,19,19,46,66,138,138,154,154,154,166,166,239,239,256,306,356,168,185,185,217,228,228,248,265,265,315,66,66,144,144,159,209,223,298,120,120,133,144,144,144,158,0,28,38,38,38,38,38,38,69,69,69],"floor_reached":55,"language":"JPN","playtime":6654,"items_purged":["Strike_G","Pain","Strike_G","Writhe"],"score":1423,"play_id":"1e8399fd-31b3-4cd4-94df-8539d51c6b4d","local_time":"20210202040917","is_ascension_mode":true,"campfire_choices":[{"data":"Footwork","floor":6.0,"key":"SMITH"},{"floor":10.0,"key":"REST"},{"data":"Neutralize","floor":12.0,"key":"SMITH"},{"data":"Acrobatics","floor":15.0,"key":"SMITH"},{"data":"Accuracy","floor":23.0,"key":"SMITH"},{"data":"Wraith Form v2","floor":29.0,"key":"SMITH"},{"data":"Footwork","floor":32.0,"key":"SMITH"},{"data":"Well Laid Plans","floor":40.0,"key":"SMITH"},{"data":"Accuracy","floor":44,"key":"SMITH"},{"floor":49,"key":"RECALL"},{"data":"After Image","floor":52,"key":"SMITH"}],"circlet_count":0,"master_deck":["AscendersBane","Strike_G+1","Strike_G+1","Defend_G","Defend_G","Survivor","Neutralize+1","Blade Dance","Footwork+1","Storm of Steel","Blade Dance","Injury","Backstab+1","Acrobatics+1","Wraith Form v2+1","Riddle With Holes+1","Accuracy+1","Backflip","Deflect+1","Well Laid Plans+1","PiercingWail","Accuracy+1","Footwork+1","After Image+1","Doppelganger","Backflip+1","Malaise+1","Bullet Time+1","Underhanded Strike+1","Footwork+1","Backflip","Cloak And Dagger","Parasite","Cloak And Dagger","Tools of the Trade","Acrobatics"],"relics":["Cursed Key","Juzu Bracelet","Orichalcum","Molten Egg 2","SsserpentHead","Snecko Eye","WarpedTongs","Blood Vial","Centennial Puzzle","Astrolabe","Calipers","Red Mask","Mango","Oddly Smooth Stone"],"acts_visited":["Exordium","TheCity","TheBeyond","TheEnding"],"potions_floor_usage":[47,50],"damage_taken":[{"damage":1.0,"enemies":"Jaw Worm","floor":1.0,"turns":5.0},{"damage":2.0,"enemies":"Small Slimes","floor":3.0,"turns":4.0},{"damage":21.0,"enemies":"Gremlin Nob","floor":7.0,"turns":6.0},{"damage":3.0,"enemies":"Cultist","floor":8.0,"turns":4.0},{"damage":1.0,"enemies":"Exordium Thugs","floor":11.0,"turns":5.0},{"damage":6.0,"enemies":"Gremlin Gang","floor":14.0,"turns":5.0},{"damage":14.0,"enemies":"Hexaghost","floor":16.0,"turns":11.0},{"damage":0.0,"enemies":"Chosen","floor":18.0,"turns":4.0},{"damage":0.0,"enemies":"2 Thieves","floor":22.0,"turns":5.0},{"damage":0.0,"enemies":"Slavers","floor":24.0,"turns":4.0},{"damage":6.0,"enemies":"Sentry and Sphere","floor":25.0,"turns":3.0},{"damage":9.0,"enemies":"Chosen and Byrds","floor":27.0,"turns":5.0},{"damage":0.0,"enemies":"Snake Plant","floor":28.0,"turns":4.0},{"damage":9.0,"enemies":"Automaton","floor":33.0,"turns":8.0},{"damage":1.0,"enemies":"3 Shapes","floor":35.0,"turns":4.0},{"damage":0.0,"enemies":"Orb Walker","floor":37.0,"turns":5.0},{"damage":0.0,"enemies":"Mind Bloom Boss Battle","floor":38.0,"turns":6.0},{"damage":5,"enemies":"3 Darklings","floor":41,"turns":6},{"damage":17,"enemies":"Spire Growth","floor":42,"turns":4},{"damage":1,"enemies":"Sphere and 2 Shapes","floor":45,"turns":4},{"damage":0,"enemies":"Giant Head","floor":47,"turns":6},{"damage":0,"enemies":"Writhing Mass","floor":48,"turns":8},{"damage":56,"enemies":"Time Eater","floor":50,"turns":14},{"damage":26,"enemies":"Shield and Spear","floor":54,"turns":6},{"damage":56,"enemies":"The Heart","floor":55,"turns":3}],"seed_played":"-6688217139801202563","potions_obtained":[{"floor":3.0,"key":"Weak Potion"},{"floor":7.0,"key":"BlessingOfTheForge"},{"floor":8.0,"key":"CultistPotion"},{"floor":14.0,"key":"Explosive Potion"},{"floor":24.0,"key":"Regen Potion"},{"floor":25.0,"key":"DuplicationPotion"},{"floor":27.0,"key":"GhostInAJar"},{"floor":35.0,"key":"DistilledChaos"},{"floor":48,"key":"FearPotion"}],"is_trial":false,"path_per_floor":["M","?","M","?","$","R","E","M","T","R","M","R","?","M","R","B",null,"M","?","?","$","M","R","E","M","T","M","M","R","?","$","R","B",null,"M","?","M","?","$","R","M","M","T","R","M","?","E","M","R","B",null,"R","$","E","B"],"character_chosen":"THE_SILENT","items_purchased":["Footwork","Accuracy","After Image","Backflip"],"campfire_rested":1,"item_purchase_floors":[5,21,31,39],"current_hp_per_floor":[58,38,36,36,36,36,15,12,12,31,30,30,30,24,24,10,52,52,52,52,52,54,54,56,52,52,59,61,61,61,61,61,54,63,64,64,66,66,66,66,61,46,46,46,47,47,63,65,65,11,63,63,63,39,0,0],"gold":69,"neow_bonus":"BOSS_RELIC","is_daily":false,"chose_seed":false,"campfire_upgraded":9,"win_rate":0.0,"timestamp":1612206557,"path_taken":["M","?","M","?","$","R","E","M","T","R","M","R","?","M","R","BOSS","M","?","?","$","M","R","E","M","T","M","M","R","?","?","R","BOSS","M","?","M","?","$","R","M","M","T","R","M","?","E","M","R","BOSS","R","$","E","BOSS"],"items_purchased_type":["Card","Card","Card","Card"],"build_version":"2020-12-22","purchased_purges":4,"victory":false,"max_hp_per_floor":[66,66,66,66,66,66,66,66,66,66,66,66,66,66,66,66,66,66,66,66,66,66,66,66,66,66,66,66,66,66,66,66,66,66,66,66,66,66,66,66,66,66,66,66,66,66,80,80,80,80,80,80,80,80,80,80],"card_choices":[{"not_picked":["Riddle With Holes","Dagger Spray"],"picked":"Blade Dance","floor":1.0},{"not_picked":["Cloak And Dagger","Deadly Poison"],"picked":"Leg Sweep","floor":3.0},{"not_picked":["Slice","Underhanded Strike"],"picked":"Storm of Steel","floor":7.0},{"not_picked":["Deflect","Prepared"],"picked":"Blade Dance","floor":8.0},{"not_picked":["Setup","PiercingWail"],"picked":"Backstab+1","floor":11.0},{"not_picked":["Reflex","Distraction"],"picked":"Acrobatics","floor":14.0},{"not_picked":["A Thousand Cuts","Doppelganger"],"picked":"Wraith Form v2","floor":16.0},{"not_picked":["Deadly Poison","Dodge and Roll"],"picked":"Riddle With Holes+1","floor":18.0},{"not_picked":["Expertise","Dash+1"],"picked":"Backflip","floor":22.0},{"not_picked":["Caltrops","Bane+1"],"picked":"Deflect+1","floor":24.0},{"not_picked":["Heel Hook+1","Backflip+1"],"picked":"Well Laid Plans","floor":25.0},{"not_picked":["Crippling Poison","Sucker Punch+1"],"picked":"PiercingWail","floor":27.0},{"not_picked":["Setup","Underhanded Strike+1"],"picked":"Accuracy","floor":28.0},{"not_picked":["Unload+1","Envenom"],"picked":"Doppelganger","floor":33.0},{"not_picked":["Dagger Spray+1","Heel Hook+1","Outmaneuver"],"picked":"SKIP","floor":35.0},{"not_picked":["Finisher+1","Deflect"],"picked":"Underhanded Strike+1","floor":37.0},{"not_picked":["Skewer+1","Acrobatics"],"picked":"Footwork+1","floor":38.0},{"not_picked":["Dodge and Roll","Deadly Poison"],"picked":"Cloak And Dagger","floor":41},{"not_picked":["Deadly Poison","Blade Dance","Bane+1"],"picked":"SKIP","floor":42},{"not_picked":["Deadly Poison+1","PiercingWail"],"picked":"Cloak And Dagger","floor":45},{"not_picked":["Predator+1","Prepared+1"],"picked":"Tools of the Trade","floor":47},{"not_picked":["Expertise","Distraction"],"picked":"Acrobatics","floor":48},{"not_picked":["Distraction","Deadly Poison","Skewer+1"],"picked":"SKIP","floor":54}],"player_experience":1661332,"relics_obtained":[{"floor":7.0,"key":"Orichalcum"},{"floor":9.0,"key":"Molten Egg 2"},{"floor":24.0,"key":"Centennial Puzzle"},{"floor":38.0,"key":"Calipers"},{"floor":47,"key":"Mango"},{"floor":54,"key":"Oddly Smooth Stone"}],"event_choices":[{"damage_healed":0.0,"max_hp_gain":0.0,"max_hp_loss":0.0,"gold_gain":0.0,"event_name":"Shining Light","player_choice":"Entered Light","floor":2.0,"gold_loss":0.0,"damage_taken":20.0,"cards_upgraded":["Strike_G","Strike_G"]},{"cards_removed":["Leg Sweep"],"damage_healed":0.0,"max_hp_gain":0.0,"max_hp_loss":0.0,"gold_gain":0.0,"event_name":"WeMeetAgain","player_choice":"Gave Card","floor":4.0,"gold_loss":0.0,"damage_taken":0.0,"relics_obtained":["Juzu Bracelet"]},{"damage_healed":0.0,"max_hp_gain":0.0,"max_hp_loss":0.0,"gold_gain":0.0,"event_name":"FaceTrader","player_choice":"Trade","floor":13.0,"gold_loss":0.0,"damage_taken":0.0,"relics_obtained":["SsserpentHead"]},{"damage_healed":0.0,"max_hp_gain":0.0,"max_hp_loss":0.0,"gold_gain":0.0,"event_name":"Accursed Blacksmith","player_choice":"Rummage","floor":19.0,"gold_loss":0.0,"damage_taken":0.0,"relics_obtained":["WarpedTongs"],"cards_obtained":["Pain"]},{"damage_healed":0.0,"max_hp_gain":0.0,"max_hp_loss":0.0,"gold_gain":0.0,"event_name":"The Mausoleum","player_choice":"Opened","floor":20.0,"gold_loss":0.0,"damage_taken":0.0,"relics_obtained":["Blood Vial"],"cards_obtained":["Writhe"]},{"damage_healed":0.0,"max_hp_gain":0.0,"max_hp_loss":0.0,"gold_gain":0.0,"event_name":"The Library","player_choice":"Read","floor":30.0,"gold_loss":0.0,"damage_taken":0.0,"cards_obtained":["Footwork"]},{"cards_removed":["Defend_G"],"damage_healed":0.0,"max_hp_gain":0.0,"max_hp_loss":0.0,"gold_gain":0.0,"event_name":"Falling","player_choice":"Removed Skill","floor":36.0,"gold_loss":0.0,"damage_taken":0.0},{"damage_healed":0.0,"max_hp_gain":0.0,"max_hp_loss":0.0,"gold_gain":0.0,"event_name":"MindBloom","player_choice":"Fight","floor":38.0,"gold_loss":0.0,"damage_taken":0.0},{"damage_healed":0,"gold_gain":0,"player_choice":"Paid","damage_taken":0,"relics_obtained":["Red Mask"],"max_hp_gain":0,"max_hp_loss":0,"event_name":"Tomb of Lord Red Mask","floor":46,"gold_loss":208}],"is_beta":false,"boss_relics":[{"not_picked":["Busted Crown","Runic Dome"],"picked":"Snecko Eye"},{"not_picked":["SacredBark","Pandora\u0027s Box"],"picked":"Astrolabe"}],"items_purged_floors":[5,21,31,39],"is_endless":false,"potions_floor_spawned":[3,7,8,14,24,25,27,28,35,45,48],"killed_by":"The Heart","ascension_level":17}}