{"host":"gj3450u0c4def4mj","time":1612143430,"event":{"mods":["Act Like it!","BaseMod","Gensokyo","Marisa????????","Minty Spire (QoL Compilation)","StSLib"],"gold_per_floor":[219,238,238,116,151,151,181,181,181,181,229,276,276,318,318,443,443,483,237,237,278,321,321,321],"floor_reached":23,"language":"ENG","playtime":1412,"items_purged":["Strike_MRS","Strike_MRS"],"score":211,"play_id":"b326337b-3222-4602-8210-d3046bf9e2f9","local_time":"20210131203710","is_ascension_mode":true,"campfire_choices":[{"data":"SuperNova","floor":6.0,"key":"SMITH"},{"floor":8.0,"key":"REST"},{"floor":15.0,"key":"REST"}],"circlet_count":0,"master_deck":["Strike_MRS","Defend_MRS","Defend_MRS","Defend_MRS","Defend_MRS","MasterSpark","SuperNova+1","WitchOfGreed","MilkyWay","AsteroidBelt","WitchOfGreed","WitchLeyline","Singularity","Gensokyo:MarisaTwilightSpark","WitchLeyline","MillisecondPulsars","Parasite","Parasite","SatelliteIllusion"],"relics":["MiniHakkero","Centennial Puzzle","Matryoshka","Cursed Key","ShroomBag"],"acts_visited":["Gensokyo:Gensokyo","Gensokyo:Gensokyoer"],"potions_floor_usage":[23,23,23],"damage_taken":[{"damage":5.0,"enemies":"Gensokyo:2_Kodama","floor":1.0,"turns":3.0},{"damage":0.0,"enemies":"Gensokyo:3_Fairies","floor":2.0,"turns":4.0},{"damage":9.0,"enemies":"Gensokyo:Gryphon","floor":5.0,"turns":4.0},{"damage":18.0,"enemies":"Gensokyo:VengefulSpirit","floor":7.0,"turns":7.0},{"damage":28.0,"enemies":"Gensokyo:3_Kodama","floor":11.0,"turns":9.0},{"damage":14.0,"enemies":"Gensokyo:5_Fairies","floor":12.0,"turns":6.0},{"damage":27.0,"enemies":"Gensokyo:Aya","floor":14.0,"turns":6.0},{"damage":34.0,"enemies":"Gensokyo:Reimu","floor":16.0,"turns":12.0},{"damage":25.0,"enemies":"Gensokyo:CosmicMonolith","floor":18.0,"turns":4.0},{"damage":25.0,"enemies":"Gensokyo:3_Dogs","floor":21.0,"turns":4.0},{"damage":38,"enemies":"Gensokyo:Slime_Group","floor":22,"turns":5},{"damage":37,"enemies":"Gensokyo:Tenshi","floor":23,"turns":3}],"seed_played":"2721771090019627831","potions_obtained":[{"floor":1.0,"key":"Fruit Juice"},{"floor":2.0,"key":"FearPotion"},{"floor":5.0,"key":"LiquidMemories"},{"floor":7.0,"key":"FairyPotion"},{"floor":11.0,"key":"DistilledChaos"},{"floor":12.0,"key":"Regen Potion"},{"floor":14.0,"key":"Block Potion"},{"floor":16.0,"key":"PowerPotion"},{"floor":18.0,"key":"PowerPotion"},{"floor":22,"key":"Block Potion"}],"is_trial":false,"path_per_floor":["M","M","?","$","M","R","M","R","T","?","M","M","?","E","R","B",null,"M","$","?","M","M","E"],"character_chosen":"MARISA","items_purchased":["WitchOfGreed","ShroomBag"],"campfire_rested":2,"item_purchase_floors":[4,19],"current_hp_per_floor":[70,70,70,70,61,61,48,72,72,72,44,30,30,3,27,8,80,55,55,55,34,24,0,0],"gold":321,"neow_bonus":"HUNDRED_GOLD","is_daily":false,"chose_seed":false,"campfire_upgraded":1,"win_rate":0.0,"timestamp":1612143430,"path_taken":["M","M","?","$","M","R","M","R","T","?","M","M","?","E","R","BOSS","M","$","?","M","M","E"],"items_purchased_type":["Card","Relic"],"build_version":"2020-12-22","purchased_purges":2,"victory":false,"max_hp_per_floor":[75,75,75,75,75,75,80,80,80,80,80,80,80,80,80,80,80,80,80,80,80,80,80,80],"card_choices":[{"not_picked":["OpenUniverse","Orbital","StarlightTyphoon"],"picked":"SKIP","floor":1.0},{"not_picked":["StarlightTyphoon","GrandCross","DarkSpark"],"picked":"SKIP","floor":2.0},{"not_picked":["OneTimeOff","6A"],"picked":"MilkyWay","floor":5.0},{"not_picked":["PowerUp","NonDirectionalLaser"],"picked":"AsteroidBelt","floor":7.0},{"not_picked":["MaximisePower","GrandCross"],"picked":"WitchOfGreed","floor":10.0},{"not_picked":["DC","SporeBomb"],"picked":"WitchLeyline","floor":11.0},{"not_picked":["UnstableBomb","EventHorizon"],"picked":"Singularity","floor":12.0},{"not_picked":["Acceleration","LuminesStrike"],"picked":"WitchLeyline","floor":14.0},{"not_picked":["ManaRampage","StarDustReverie"],"picked":"MillisecondPulsars","floor":16.0},{"not_picked":["LuminesStrike","PowerUp","ChargeUpSpray"],"picked":"SKIP","floor":18.0},{"not_picked":["MachineGunSpark+1","FairyDestructionRay","GrandCross"],"picked":"SKIP","floor":21.0},{"not_picked":["AlicesGift+1","PowerUp","ShootingEcho"],"picked":"SKIP","floor":22}],"player_experience":40172,"relics_obtained":[{"floor":9.0,"key":"Centennial Puzzle"},{"floor":14.0,"key":"Matryoshka"}],"event_choices":[],"is_beta":false,"boss_relics":[{"not_picked":["Fusion Hammer","Velvet Choker"],"picked":"Cursed Key"}],"items_purged_floors":[4,19],"is_endless":false,"potions_floor_spawned":[1,2,16,22],"killed_by":"Gensokyo:Tenshi","ascension_level":2}}