{"host":"65a95dzim48ko8ke","time":1612220836,"event":{"mods":["Aspiration","BaseMod","Block Reminder","Colored Powertips","Conspire","Curses Come First","DeckTracker","Energized Spire","Halation","Hubris","Jedi Mod","Minty Spire (QoL Compilation)","Permanent Neow","Quick Restart","Rare Cards Sparkle","Reliquary","Replay The Spire","Spicy Shops","StSLib","Synergy Search","TestMod","Trackpad","Åy?ï®?îvÅzREMEMod"],"gold_per_floor":[110,130,130,30,54,75,75,147,147,9,74,74,74,103,103,272,272,288,288,303,15,58,116,116,116,116,56,56,103,103,193,193,312,312,352,32,52,352,381,381,424,424,424,424,448,448,502,526,526,559],"floor_reached":51,"language":"ENG","playtime":5886,"items_purged":["Looming Evil"],"score":1107,"play_id":"74973229-7674-4ebf-8fbf-8c777b94ca5e","local_time":"20210202080716","is_ascension_mode":true,"campfire_choices":[{"data":"Abandon","floor":7.0,"key":"SMITH"},{"data":"Armaments","floor":12.0,"key":"SMITH"},{"data":"Disarm","floor":15.0,"key":"SMITH"},{"data":"REME_Fury","floor":25.0,"key":"SMITH"},{"data":"Infernal Blade","floor":30.0,"key":"SMITH"},{"floor":32.0,"key":"DIG"},{"data":"jedi:suffering","floor":40.0,"key":"SMITH"},{"data":"hubris:StunningStrike","floor":44.0,"key":"SMITH"},{"floor":49.0,"key":"REST"}],"circlet_count":0,"master_deck":["Strike_R","Strike_R","Strike_R+1","Strike_R+1","Strike_R","Defend_R","Defend_R","Defend_R","Defend_R","Bash","REME_Shoggoth","jedi:suffering+1","Abandon+1","conspire:SpireCoStock","conspire:SpireCoStock","ReplayTheSpireMod:Muscle Training","Infernal Blade+1","Shrug It Off","Armaments+1","Disarm+1","REME_Fury+1","Replay:Undeath\u0027s Touch","Iron Wave","Clash","Uppercut","hubris:StunningStrike+1","Exhume","Bandage Up","Flame Barrier","Armaments+1","Barricade+1","jedi:fear+1","conspire:ExplosiveBarrier","testmod-Collector","testmod-TemporaryDeletion","Warcry+1","Shrug It Off+1","Anger+1","Ghostly Armor","Clothesline+1"],"relics":["Burning Blood","testmod-TestBox","REME_ComplimentaryCards","testmod-CasingShield","aspiration:Nostalgia","Cracked Core","halation:EternalFortune","testmod-TheFather","conspire:Flyswatter","The Courier","Whetstone","trackpad:GuardianSpirit","ReplayTheSpireMod:Ring of Challenge","energizedSpire:DeadBattery","Nuclear Battery","Replay:Wax Seal","trackpad:BottledShadow","reliquary:Aerogel","Oddly Smooth Stone","reliquary:Crutches","Juzu Bracelet","reliquary:TatteredRug","Singing Bowl","testmod-EnergyCheck","Akabeko","Torii","REME_PuzzleBoxRelic","halation:PenCase"],"acts_visited":["Exordium","TheCity","TheBeyond"],"potions_floor_usage":[50],"damage_taken":[{"damage":0.0,"enemies":"2 Louse","floor":1.0,"turns":3.0},{"damage":5.0,"enemies":"conspire:RoseBush","floor":2.0,"turns":4.0},{"damage":6.0,"enemies":"Cultist","floor":5.0,"turns":3.0},{"damage":16.0,"enemies":"Replay:BlueRogue","floor":6.0,"turns":10.0},{"damage":32.0,"enemies":"Gremlin Nob","floor":8.0,"turns":4.0},{"damage":39.0,"enemies":"Replay:BlueRogue","floor":11.0,"turns":7.0},{"damage":12.0,"enemies":"Gremlin Gang","floor":14.0,"turns":4.0},{"damage":40.0,"enemies":"Fading Forest","floor":16.0,"turns":11.0},{"damage":22.0,"enemies":"2 Thieves","floor":18.0,"turns":3.0},{"damage":14.0,"enemies":"Chosen","floor":20.0,"turns":5.0},{"damage":7.0,"enemies":"3 Cultists","floor":22.0,"turns":5.0},{"damage":16.0,"enemies":"conspire:SneckoGhost","floor":23.0,"turns":5.0},{"damage":8.0,"enemies":"Book of Stabbing","floor":29.0,"turns":5.0},{"damage":12.0,"enemies":"Gremlin Leader","floor":31.0,"turns":5.0},{"damage":36.0,"enemies":"Automaton","floor":33.0,"turns":8.0},{"damage":1.0,"enemies":"3 Darklings","floor":35.0,"turns":7.0},{"damage":1.0,"enemies":"Orb Walker","floor":37.0,"turns":3.0},{"damage":1.0,"enemies":"Maw","floor":39.0,"turns":6.0},{"damage":32.0,"enemies":"Spire Growth","floor":41.0,"turns":5.0},{"damage":0.0,"enemies":"Mind Bloom Boss Battle","floor":47.0,"turns":2.0},{"damage":21.0,"enemies":"Jaw Worm Horde","floor":48.0,"turns":3.0},{"damage":38,"enemies":"Awakened One","floor":50,"turns":9}],"seed_played":"6831054936110223736","potions_obtained":[{"floor":5.0,"key":"BloodPotion"},{"floor":8.0,"key":"Elixir"},{"floor":16.0,"key":"AttackPotion"},{"floor":20.0,"key":"SteroidPotion"},{"floor":31.0,"key":"Energy Potion"}],"is_trial":false,"path_per_floor":["M","M","?","?","M","E","R","E","T","$","E","R","?","M","R","B",null,"M","?","M","$","M","E","?","R","T","$","?","E","R","E","R","B",null,"M","$","M","?","M","R","M","?","T","R","T","?","?","M","R","B",null],"character_chosen":"IRONCLAD","items_purchased":["Armaments","Whetstone","Replay:Wax Seal","trackpad:BottledShadow","hubris:StunningStrike","conspire:ExplosiveBarrier","testmod-Collector","Akabeko","testmod-TemporaryDeletion"],"campfire_rested":1,"item_purchase_floors":[10,10,21,21,27,36,36,36,36],"current_hp_per_floor":[78,79,82,82,85,75,75,49,49,49,33,33,33,30,30,41,77,61,61,53,53,52,42,42,42,42,42,42,52,52,50,50,24,56,65,65,67,67,67,67,41,41,41,41,41,41,50,39,60,32],"gold":559,"neow_bonus":"NOSTALGIA","is_daily":false,"chose_seed":false,"campfire_upgraded":7,"win_rate":0.0,"timestamp":1612220836,"path_taken":["M","M","?","?","M","E","R","E","T","$","E","R","?","M","R","BOSS","M","?","?","$","?","E","?","R","T","?","?","E","R","E","R","BOSS","M","$","M","?","M","R","M","?","T","R","?","?","?","M","R","BOSS"],"items_purchased_type":["Card","Relic","Relic","Relic","Card","Card","Card","Relic","Card"],"build_version":"2020-12-22","purchased_purges":1,"victory":true,"max_hp_per_floor":[80,80,83,83,86,86,86,86,86,86,86,86,86,89,89,89,89,89,67,67,67,67,67,67,67,67,67,67,67,67,67,67,67,67,67,67,67,67,67,67,67,67,67,67,67,67,70,70,70,70],"card_choices":[{"not_picked":["Clothesline","Pommel Strike"],"picked":"jedi:suffering","floor":1.0},{"not_picked":["jedi:suffering","Sword Boomerang"],"picked":"Abandon","floor":2.0},{"not_picked":["Burning Pact","Replay:Undeath\u0027s Touch"],"picked":"ReplayTheSpireMod:Muscle Training","floor":5.0},{"not_picked":["ReplayTheSpireMod:LeadingStrike","REME_SingleHolding"],"picked":"Infernal Blade","floor":6.0},{"not_picked":["Burning Pact","Clothesline"],"picked":"Shrug It Off","floor":8.0},{"not_picked":["Massacre","Blood for Blood","Rampage"],"picked":"SKIP","floor":11.0},{"not_picked":["Clash","Flex"],"picked":"Disarm","floor":14.0},{"not_picked":["Bludgeon","Demon Form"],"picked":"REME_Fury","floor":16.0},{"not_picked":["Havoc","Clothesline"],"picked":"Replay:Undeath\u0027s Touch","floor":18.0},{"not_picked":["Body Slam","Bloodletting+1"],"picked":"Iron Wave","floor":20.0},{"not_picked":["Evolve+1","Run Through"],"picked":"Clash","floor":22.0},{"not_picked":["Reckless Charge","Berserk"],"picked":"Uppercut","floor":23.0},{"not_picked":["Fire Breathing","Uppercut+1"],"picked":"Flame Barrier","floor":29.0},{"not_picked":["hubris:ReadiedAction+1","Rupture"],"picked":"Armaments+1","floor":31.0},{"not_picked":["Feed","jedi:bloodyhammer"],"picked":"Barricade","floor":33.0},{"not_picked":["Dual Wield","Flex+1"],"picked":"jedi:fear+1","floor":35.0},{"not_picked":["hubris:ReadiedAction+1","Disarm"],"picked":"Warcry+1","floor":37.0},{"not_picked":["conspire:Charge","hubris:SharpeningStone+1"],"picked":"Shrug It Off+1","floor":39.0},{"not_picked":["Cleave+1","Sever Soul+1"],"picked":"Anger+1","floor":41.0},{"not_picked":["Rupture","Cleave"],"picked":"Ghostly Armor","floor":47.0},{"not_picked":["Cleave","Thunderclap"],"picked":"Clothesline+1","floor":48.0}],"player_experience":355315,"relics_obtained":[{"floor":5.0,"key":"halation:EternalFortune"},{"floor":6.0,"key":"testmod-TheFather"},{"floor":8.0,"key":"conspire:Flyswatter"},{"floor":9.0,"key":"The Courier"},{"floor":11.0,"key":"trackpad:GuardianSpirit"},{"floor":13.0,"key":"ReplayTheSpireMod:Ring of Challenge"},{"floor":14.0,"key":"halation:EternalFortune"},{"floor":23.0,"key":"reliquary:Aerogel"},{"floor":24.0,"key":"Oddly Smooth Stone"},{"floor":26.0,"key":"reliquary:Crutches"},{"floor":29.0,"key":"Juzu Bracelet"},{"floor":31.0,"key":"reliquary:TatteredRug"},{"floor":32.0,"key":"Singing Bowl"},{"floor":43.0,"key":"Torii"},{"floor":45.0,"key":"REME_PuzzleBoxRelic"},{"floor":47.0,"key":"halation:PenCase"},{"floor":47.0,"key":"halation:EternalFortune"}],"event_choices":[{"damage_healed":0.0,"max_hp_gain":0.0,"max_hp_loss":0.0,"gold_gain":0.0,"event_name":"conspire:Investor","player_choice":"Invest 2","floor":4.0,"gold_loss":0.0,"damage_taken":0.0},{"damage_healed":0.0,"max_hp_gain":0.0,"max_hp_loss":0.0,"gold_gain":0.0,"event_name":"Match and Keep!","player_choice":"2 cards matched","floor":28.0,"gold_loss":0.0,"damage_taken":0.0,"cards_obtained":["Exhume","Bandage Up"]},{"damage_healed":0.0,"max_hp_gain":0.0,"max_hp_loss":0.0,"gold_gain":300.0,"event_name":"Wheel of Change","player_choice":"Gold","floor":38.0,"gold_loss":0.0,"damage_taken":0.0},{"damage_healed":0.0,"max_hp_gain":0.0,"max_hp_loss":0.0,"gold_gain":0.0,"event_name":"Box For Yourself","player_choice":"Ignored","floor":46.0,"gold_loss":0.0,"damage_taken":0.0},{"damage_healed":0.0,"max_hp_gain":0.0,"max_hp_loss":0.0,"gold_gain":0.0,"event_name":"MindBloom","player_choice":"Fight","floor":47.0,"gold_loss":0.0,"damage_taken":0.0}],"is_beta":false,"boss_relics":[{"not_picked":["hubris:BlackHole","reliquary:Craggleroot"],"picked":"energizedSpire:DeadBattery"},{"not_picked":["SacredBark","testmod-Nine"],"picked":"testmod-EnergyCheck"}],"items_purged_floors":[21],"is_endless":false,"potions_floor_spawned":[5,8,14,16,18,20,31,37,39],"ascension_level":8}}