{"host":"dscols65uipasqd2","time":1612137786,"event":{"mods":["2.2 Compatiblity","AchievementEnabler","Aspiration","BaseMod","Colored Powertips","Downfall","Energized Spire","GifTheSpireLib","Hermit","Hubris","Infinite Spire","JesterMod","Jorbs\u0027s Wanderer Trilogy","Magitek Elite","Marisa????????","Minty Spire (QoL Compilation)","Rare Cards Sparkle","Replay The Spire","StSLib","Stuff the Spire","The Cursed","The Disciple","The Hierophant","The Judge","The Jungle","TheFirefly"],"gold_per_floor":[99,99,99,126,126,26,26,26,60,60,60,79,113,126,146,146,146,146],"floor_reached":16,"language":"ENG","playtime":2295,"items_purged":[],"score":138,"play_id":"bfbdab17-9e09-4f8e-bbc7-e41e1f23a07d","local_time":"20210131190306","is_ascension_mode":true,"campfire_choices":[{"floor":1,"key":"RECALL"},{"data":"sneckomod:UnendingSupply","floor":6,"key":"SMITH"}],"circlet_count":0,"master_deck":["sneckomod:Strike","sneckomod:Strike","sneckomod:Strike","sneckomod:Defend","sneckomod:Defend","sneckomod:Defend","sneckomod:TailWhip","sneckomod:SnekBite","sneckomod:Unknown","sneckomod:UnendingSupply+1","Delirium","Regret","Reboot","sneckomod:SoulRoll","sneckomod:DiceBlock","sneckomod:QuickBite","White Noise","Dagger Throw","Perfected Strike"],"relics":["sneckomod:SneckoSoul","downfall:HeartsMalice","m_SnakeBloodCore","StuffTheSpire:Gunfinga","StuffTheSpire:RedRose","downfall:HeartBlessingRed","Pet Ghost","hubris:ToyBattleship","infinitespire:Lucky Rock"],"acts_visited":["Exordium"],"potions_floor_usage":[16,16],"damage_taken":[{"damage":0,"enemies":"2 Louse","floor":2,"turns":1},{"damage":0,"enemies":"Gremlin Nob","floor":9,"turns":1},{"damage":0,"enemies":"Jaw Worm","floor":10,"turns":1},{"damage":7,"enemies":"Small Slimes","floor":12,"turns":2},{"damage":21,"enemies":"3 Sentries","floor":13,"turns":5},{"damage":11,"enemies":"Blue Slaver","floor":14,"turns":3},{"damage":6,"enemies":"2 Fungi Beasts","floor":15,"turns":3},{"damage":41,"enemies":"DF_ARCHETYPE_STREAMLINE","floor":16,"turns":6}],"seed_played":"-7131857852865218716","potions_obtained":[{"floor":9,"key":"CultistPotion"},{"floor":12,"key":"Swift Potion"},{"floor":13,"key":"SkillPotion"}],"is_trial":false,"path_per_floor":["R","M","?","T","?","R","T","R","E","M","?","M","E","M","M","B"],"character_chosen":"THE_SNECKO","items_purchased":[],"campfire_rested":0,"item_purchase_floors":[],"current_hp_per_floor":[90,90,90,90,90,90,90,90,90,90,72,68,50,42,39,0,0,0],"gold":146,"neow_bonus":"THREE_ENEMY_KILL","is_daily":false,"chose_seed":false,"campfire_upgraded":1,"win_rate":0.0,"timestamp":1612137786,"path_taken":["R","M","?","?","?","R","T","R","E","M","?","M","E","M","M","BOSS"],"items_purchased_type":[],"build_version":"2020-12-22","purchased_purges":0,"victory":false,"max_hp_per_floor":[90,90,90,90,90,90,90,90,90,90,90,90,90,90,90,90,90,90],"card_choices":[{"not_picked":["sneckomod:UnknownCommonAttack","sneckomod:UnknownExhaust"],"picked":"sneckomod:UnendingSupply","floor":2},{"not_picked":["sneckomod:ImprovisedGuard","sneckomod:TrashToTreasure"],"picked":"sneckomod:SoulRoll","floor":9},{"not_picked":["sneckomod:UnknownWeak","sneckomod:UnknownCommonSkill"],"picked":"sneckomod:DiceBlock","floor":10},{"not_picked":["sneckomod:Unknown1Cost","sneckomod:UnknownExhaust"],"picked":"sneckomod:QuickBite","floor":12},{"not_picked":["sneckomod:TrashToTreasure","Adrenaline"],"picked":"White Noise","floor":13},{"not_picked":["sneckomod:UnknownDraw","sneckomod:UnknownCommonAttack"],"picked":"Dagger Throw","floor":14},{"not_picked":["Havoc","Recycle"],"picked":"Perfected Strike","floor":15}],"player_experience":518663,"relics_obtained":[{"floor":4,"key":"StuffTheSpire:Gunfinga"},{"floor":9,"key":"Pet Ghost"},{"floor":13,"key":"infinitespire:Lucky Rock"}],"event_choices":[{"damage_healed":0,"gold_gain":0,"player_choice":"Success","damage_taken":18,"relics_obtained":["hubris:ToyBattleship"],"max_hp_gain":0,"max_hp_loss":0,"event_name":"Scrap Ooze","floor":11,"gold_loss":0}],"is_beta":false,"boss_relics":[],"items_purged_floors":[],"is_endless":false,"potions_floor_spawned":[9,12,13,15],"killed_by":"DF_ARCHETYPE_STREAMLINE","ascension_level":1}}