{"host":"nwd160me4iqdtr8u","time":1612156985,"event":{"mods":["AchievementEnabler","Act Like it!","BaseMod","Colored Map","DeckTracker","Keyboard Shortcuts","Minty Spire (QoL Compilation)","Quick Restart","Rare Cards Sparkle","StSLib","SuperFastMode","everything is the same but u backflip on backflip"],"gold_per_floor":[115,125,50,50,50,68,87,12,12,12,35,59,77,90,90,90,90],"floor_reached":16,"language":"KOR","playtime":449,"items_purged":[],"score":187,"play_id":"de9bd28a-c17c-41cb-b165-fe8ab2b8f757","local_time":"20210201142305","is_ascension_mode":true,"campfire_choices":[{"floor":15.0,"key":"REST"}],"circlet_count":0,"master_deck":["AscendersBane","Strike_G","Strike_G","Strike_G","Strike_G","Defend_G","Defend_G","Defend_G","Defend_G","Defend_G","Survivor","Neutralize","Poisoned Stab","Dagger Throw","Backflip","Blade Dance","Catalyst","Prepared","Leg Sweep","Cloak And Dagger"],"relics":["Ring of the Snake","Bottled Flame","Golden Idol"],"acts_visited":["Exordium"],"potions_floor_usage":[16,16],"damage_taken":[{"damage":4.0,"enemies":"Jaw Worm","floor":1.0,"turns":5.0},{"damage":7.0,"enemies":"Small Slimes","floor":2.0,"turns":3.0},{"damage":2.0,"enemies":"2 Louse","floor":6.0,"turns":2.0},{"damage":9.0,"enemies":"Blue Slaver","floor":7.0,"turns":3.0},{"damage":6.0,"enemies":"Red Slaver","floor":11.0,"turns":4.0},{"damage":9.0,"enemies":"Looter","floor":12.0,"turns":3.0},{"damage":14.0,"enemies":"Exordium Thugs","floor":13.0,"turns":6.0},{"damage":6.0,"enemies":"Blue Slaver","floor":14.0,"turns":4.0},{"damage":21,"enemies":"Slime Boss","floor":16,"turns":9}],"seed_played":"8077911068747382267","potions_obtained":[{"floor":1.0,"key":"Swift Potion"},{"floor":2.0,"key":"FearPotion"},{"floor":13.0,"key":"Explosive Potion"},{"floor":14.0,"key":"LiquidMemories"}],"is_trial":false,"path_per_floor":["M","M","?","$","?","M","M","?","T","?","M","M","M","M","R","B"],"character_chosen":"THE_SILENT","items_purchased":[],"campfire_rested":1,"item_purchase_floors":[],"current_hp_per_floor":[55,48,48,48,48,46,37,37,37,37,31,22,8,2,20,0,0],"gold":90,"neow_bonus":"THREE_CARDS","is_daily":false,"chose_seed":false,"campfire_upgraded":0,"win_rate":0.0,"timestamp":1612156985,"path_taken":["M","M","?","$","?","M","M","?","T","?","M","M","M","M","R","BOSS"],"items_purchased_type":[],"build_version":"2020-12-22","purchased_purges":0,"victory":false,"max_hp_per_floor":[66,66,66,66,66,66,66,66,66,60,60,60,60,60,60,60,60],"card_choices":[{"not_picked":["Cloak And Dagger","PiercingWail"],"picked":"Poisoned Stab","floor":0.0},{"not_picked":["Skewer","Quick Slash"],"picked":"Dagger Throw","floor":1.0},{"not_picked":["PiercingWail","Cloak And Dagger"],"picked":"Backflip","floor":2.0},{"not_picked":["Acrobatics","Outmaneuver"],"picked":"Blade Dance","floor":6.0},{"not_picked":["Masterful Stab","Dagger Throw"],"picked":"Catalyst","floor":7.0},{"not_picked":["Backflip","Poisoned Stab","Sucker Punch"],"picked":"SKIP","floor":11.0},{"not_picked":["Predator","Dagger Throw"],"picked":"Prepared","floor":12.0},{"not_picked":["Doppelganger","Underhanded Strike"],"picked":"Leg Sweep","floor":13.0},{"not_picked":["Skewer","Blade Dance"],"picked":"Cloak And Dagger","floor":14.0}],"player_experience":352102,"relics_obtained":[{"floor":9.0,"key":"Bottled Flame"}],"event_choices":[{"damage_healed":0.0,"max_hp_gain":0.0,"max_hp_loss":0.0,"gold_gain":0.0,"event_name":"World of Goop","player_choice":"Left Gold","floor":3.0,"gold_loss":75.0,"damage_taken":0.0},{"damage_healed":0.0,"max_hp_gain":0.0,"max_hp_loss":0.0,"gold_gain":0.0,"event_name":"Shining Light","player_choice":"Ignored","floor":5.0,"gold_loss":0.0,"damage_taken":0.0},{"cards_removed":["Strike_G"],"damage_healed":0.0,"max_hp_gain":0.0,"max_hp_loss":0.0,"gold_gain":0.0,"event_name":"The Cleric","player_choice":"Card Removal","floor":8.0,"gold_loss":75.0,"damage_taken":0.0},{"damage_healed":0.0,"max_hp_gain":0.0,"max_hp_loss":6.0,"gold_gain":0.0,"event_name":"Golden Idol","player_choice":"Lose Max HP","floor":10.0,"gold_loss":0.0,"damage_taken":0.0,"relics_obtained":["Golden Idol"]}],"is_beta":false,"boss_relics":[],"items_purged_floors":[],"is_endless":false,"potions_floor_spawned":[1,2,13,14],"killed_by":"Slime Boss","ascension_level":19}}