{"host":"czyddnh1ekzxzhp2","time":1612146849,"event":{"mods":["BaseMod","Better Third Choice","BetterRewards","Hermit","Minty Spire (QoL Compilation)","StSLib"],"gold_per_floor":[16,33,49,124,49,49,82,100,126,26,26,26,26,26,26,128,128,144,144,158,158,183,183,183,198,198,198,220,220,238,238,238,238,238],"floor_reached":33,"language":"ENG","playtime":2193,"items_purged":["hermit:Strike_Hermit","hermit:Defend_Hermit"],"score":270,"play_id":"c1483360-9c92-44d1-809a-3f2dd844f016","local_time":"20210131213409","is_ascension_mode":true,"campfire_choices":[{"data":"hermit:NoHoldsBarred","floor":6,"key":"SMITH"},{"floor":13,"key":"REST"},{"data":"hermit:Deadeye","floor":15,"key":"SMITH"},{"floor":23,"key":"REST"},{"floor":27,"key":"REST"},{"floor":29,"key":"REST"},{"data":"hermit:BigShot","floor":32,"key":"SMITH"}],"circlet_count":0,"master_deck":["hermit:Strike_Hermit","hermit:Strike_Hermit+1","hermit:Defend_Hermit","hermit:Defend_Hermit","hermit:Snapshot","hermit:Covet+1","hermit:NoHoldsBarred+1","hermit:TrackingShot","hermit:Feint+1","hermit:Deadeye+1","hermit:Feint+1","hermit:Scavenge","hermit:HighNoon","hermit:BigShot+1","Decay"],"relics":["hermit:ClaspedLocket","Lantern","Bag of Preparation","HornCleat"],"acts_visited":["Exordium","TheCity"],"potions_floor_usage":[7,16,16,33,33,33],"damage_taken":[{"damage":0,"enemies":"Cultist","floor":1,"turns":2},{"damage":9,"enemies":"Jaw Worm","floor":2,"turns":4},{"damage":0,"enemies":"Small Slimes","floor":3,"turns":2},{"damage":21,"enemies":"Lagavulin","floor":7,"turns":6},{"damage":0,"enemies":"Exordium Wildlife","floor":8,"turns":1},{"damage":4,"enemies":"Slime Boss","floor":16,"turns":7},{"damage":30,"enemies":"3 Byrds","floor":18,"turns":5},{"damage":4,"enemies":"Shell Parasite","floor":20,"turns":5},{"damage":26,"enemies":"Cultist and Chosen","floor":22,"turns":6},{"damage":31,"enemies":"Snake Plant","floor":25,"turns":5},{"damage":1,"enemies":"Snecko","floor":28,"turns":5},{"damage":10,"enemies":"3 Cultists","floor":30,"turns":5},{"damage":90,"enemies":"Champ","floor":33,"turns":13}],"seed_played":"547262513950783512","potions_obtained":[{"floor":1,"key":"PowerPotion"},{"floor":7,"key":"Ancient Potion"},{"floor":8,"key":"EssenceOfSteel"},{"floor":20,"key":"FearPotion"},{"floor":30,"key":"EntropicBrew"}],"is_trial":false,"path_per_floor":["M","M","M","?","$","R","E","M","T","$","?","$","R","?","R","B",null,"M","?","M","?","M","R","?","M","T","R","M","R","M","?","R","B"],"character_chosen":"HERMIT","items_purchased":[],"campfire_rested":4,"item_purchase_floors":[],"current_hp_per_floor":[75,66,66,59,59,59,38,38,38,38,23,23,45,45,45,41,75,45,45,41,41,15,37,37,8,8,30,29,51,41,66,66,0,0],"gold":238,"neow_bonus":"TRANSFORM_TWO_CARDS","is_daily":false,"chose_seed":false,"campfire_upgraded":3,"win_rate":0.0,"timestamp":1612146849,"path_taken":["M","?","M","?","$","R","E","?","T","$","?","?","R","?","R","BOSS","M","?","M","?","?","R","?","M","T","R","M","R","M","?","R","BOSS"],"items_purchased_type":[],"build_version":"2020-12-22","purchased_purges":2,"victory":false,"max_hp_per_floor":[75,75,75,75,75,75,75,75,75,75,75,75,75,75,75,75,75,75,75,75,75,75,75,75,75,75,75,75,75,75,75,75,75,75],"card_choices":[{"not_picked":["hermit:Cheat","hermit:SprayPray"],"picked":"hermit:Feint","floor":1},{"not_picked":["hermit:Horror","hermit:TakeCover","hermit:CalledShot"],"picked":"SKIP","floor":2},{"not_picked":["hermit:EyeOfTheStorm","hermit:Misfire"],"picked":"hermit:Deadeye","floor":3},{"not_picked":["hermit:Headshot","hermit:Vantage","hermit:BodyArmor"],"picked":"SKIP","floor":7},{"not_picked":["hermit:Spite","hermit:SprayPray","hermit:Virtue"],"picked":"SKIP","floor":8},{"not_picked":["hermit:Headshot","hermit:HighCaliber+1"],"picked":"hermit:Feint+1","floor":18},{"not_picked":["hermit:Desperado","hermit:LoneWolf+1"],"picked":"hermit:Scavenge","floor":20},{"not_picked":["hermit:Misfire","hermit:ItchyTrigger","hermit:TrackingShot"],"picked":"SKIP","floor":22},{"not_picked":["hermit:WideOpen","hermit:Misfire","hermit:SprayPray+1"],"picked":"SKIP","floor":25},{"not_picked":["hermit:LowProfile","hermit:Ricochet","hermit:WideOpen+1"],"picked":"SKIP","floor":28},{"not_picked":["hermit:Gestalt","hermit:TrackingShot+1","hermit:BodyArmor+1"],"picked":"SKIP","floor":30}],"player_experience":884248,"relics_obtained":[{"floor":7,"key":"Lantern"},{"floor":9,"key":"Bag of Preparation"},{"floor":26,"key":"HornCleat"}],"event_choices":[{"damage_healed":0,"gold_gain":75,"player_choice":"Touch","damage_taken":7,"max_hp_gain":0,"max_hp_loss":0,"event_name":"FaceTrader","floor":4,"gold_loss":0},{"damage_healed":38,"gold_gain":0,"player_choice":"Upgrade","damage_taken":15,"max_hp_gain":0,"max_hp_loss":75,"event_name":"betterThird:BetterShining","floor":11,"gold_loss":0,"cards_upgraded":["hermit:Strike_Hermit","hermit:Feint"]},{"damage_healed":0,"gold_gain":0,"player_choice":"Grow","damage_taken":0,"max_hp_gain":0,"max_hp_loss":0,"event_name":"Living Wall","floor":14,"gold_loss":0,"cards_upgraded":["hermit:Covet"]},{"damage_healed":0,"gold_gain":0,"player_choice":"Ignored","damage_taken":0,"max_hp_gain":0,"max_hp_loss":0,"event_name":"Ghosts","floor":19,"gold_loss":0},{"damage_healed":0,"gold_gain":0,"player_choice":"2 cards matched","damage_taken":0,"max_hp_gain":0,"max_hp_loss":0,"event_name":"Match and Keep!","floor":21,"gold_loss":0,"cards_obtained":["hermit:HighNoon","hermit:BigShot"]},{"damage_healed":0,"gold_gain":0,"player_choice":"Smashed Altar","damage_taken":0,"max_hp_gain":0,"max_hp_loss":0,"event_name":"Forgotten Altar","floor":24,"gold_loss":0,"cards_obtained":["Decay"]},{"damage_healed":25,"gold_gain":0,"player_choice":"Heal","damage_taken":0,"max_hp_gain":0,"max_hp_loss":0,"event_name":"The Library","floor":31,"gold_loss":0}],"is_beta":false,"boss_relics":[{"not_picked":["SacredBark","Runic Pyramid"],"picked":"hermit:ClaspedLocket"}],"items_purged_floors":[5,10],"is_endless":false,"potions_floor_spawned":[1,7,8,20,30],"killed_by":"Champ","ascension_level":2}}