{"host":"tdq5vwehmzjlkkx3","time":1612156884,"event":{"mods":["2.2 Compatiblity","Act Like it!","Aspiration","Astrologer","BaseMod","Beaked The Cultist","Better Altar","Better Match","Better Note","Better Third Choice","BetterRewards","Clockwork Mod","Colored Map","Colorless Booster Pack","Conjunction","Conspire","Defuse TimeMaze Blight","Energized Spire","FetchMod","Friendly Minions","FruityMod","GifTheSpireLib","Glutton Mod","Gremlin Mod","Halation","Hallownest","Highlight Path","Hubris","Infinite Spire","Key Reminder","Lotus Mark","Mimic Mod","Minty Spire (QoL Compilation)","Pale of the Ancients","Random Character Button","Relic Stats","Reworked Bosses","SCP261 Mod","Small Relic Pack","StSLib","Stuff the Spire","The Bladedancer","The Clintock","The Construct","The Disciple","The Jungle","The Marked","The Mystic","The Servant","TheFirefly","Trackpad","Unceasing Turn Reminder","Wandering Minibosses"],"gold_per_floor":[110,110,37,49,68,93,93,119,119,119,139,139,152,171,171,273,273,292,37,56,56,75,75,100,200,239,42,42,42,70,82,82,187,237,249,249,260,61,81,81,92,126,126,136,268,280,280,314,314,314],"floor_reached":51,"language":"ENG","playtime":4265,"items_purged":[],"score":807,"play_id":"fb1bef34-748a-4a98-bf6f-9e2e76f7e358","local_time":"20210131212124","is_ascension_mode":false,"campfire_choices":[{"data":"astrologer:CosmicExpanse","floor":7.0,"key":"SMITH"},{"data":"astrologer:DarkMatter","floor":10.0,"key":"SMITH"},{"data":"astrologer:TheFool","floor":15.0,"key":"SMITH"},{"data":"astrologer:Death","floor":23.0,"key":"SMITH"},{"data":"Panache","floor":28.0,"key":"SMITH"},{"floor":32.0,"key":"REST"},{"floor":40.0,"key":"REST"},{"floor":47,"key":"REST"},{"floor":49,"key":"REST"}],"circlet_count":0,"master_deck":["astrologer:Strike","astrologer:Defend","astrologer:Defend","astrologer:Defend","astrologer:Defend","astrologer:NorthStar+1","astrologer:TheFool+1","astrologer:FrozenStar","Grand Finale","Skewer","Dash","astrologer:CosmicExpanse+1","astrologer:Stardust","astrologer:MeteorShower","astrologer:DarkMatter+1","astrologer:StarOfMisfortune","astrologer:Prismatic","astrologer:Death+1","astrologer:FrozenStar+1","astrologer:ShiningStar","astrologer:ShootingStar+1","Panache+1","astrologer:Wish"],"relics":["astrologer:SkyMirror","hubris:DeckOfHolding","trackpad:ByrdBGone","hubris:SphereOfDissonance","Hallownest:DreamNailRelic","energizedSpire:MagnifyingGlass","hubris:Metronome","infinitespire:Joker Card","infinitespire:FocusingShard","Busted Crown","infinitespire:Satchel","Tiny House","halation:PinkSoulGem","Strange Spoon","Orichalcum","StuffTheSpire:HeavyRock","FossilizedHelix","trackpad:ZombieHeart"],"acts_visited":["Hallownest:Greenpath","TheCity","Hallownest:KingdomsEdge"],"potions_floor_usage":[48,50],"damage_taken":[{"damage":0.0,"enemies":"Hallownest:2_MossCreeps","floor":1.0,"turns":6.0},{"damage":7.0,"enemies":"2_ Uuma","floor":4.0,"turns":6.0},{"damage":3.0,"enemies":"Hallownest:monsterHuskGuard","floor":5.0,"turns":7.0},{"damage":3.0,"enemies":"Hallownest:eliteCrystalGuardian","floor":6.0,"turns":8.0},{"damage":0.0,"enemies":"Hallownest:eliteVengeflyKing","floor":8.0,"turns":8.0},{"damage":7.0,"enemies":"Hallownest:1_Baldur_1_Crawlid_1_Warrior","floor":11.0,"turns":6.0},{"damage":0.0,"enemies":"Hallownest:MossCreep_and_Mosskin","floor":13.0,"turns":5.0},{"damage":1.0,"enemies":"Hallownest:Wandering_and_Horned","floor":14.0,"turns":6.0},{"damage":21.0,"enemies":"Hallownest:BossHornet","floor":16.0,"turns":9.0},{"damage":5.0,"enemies":"Shell Parasite","floor":18.0,"turns":5.0},{"damage":9.0,"enemies":"3 Byrds","floor":20.0,"turns":3.0},{"damage":0.0,"enemies":"Snake Plant","floor":22.0,"turns":4.0},{"damage":0.0,"enemies":"conspire:Head Lice","floor":24.0,"turns":7.0},{"damage":0.0,"enemies":"Snecko","floor":26.0,"turns":7.0},{"damage":28.0,"enemies":"conspire:SneckoGhost","floor":30.0,"turns":7.0},{"damage":0.0,"enemies":"Snecko","floor":31.0,"turns":4.0},{"damage":41.0,"enemies":"bossMod:newChamp","floor":33.0,"turns":15.0},{"damage":0.0,"enemies":"Hallownest:2_Littles","floor":35.0,"turns":5.0},{"damage":18.0,"enemies":"Hallownest:3_Siblings","floor":37.0,"turns":7.0},{"damage":7.0,"enemies":"Hallownest:2_Soldiers_and_1_Guardian","floor":39.0,"turns":8.0},{"damage":25.0,"enemies":"Hallownest:Xero_Hu_Marmu","floor":41.0,"turns":5.0},{"damage":0.0,"enemies":"Hallownest:eliteHiveKnight","floor":42.0,"turns":5.0},{"damage":15.0,"enemies":"Hallownest:Slobbering_and_Violent","floor":44.0,"turns":8.0},{"damage":2.0,"enemies":"Hallownest:monsterPrimalAspid","floor":45.0,"turns":8.0},{"damage":0,"enemies":"Hallownest:monsterPrimalAspid","floor":46,"turns":4},{"damage":13,"enemies":"Hallownest:StalkingDevout","floor":48,"turns":5},{"damage":68,"enemies":"Hallownest:Radiance","floor":50,"turns":16}],"seed_played":"-8763923108334827625","potions_obtained":[{"floor":0.0,"key":"EntropicBrew"},{"floor":0.0,"key":"SkillPotion"},{"floor":0.0,"key":"Fruit Juice"},{"floor":6.0,"key":"PowerPotion"},{"floor":8.0,"key":"Fire Potion"},{"floor":16.0,"key":"SCP261:BarrettColaPotion"},{"floor":18.0,"key":"DuplicationPotion"},{"floor":30.0,"key":"Energy Potion"},{"floor":34.0,"key":"SCP261:BostonMolassesPotion"},{"floor":41.0,"key":"FearPotion"},{"floor":42.0,"key":"Fire Potion"},{"floor":46,"key":"Block Potion"},{"floor":48,"key":"PowerPotion"}],"is_trial":false,"path_per_floor":["M","?","$","M","M","E","R","E","T","R","M","?","M","M","R","B",null,"M","$","M","?","M","R","E","?","MIM","$","R","AVR","E","M","R","B",null,"M","?","M","$","M","R","M","E","T","M","MIM","M","R","E","R","B",null],"character_chosen":"ASTROLOGER","items_purchased":["astrologer:CosmicExpanse","hubris:Metronome","Panache","Strange Spoon","SkillPotion"],"campfire_rested":4,"item_purchase_floors":[3,19,27,38,38],"current_hp_per_floor":[75,75,75,68,65,62,62,62,62,62,55,55,55,54,54,33,75,70,70,61,61,61,61,61,61,61,61,61,61,33,33,55,14,80,80,80,62,62,55,79,54,54,54,39,37,37,61,48,72,5],"gold":314,"neow_bonus":"THREE_SMALL_POTIONS","is_daily":false,"chose_seed":false,"campfire_upgraded":5,"win_rate":0.0,"timestamp":1612156884,"path_taken":["M","?","?","M","M","E","R","E","T","R","M","?","M","?","R","BOSS","M","?","?","?","?","R","E","?","MIM","?","R","AVR","E","M","R","BOSS","M","?","M","$","M","R","M","E","T","M","?","M","R","E","R","BOSS"],"items_purchased_type":["Card","Relic","Card","Relic","Potion"],"build_version":"2020-12-22","purchased_purges":0,"victory":true,"max_hp_per_floor":[75,75,75,75,75,75,75,75,75,75,75,75,75,75,75,75,75,75,75,75,75,75,75,75,75,75,75,75,75,75,75,75,75,80,80,80,80,80,80,80,80,80,80,80,80,80,80,80,80,81],"relic_stats":{"Strange Spoon":[19],"Busted Crown":32,"counters":[39,243],"Orichalcum":[6],"obtain_stats":[{"Golden Egg":24,"hubris:Metronome":19,"Tiny House":34,"Vajra":12,"infinitespire:Cubic Diamond":8,"trackpad:ByrdBGone":8,"Hallownest:DreamNailRelic":12,"relicPack:OneForAll":3,"trackpad:ZombieHeart":48,"StuffTheSpire:HeavyRock":43,"hubris:DeckOfHolding":6,"astrologer:SkyMirror":0,"trackpad:AdjectivePendant":13,"aspiration:Headhunter":6,"Replay:M_StaffOfTheSnake":8,"NeowsBlessing":0,"hubris:SphereOfDissonance":9,"infinitespire:Joker Card":24,"infinitespire:FocusingShard":26,"Orichalcum":42,"energizedSpire:DeadBattery":17,"Strange Spoon":38,"Busted Crown":29,"StuffTheSpire:Mouthbags":9,"infinitespire:Satchel":30,"energizedSpire:MagnifyingGlass":17,"halation:PinkSoulGem":36,"FossilizedHelix":45},{"Golden Egg":11,"hubris:Metronome":22,"Tiny House":29,"Vajra":7,"infinitespire:Cubic Diamond":4,"trackpad:ByrdBGone":17,"Hallownest:DreamNailRelic":18,"relicPack:OneForAll":1,"trackpad:ZombieHeart":38,"StuffTheSpire:HeavyRock":34,"hubris:DeckOfHolding":16,"astrologer:SkyMirror":0,"trackpad:AdjectivePendant":7,"aspiration:Headhunter":3,"Replay:M_StaffOfTheSnake":4,"NeowsBlessing":0,"hubris:SphereOfDissonance":17,"infinitespire:Joker Card":25,"infinitespire:FocusingShard":26,"Orichalcum":34,"energizedSpire:DeadBattery":9,"Strange Spoon":31,"Busted Crown":26,"StuffTheSpire:Mouthbags":5,"infinitespire:Satchel":27,"energizedSpire:MagnifyingGlass":21,"halation:PinkSoulGem":30,"FossilizedHelix":36},{"Golden Egg":54,"hubris:Metronome":125,"Tiny House":172,"Vajra":29,"infinitespire:Cubic Diamond":7,"trackpad:ByrdBGone":94,"Hallownest:DreamNailRelic":100,"relicPack:OneForAll":1,"trackpad:ZombieHeart":227,"StuffTheSpire:HeavyRock":202,"hubris:DeckOfHolding":86,"astrologer:SkyMirror":0,"trackpad:AdjectivePendant":29,"aspiration:Headhunter":3,"Replay:M_StaffOfTheSnake":7,"NeowsBlessing":0,"hubris:SphereOfDissonance":94,"infinitespire:Joker Card":139,"infinitespire:FocusingShard":146,"Orichalcum":202,"energizedSpire:DeadBattery":45,"Strange Spoon":184,"Busted Crown":146,"StuffTheSpire:Mouthbags":14,"infinitespire:Satchel":153,"energizedSpire:MagnifyingGlass":120,"halation:PinkSoulGem":177,"FossilizedHelix":218}]},"card_choices":[{"not_picked":["astrologer:CometStrike","astrologer:MeteorShower"],"picked":"astrologer:FrozenStar","floor":1.0},{"not_picked":["astrologer:Conjunction","astrologer:Still","astrologer:Eclipse"],"picked":"SKIP","floor":4.0},{"not_picked":["astrologer:TheWorld","astrologer:Moonlight"],"picked":"astrologer:Stardust","floor":5.0},{"not_picked":["astrologer:Observe","astrologer:Still"],"picked":"astrologer:MeteorShower","floor":6.0},{"not_picked":["astrologer:MeteorShower","astrologer:FadingStar"],"picked":"astrologer:DarkMatter","floor":8.0},{"not_picked":["astrologer:TheEmpress","astrologer:Conjunction"],"picked":"astrologer:StarOfMisfortune","floor":11.0},{"not_picked":["astrologer:Radiance","astrologer:FrozenStar"],"picked":"astrologer:Prismatic","floor":13.0},{"not_picked":["astrologer:Moonlight","astrologer:Conjunction","astrologer:Justice"],"picked":"SKIP","floor":14.0},{"not_picked":["astrologer:TheMagician","astrologer:Fate"],"picked":"astrologer:Death","floor":16.0},{"not_picked":["astrologer:CometStrike","astrologer:SpaceDust"],"picked":"astrologer:FrozenStar+1","floor":18.0},{"not_picked":["astrologer:Confirmation","astrologer:Moonlight"],"picked":"astrologer:ShiningStar","floor":20.0},{"not_picked":["astrologer:Radiance+1","astrologer:Novile","astrologer:FrozenStar"],"picked":"SKIP","floor":22.0},{"not_picked":["astrologer:SpaceDust","astrologer:Retelling"],"picked":"astrologer:ShootingStar+1","floor":24.0},{"not_picked":["astrologer:Still"],"picked":"SKIP","floor":30.0},{"not_picked":["astrologer:ReadTheStars"],"picked":"SKIP","floor":31.0},{"not_picked":[],"picked":"astrologer:Wish","floor":33.0},{"not_picked":["astrologer:TheHangedMan"],"picked":"SKIP","floor":35.0},{"not_picked":["astrologer:TheHierophant+1"],"picked":"SKIP","floor":37.0},{"not_picked":["astrologer:FrozenStar"],"picked":"SKIP","floor":39.0},{"not_picked":["astrologer:Conjunction+1"],"picked":"SKIP","floor":41.0},{"not_picked":["astrologer:Opposition+1"],"picked":"SKIP","floor":42.0},{"not_picked":["astrologer:Opposition+1"],"picked":"SKIP","floor":44.0},{"not_picked":["astrologer:FrozenStar+1"],"picked":"SKIP","floor":46},{"not_picked":["astrologer:SolarFlare"],"picked":"SKIP","floor":48}],"player_experience":345195,"relics_obtained":[{"floor":6.0,"key":"hubris:DeckOfHolding"},{"floor":8.0,"key":"trackpad:ByrdBGone"},{"floor":9.0,"key":"hubris:SphereOfDissonance"},{"floor":24.0,"key":"infinitespire:Joker Card"},{"floor":26.0,"key":"infinitespire:FocusingShard"},{"floor":30.0,"key":"infinitespire:Satchel"},{"floor":42.0,"key":"Orichalcum"},{"floor":43.0,"key":"StuffTheSpire:HeavyRock"},{"floor":45,"key":"FossilizedHelix"},{"floor":48,"key":"trackpad:ZombieHeart"}],"event_choices":[{"damage_healed":0.0,"max_hp_gain":0.0,"max_hp_loss":0.0,"gold_gain":0.0,"event_name":"Purifier","player_choice":"Ignored","floor":21.0,"gold_loss":0.0,"damage_taken":0.0},{"damage_healed":0.0,"max_hp_gain":0.0,"max_hp_loss":0.0,"gold_gain":100.0,"event_name":"Golden Shrine","player_choice":"Pray","floor":25.0,"gold_loss":0.0,"damage_taken":0.0},{"damage_healed":0,"gold_gain":100,"player_choice":"Pray","damage_taken":0,"max_hp_gain":0,"max_hp_loss":0,"event_name":"Golden Shrine","floor":45,"gold_loss":0}],"is_beta":false,"boss_relics":[{"not_picked":["energizedSpire:NeverEndingSparkler","halation:PinkAlligatorPlush"],"picked":"energizedSpire:MagnifyingGlass"},{"not_picked":["halation:Risk","StuffTheSpire:RunicHypercube"],"picked":"Tiny House"}],"items_purged_floors":[],"is_endless":false,"potions_floor_spawned":[6,8,16,18,30,41,42,46,48],"ascension_level":0}}