{"host":"ml2ro5l6hu6y0pll","time":1612211976,"event":{"mods":["AchievementEnabler","BaseMod","Colored Map","Colored Powertips","Custom Start","Googly Eyes","Minty Spire (QoL Compilation)","Quick Restart","Rare Cards Sparkle","Relic Stats","Reliquary","StSLib","everything is the same but u backflip on backflip"],"gold_per_floor":[111,111,161,172,184,184,218,231,231,128,162,162,162,162,162,256,256,276,295,295,210,253,291,305,305,328,328,341,379,379,413,413,492,492,506,456,456,474,474,500,500,500,500],"floor_reached":42,"language":"ENG","playtime":1432,"items_purged":[],"score":1080,"play_id":"ac39117f-404e-4588-93e8-1390431e71b0","local_time":"20210201203936","is_ascension_mode":true,"campfire_choices":[{"data":"Dash","floor":6.0,"key":"SMITH"},{"data":"Skewer","floor":12.0,"key":"SMITH"},{"data":"Cloak And Dagger","floor":15.0,"key":"SMITH"},{"data":"Footwork","floor":25,"key":"SMITH"},{"data":"Footwork","floor":27,"key":"SMITH"},{"floor":32,"key":"REST"},{"data":"Accuracy","floor":41,"key":"SMITH"}],"circlet_count":0,"master_deck":["Dash+1","Finisher","Slice","Dagger Spray","Skewer+1","Backflip","Cloak And Dagger","Blade Dance","Cloak And Dagger+1","Blade Dance","Outmaneuver+1","Choke","Footwork+1","Dodge and Roll","Accuracy+1","Die Die Die+1","Noxious Fumes","Blur","Footwork+1","Bullet Time","Blade Dance","Wraith Form v2+1","Calculated Gamble","Acrobatics"],"relics":["Ring of the Snake","Ice Cream","WristBlade","Pantograph","Meat on the Bone","Molten Egg 2","Bloody Idol","Omamori","reliquary:RedCape","Ornamental Fan","Red Mask","Frozen Egg 2","reliquary:NewFriend","reliquary:HotPoker","reliquary:Ember","Lantern"],"acts_visited":["Exordium","TheCity","TheBeyond"],"potions_floor_usage":[29],"damage_taken":[{"damage":0.0,"enemies":"2 Louse","floor":1.0,"turns":1.0},{"damage":0.0,"enemies":"Small Slimes","floor":4.0,"turns":1.0},{"damage":0.0,"enemies":"Cultist","floor":5.0,"turns":1.0},{"damage":0.0,"enemies":"3 Sentries","floor":7.0,"turns":3.0},{"damage":8.0,"enemies":"3 Louse","floor":8.0,"turns":2.0},{"damage":0.0,"enemies":"Gremlin Nob","floor":11.0,"turns":2.0},{"damage":3.0,"enemies":"The Guardian","floor":16.0,"turns":7.0},{"damage":0.0,"enemies":"Spheric Guardian","floor":18.0,"turns":2.0},{"damage":6.0,"enemies":"Shell Parasite","floor":19.0,"turns":2.0},{"damage":0.0,"enemies":"Masked Bandits","floor":22.0,"turns":3.0},{"damage":3,"enemies":"Book of Stabbing","floor":23,"turns":4},{"damage":0,"enemies":"Snake Plant","floor":24,"turns":3},{"damage":5,"enemies":"Cultist and Chosen","floor":28,"turns":5},{"damage":4,"enemies":"Slavers","floor":29,"turns":3},{"damage":29,"enemies":"Gremlin Leader","floor":31,"turns":4},{"damage":9,"enemies":"Champ","floor":33,"turns":12},{"damage":6,"enemies":"3 Shapes","floor":35,"turns":6},{"damage":16,"enemies":"3 Darklings","floor":38,"turns":4},{"damage":20,"enemies":"Nemesis","floor":40,"turns":5},{"damage":45,"enemies":"Reptomancer","floor":42,"turns":2}],"seed_played":"6157580833757149015","potions_obtained":[{"floor":7.0,"key":"CunningPotion"},{"floor":8.0,"key":"Swift Potion"},{"floor":29,"key":"LiquidBronze"},{"floor":40,"key":"Regen Potion"}],"is_trial":true,"path_per_floor":["M","?","?","M","M","R","E","M","T","$","E","R","?","?","R","B",null,"M","M","$","?","?","E","M","R","T","R","M","E","?","E","R","B",null,"M","$","?","M","?","E","R","E"],"character_chosen":"THE_SILENT","items_purchased":["Footwork","Dodge and Roll","Acrobatics"],"campfire_rested":1,"item_purchase_floors":[10,10,36],"current_hp_per_floor":[59,59,53,53,53,53,53,45,45,45,45,45,45,34,34,56,59,59,53,53,53,53,50,50,50,50,50,45,41,41,29,47,56,59,58,58,58,47,47,44,44,0,0],"gold":500,"neow_bonus":"","is_daily":false,"chose_seed":false,"campfire_upgraded":6,"win_rate":0.0,"timestamp":1612211976,"path_taken":["M","?","?","M","?","R","E","M","T","$","E","R","?","?","R","BOSS","M","M","$","?","?","E","M","R","T","R","?","E","?","E","R","BOSS","M","$","?","?","?","E","R","E"],"items_purchased_type":["Card","Card","Card"],"build_version":"2020-12-22","purchased_purges":0,"victory":false,"max_hp_per_floor":[66,66,66,66,66,66,66,66,66,66,66,66,60,60,60,60,60,60,60,60,60,60,60,60,60,60,60,60,60,60,60,60,60,60,60,60,60,60,60,60,60,60,60],"relic_stats":{"counters":[20,72],"Ornamental Fan":[136],"Pantograph":38,"Bloody Idol":25,"obtain_stats":[{"Ice Cream":0,"Lantern":40,"Golden Idol":13,"Omamori":14,"reliquary:RedCape":17,"Frozen Egg 2":23,"reliquary:HotPoker":31,"WristBlade":0,"Ornamental Fan":21,"Pantograph":7,"Bloody Idol":30,"Molten Egg 2":11,"reliquary:NewFriend":29,"Red Mask":22,"reliquary:Ember":34,"Ring of the Snake":0,"Meat on the Bone":9},{"Ice Cream":0,"Lantern":19,"Golden Idol":6,"Omamori":6,"reliquary:RedCape":7,"Frozen Egg 2":11,"reliquary:HotPoker":15,"WristBlade":0,"Ornamental Fan":9,"Pantograph":4,"Bloody Idol":14,"Molten Egg 2":6,"reliquary:NewFriend":14,"Red Mask":10,"reliquary:Ember":16,"Ring of the Snake":0,"Meat on the Bone":5},{"Ice Cream":0,"Lantern":70,"Golden Idol":10,"Omamori":10,"reliquary:RedCape":17,"Frozen Egg 2":28,"reliquary:HotPoker":43,"WristBlade":0,"Ornamental Fan":21,"Pantograph":6,"Bloody Idol":39,"Molten Egg 2":10,"reliquary:NewFriend":39,"Red Mask":24,"reliquary:Ember":55,"Ring of the Snake":0,"Meat on the Bone":8}],"Ring of the Snake":[40],"Meat on the Bone":24},"card_choices":[{"not_picked":["Bane","Quick Slash","Flying Knee"],"picked":"SKIP","floor":1.0},{"not_picked":["Dagger Throw","Acrobatics"],"picked":"Outmaneuver","floor":4.0},{"not_picked":["Eviscerate","Expertise","Outmaneuver"],"picked":"SKIP","floor":5.0},{"not_picked":["Eviscerate","Expertise","Outmaneuver"],"picked":"SKIP","floor":5.0},{"not_picked":["Setup","Slice"],"picked":"Choke","floor":7.0},{"not_picked":["Cloak And Dagger","Bane","Backstab"],"picked":"SKIP","floor":8.0},{"not_picked":["Grand Finale+1","PiercingWail"],"picked":"Accuracy","floor":11.0},{"not_picked":["Corpse Explosion","Venomology"],"picked":"Die Die Die+1","floor":16.0},{"not_picked":["Slice+1","Quick Slash+1"],"picked":"Noxious Fumes","floor":18.0},{"not_picked":["Deflect","Dodge and Roll"],"picked":"Blur","floor":19.0},{"not_picked":["Caltrops","Flying Knee+1"],"picked":"Footwork","floor":22.0},{"not_picked":["Endless Agony+1","Backstab+1"],"picked":"Bullet Time","floor":23},{"not_picked":["Quick Slash+1","Sucker Punch+1","Finisher+1"],"picked":"SKIP","floor":24},{"not_picked":["Underhanded Strike+1","Outmaneuver","Masterful Stab+1"],"picked":"SKIP","floor":28},{"not_picked":["Concentrate+1","Poisoned Stab+1"],"picked":"Blade Dance","floor":29},{"not_picked":["Dodge and Roll","Venomology","Poisoned Stab+1"],"picked":"SKIP","floor":31},{"not_picked":["A Thousand Cuts+1","Glass Knife+1"],"picked":"Wraith Form v2+1","floor":33},{"not_picked":["Expertise","Blade Dance"],"picked":"Calculated Gamble","floor":35},{"not_picked":["Poisoned Stab+1","Tactician","Deadly Poison+1"],"picked":"SKIP","floor":38},{"not_picked":["Dash+1","Setup+1","Dagger Spray+1"],"picked":"SKIP","floor":40}],"player_experience":898113,"relics_obtained":[{"floor":7.0,"key":"Pantograph"},{"floor":9.0,"key":"Meat on the Bone"},{"floor":11.0,"key":"Molten Egg 2"},{"floor":22.0,"key":"Red Mask"},{"floor":23,"key":"Frozen Egg 2"},{"floor":29,"key":"reliquary:NewFriend"},{"floor":31,"key":"reliquary:HotPoker"},{"floor":40,"key":"Lantern"}],"event_choices":[{"damage_healed":0.0,"max_hp_gain":0.0,"max_hp_loss":0.0,"gold_gain":0.0,"event_name":"The Cleric","player_choice":"Leave","floor":2.0,"gold_loss":0.0,"damage_taken":0.0},{"damage_healed":0.0,"max_hp_gain":0.0,"max_hp_loss":0.0,"gold_gain":50.0,"event_name":"FaceTrader","player_choice":"Touch","floor":3.0,"gold_loss":0.0,"damage_taken":6.0},{"damage_healed":0.0,"max_hp_gain":0.0,"max_hp_loss":6.0,"gold_gain":0.0,"event_name":"Golden Idol","player_choice":"Lose Max HP","floor":13.0,"gold_loss":0.0,"damage_taken":0.0,"relics_obtained":["Golden Idol"]},{"damage_healed":0.0,"max_hp_gain":0.0,"max_hp_loss":0.0,"gold_gain":0.0,"event_name":"Scrap Ooze","player_choice":"Success","floor":14.0,"gold_loss":0.0,"damage_taken":11.0,"relics_obtained":["Omamori"]},{"damage_healed":0.0,"max_hp_gain":0.0,"max_hp_loss":0.0,"gold_gain":0.0,"event_name":"Addict","player_choice":"Obtained Relic","floor":21.0,"gold_loss":85.0,"damage_taken":0.0,"relics_obtained":["Ornamental Fan"]},{"damage_healed":0.0,"max_hp_gain":0.0,"max_hp_loss":0.0,"gold_gain":0.0,"event_name":"Masked Bandits","player_choice":"Fought Bandits","floor":22.0,"gold_loss":0.0,"damage_taken":0.0},{"damage_healed":0,"gold_gain":0,"player_choice":"Gave Idol","damage_taken":0,"relics_obtained":["Bloody Idol"],"max_hp_gain":0,"max_hp_loss":0,"event_name":"Forgotten Altar","floor":30,"relics_lost":["Golden Idol"],"gold_loss":0},{"damage_healed":0,"gold_gain":0,"player_choice":"Upgraded","damage_taken":0,"max_hp_gain":0,"max_hp_loss":0,"event_name":"Upgrade Shrine","floor":37,"gold_loss":0,"cards_upgraded":["Outmaneuver"]},{"damage_healed":0,"gold_gain":0,"player_choice":"Ignored","damage_taken":0,"max_hp_gain":0,"max_hp_loss":0,"event_name":"SecretPortal","floor":39,"gold_loss":0}],"is_beta":false,"boss_relics":[{"not_picked":["SacredBark","Runic Pyramid"],"picked":"reliquary:RedCape"},{"not_picked":["Tiny House","reliquary:Craggleroot"],"picked":"reliquary:Ember"}],"items_purged_floors":[],"is_endless":false,"potions_floor_spawned":[7,8,16,22,23,24,28,29,40],"killed_by":"Reptomancer","ascension_level":20}}