{"host":"f0gpob8hq9vgebej","time":1612168959,"event":{"mods":["AchievementEnabler","BaseMod","Minty Spire (QoL Compilation)","Quick Restart","SuperFastMode"],"gold_per_floor":[112,129,144,163,175,175,11,11,34,52,127,127,27,38,38,112,112,130,146,164,164,164],"floor_reached":21,"language":"KOR","playtime":542,"items_purged":["Strike_G","Defend_G"],"score":306,"play_id":"22e2d99b-bbc4-4c9d-83bb-47cf70ea4283","local_time":"20210201174239","is_ascension_mode":true,"campfire_choices":[{"data":"Dagger Spray","floor":6.0,"key":"SMITH"},{"data":"Backflip","floor":8.0,"key":"SMITH"},{"data":"Bouncing Flask","floor":15.0,"key":"SMITH"}],"circlet_count":0,"master_deck":["AscendersBane","Survivor","Neutralize","Dagger Throw","Dagger Spray+1","Reflex","Backflip+1","Flash of Steel","Acrobatics","Bouncing Flask+1","After Image","Finisher","Dodge and Roll","After Image","Envenom","Dagger Throw","Malaise","Accuracy","Well Laid Plans"],"relics":["Ring of the Snake","Tiny Chest","Pandora\u0027s Box"],"acts_visited":["Exordium","TheCity"],"potions_floor_usage":[20],"damage_taken":[{"damage":1.0,"enemies":"2 Louse","floor":1.0,"turns":4.0},{"damage":1.0,"enemies":"Jaw Worm","floor":2.0,"turns":4.0},{"damage":0.0,"enemies":"Small Slimes","floor":3.0,"turns":3.0},{"damage":2.0,"enemies":"Red Slaver","floor":4.0,"turns":5.0},{"damage":0.0,"enemies":"Blue Slaver","floor":5.0,"turns":5.0},{"damage":4.0,"enemies":"3 Louse","floor":10.0,"turns":3.0},{"damage":0.0,"enemies":"Looter","floor":14.0,"turns":3.0},{"damage":4.0,"enemies":"Hexaghost","floor":16.0,"turns":9.0},{"damage":0.0,"enemies":"3 Byrds","floor":18.0,"turns":3.0},{"damage":6.0,"enemies":"Spheric Guardian","floor":19.0,"turns":5.0},{"damage":34,"enemies":"Snake Plant","floor":20,"turns":5},{"damage":7,"enemies":"Sentry and Sphere","floor":21,"turns":3}],"seed_played":"-2807687580668575215","potions_obtained":[{"floor":4.0,"key":"Dexterity Potion"},{"floor":5.0,"key":"AttackPotion"},{"floor":19.0,"key":"AttackPotion"}],"is_trial":false,"path_per_floor":["M","M","M","M","M","R","$","R","T","M","?","?","$","M","R","B",null,"M","M","M","M"],"character_chosen":"THE_SILENT","items_purchased":["Flash of Steel"],"campfire_rested":0,"item_purchase_floors":[7],"current_hp_per_floor":[58,57,57,55,55,55,55,55,55,51,40,33,33,33,33,29,57,57,51,17,10,10],"gold":164,"neow_bonus":"REMOVE_CARD","is_daily":false,"chose_seed":false,"campfire_upgraded":3,"win_rate":0.0,"timestamp":1612168959,"path_taken":["M","M","M","M","M","R","$","R","T","M","?","?","$","M","R","BOSS","M","M","M","M"],"items_purchased_type":["Card"],"build_version":"2020-12-22","purchased_purges":2,"victory":false,"max_hp_per_floor":[66,66,66,66,66,66,66,66,66,66,66,66,66,66,66,66,66,66,66,66,66,66],"card_choices":[{"not_picked":["Outmaneuver","Expertise"],"picked":"Dagger Throw","floor":1.0},{"not_picked":["Sucker Punch","Prepared"],"picked":"Dagger Spray","floor":2.0},{"not_picked":["Skewer","Poisoned Stab"],"picked":"Reflex","floor":3.0},{"not_picked":["Catalyst","Heel Hook"],"picked":"Backflip","floor":4.0},{"not_picked":["Reflex","Outmaneuver","Underhanded Strike"],"picked":"SKIP","floor":5.0},{"not_picked":["PiercingWail","Calculated Gamble"],"picked":"Acrobatics","floor":10.0},{"not_picked":["Storm of Steel","Reflex"],"picked":"Bouncing Flask","floor":14.0},{"not_picked":["Venomology","A Thousand Cuts"],"picked":"After Image","floor":16.0},{"not_picked":["Bane","Acrobatics+1","Deflect"],"picked":"SKIP","floor":18.0},{"not_picked":["Dash","Backflip"],"picked":"Accuracy","floor":19.0},{"not_picked":["Flying Knee","Terror"],"picked":"Well Laid Plans","floor":20}],"player_experience":343308,"relics_obtained":[{"floor":9.0,"key":"Tiny Chest"}],"event_choices":[{"damage_healed":0.0,"max_hp_gain":0.0,"max_hp_loss":0.0,"gold_gain":75.0,"event_name":"World of Goop","player_choice":"Gather Gold","floor":11.0,"gold_loss":0.0,"damage_taken":11.0},{"cards_removed":["Strike_G"],"damage_healed":0.0,"max_hp_gain":0.0,"max_hp_loss":0.0,"gold_gain":0.0,"event_name":"Golden Wing","player_choice":"Card Removal","floor":12.0,"gold_loss":0.0,"damage_taken":7.0}],"is_beta":false,"boss_relics":[{"not_picked":["Astrolabe","SlaversCollar"],"picked":"Pandora\u0027s Box"}],"items_purged_floors":[7,13],"is_endless":false,"potions_floor_spawned":[4,5,19],"killed_by":"Sentry and Sphere","ascension_level":15}}