{"host":"vyiqbz5w606ur92t","time":1612143176,"event":{"mods":["BaseMod","Downfall","Minty Spire (QoL Compilation)","StSLib"],"gold_per_floor":[99,109,125,125,135,170,170,170,189,189,29,48,77,62,75,75,75,75],"floor_reached":16,"language":"ENG","playtime":1222,"items_purged":[],"score":129,"play_id":"d1be1ae1-5a83-4f51-be73-84c40565954f","local_time":"20210201013256","is_ascension_mode":true,"campfire_choices":[{"data":"bronze:InfiniteLoop","floor":1,"key":"SMITH"}],"circlet_count":0,"master_deck":["bronze:Strike","bronze:Strike","bronze:Strike","bronze:Strike+1","bronze:Defend+1","bronze:Defend+1","bronze:Defend","bronze:Defend","bronze:Replicate","bronze:Goto","bronze:InfiniteLoop+1","bronze:Allocate","bronze:Separator","bronze:InfiniteBeams","downfall:Malfunctioning","bronze:ForceShield","bronze:Turbo","bronze:BuggyMess","bronze:Turbo","bronze:Philosophize"],"relics":["bronze:BronzeCore","Mercury Hourglass","Ice Cream","OrangePellets","Regal Pillow"],"acts_visited":["Exordium"],"potions_floor_usage":[15,15,16],"damage_taken":[{"damage":5,"enemies":"2 Louse","floor":2,"turns":3},{"damage":8,"enemies":"Jaw Worm","floor":3,"turns":4},{"damage":0,"enemies":"Small Slimes","floor":5,"turns":2},{"damage":15,"enemies":"3 Sentries","floor":6,"turns":5},{"damage":7,"enemies":"Red Slaver","floor":9,"turns":3},{"damage":0,"enemies":"downfall:FleeingMerchant","floor":11,"turns":4},{"damage":17,"enemies":"Exordium Wildlife","floor":12,"turns":4},{"damage":15,"enemies":"Lagavulin","floor":13,"turns":4},{"damage":15,"enemies":"downfall:FleeingMerchant","floor":14,"turns":4},{"damage":16,"enemies":"Exordium Thugs","floor":15,"turns":4},{"damage":17,"enemies":"DF_ARCHETYPE_STREAMLINE","floor":16,"turns":5}],"seed_played":"827321243163478902","potions_obtained":[{"floor":2,"key":"LiquidBronze"},{"floor":12,"key":"sneckomod:MuddlingPotion"},{"floor":13,"key":"FearPotion"}],"is_trial":false,"path_per_floor":["R","M","M","?","M","E","T","?","M","?","$","M","E","$","M","B"],"character_chosen":"THE_AUTOMATON","items_purchased":["OrangePellets"],"campfire_rested":0,"item_purchase_floors":[11],"current_hp_per_floor":[63,58,50,55,55,40,40,40,33,78,78,61,46,31,15,0,0,0],"gold":75,"neow_bonus":"THREE_RARE_CARDS","is_daily":false,"chose_seed":false,"campfire_upgraded":1,"win_rate":0.0,"timestamp":1612143176,"path_taken":["R","M","M","?","M","E","T","?","M","?","$","M","E","$","M","BOSS"],"items_purchased_type":["Relic"],"build_version":"2020-12-22","purchased_purges":0,"victory":false,"max_hp_per_floor":[63,63,63,68,68,68,68,68,68,78,78,78,78,78,78,78,78,78],"card_choices":[{"not_picked":["bronze:FindAndReplace","bronze:Virus"],"picked":"bronze:InfiniteLoop","floor":0},{"not_picked":["bronze:Optimize","bronze:BitShift"],"picked":"bronze:Allocate","floor":2},{"not_picked":["bronze:WhirlingStrike","bronze:WildBeam"],"picked":"bronze:Separator","floor":3},{"not_picked":["bronze:Overheat","bronze:WhirlingStrike"],"picked":"bronze:InfiniteBeams","floor":5},{"not_picked":["bronze:SpaghettiCode","bronze:WildBeam"],"picked":"bronze:Break","floor":6},{"not_picked":["bronze:GetLatest","bronze:Philosophize"],"picked":"bronze:ForceShield","floor":9},{"not_picked":["bronze:Repair","bronze:Backtrace","bronze:Branch"],"picked":"SKIP","floor":11},{"not_picked":["bronze:FineTuning","bronze:WhirlingStrike"],"picked":"bronze:Turbo","floor":12},{"not_picked":["bronze:FollowUp","bronze:Repair"],"picked":"bronze:BuggyMess","floor":13},{"not_picked":["bronze:BuggyMess","bronze:DelayedGuard"],"picked":"bronze:Turbo","floor":14},{"not_picked":["bronze:FollowUp","bronze:ChildClass"],"picked":"bronze:Philosophize","floor":15}],"player_experience":1325912,"relics_obtained":[{"floor":6,"key":"Mercury Hourglass"},{"floor":7,"key":"Ice Cream"},{"floor":13,"key":"Regal Pillow"}],"event_choices":[{"damage_healed":0,"gold_gain":0,"player_choice":"Donut","damage_taken":0,"max_hp_gain":5,"max_hp_loss":0,"event_name":"Big Fish","floor":4,"gold_loss":0},{"cards_removed":["bronze:Break"],"damage_healed":35,"gold_gain":0,"player_choice":"Offered Rare","damage_taken":0,"max_hp_gain":10,"max_hp_loss":0,"event_name":"Bonfire Elementals","floor":10,"gold_loss":0}],"is_beta":false,"boss_relics":[],"items_purged_floors":[],"is_endless":false,"potions_floor_spawned":[2,12,13],"killed_by":"DF_ARCHETYPE_STREAMLINE","ascension_level":3}}