{"host":"8j9942ssdstg70ua","time":1612206461,"event":{"mods":["BaseMod","Colored Map","Downfall","Minty Spire (QoL Compilation)","Relic Sorter","StSLib"],"gold_per_floor":[99,110,125,145,145,145,195,195,195,214,232,232,232,102,114,218,218,218,218,47,66,66,92,92,103,3,14,14,214,114,125,143,143,143,143],"floor_reached":33,"language":"ENG","playtime":2414,"items_purged":["sneckomod:Strike"],"score":257,"play_id":"2c90bd90-8ce3-4525-ac48-56601007963e","local_time":"20210201110741","is_ascension_mode":false,"campfire_choices":[{"data":"sneckomod:WideSting","floor":13,"key":"SMITH"},{"floor":18,"key":"RECALL"},{"floor":26,"key":"REST"},{"floor":28,"key":"REST"},{"data":"sneckomod:Mudshield","floor":30,"key":"SMITH"}],"circlet_count":0,"master_deck":["sneckomod:Strike","sneckomod:Defend","sneckomod:Defend","sneckomod:Defend","sneckomod:TailWhip","sneckomod:SnekBite","bronze:ClassDefault","sneckomod:WideSting+1","sneckomod:QuickMove+1","sneckomod:RainOfDice","bronze:ShipIt+1","sneckomod:Unknown1Cost","sneckomod:DiceBoulder","sneckomod:UnknownDraw","bronze:Flail","sneckomod:Nope","sneckomod:RainOfDice+1","sneckomod:UnendingSupply","sneckomod:TrashToTreasure","sneckomod:Mudshield+1","bronze:HyperBeam","sneckomod:IronFang+1","downfall:Haunted","bronze:SpaghettiCode","sneckomod:DiceBlock+1"],"relics":["sneckomod:SuperSneckoSoul","Blue Candle","Lantern","Nilry\u0027s Codex","Pen Nib","Pantograph","downfall:HeartBlessingGreen","downfall:HeartBlessingRed"],"acts_visited":["Exordium","TheCity"],"potions_floor_usage":[14,16,21,32,32],"damage_taken":[{"damage":0,"enemies":"2 Louse","floor":2,"turns":2},{"damage":3,"enemies":"Jaw Worm","floor":3,"turns":3},{"damage":0,"enemies":"Cultist","floor":4,"turns":4},{"damage":2,"enemies":"Blue Slaver","floor":10,"turns":3},{"damage":16,"enemies":"2 Fungi Beasts","floor":11,"turns":4},{"damage":0,"enemies":"downfall:FleeingMerchant","floor":14,"turns":4},{"damage":7,"enemies":"Exordium Thugs","floor":15,"turns":4},{"damage":51,"enemies":"IC_STATUS_ARCHETYPE","floor":16,"turns":9},{"damage":0,"enemies":"Chosen","floor":19,"turns":1},{"damage":10,"enemies":"downfall:FleeingMerchant","floor":20,"turns":4},{"damage":5,"enemies":"3 Cultists","floor":21,"turns":3},{"damage":29,"enemies":"Gremlin Leader","floor":23,"turns":7},{"damage":20,"enemies":"Centurion and Healer","floor":25,"turns":6},{"damage":30,"enemies":"Snecko","floor":27,"turns":4},{"damage":17,"enemies":"3 Cultists","floor":31,"turns":4},{"damage":23,"enemies":"Sentry and Sphere","floor":32,"turns":7},{"damage":55,"enemies":"DF_ARCHETYPE_CLAW","floor":33,"turns":5}],"seed_played":"861881880216023595","potions_obtained":[{"floor":4,"key":"champ:CounterPotion"},{"floor":9,"key":"Swift Potion"},{"floor":9,"key":"DistilledChaos"},{"floor":10,"key":"SkillPotion"},{"floor":15,"key":"Ancient Potion"},{"floor":25,"key":"PowerPotion"},{"floor":27,"key":"Slimebound:ThreeZeroPotion"},{"floor":31,"key":"GamblersBrew"}],"is_trial":false,"path_per_floor":["R","M","M","M","?","?","T","R","?","M","M","?","R","$","M","B",null,"R","M","$","M","?","E","T","M","R","M","R","?","R","M","M","B"],"character_chosen":"THE_SNECKO","items_purchased":["sneckomod:DiceBoulder","Lantern"],"campfire_rested":2,"item_purchase_floors":[14,20],"current_hp_per_floor":[99,99,96,96,91,91,91,91,91,89,73,73,73,80,73,22,99,99,99,89,89,73,44,44,24,53,23,52,52,52,35,12,0,0,0],"gold":143,"neow_bonus":"TEN_PERCENT_HP_BONUS","is_daily":false,"chose_seed":false,"campfire_upgraded":2,"win_rate":0.0,"timestamp":1612206461,"path_taken":["R","M","M","M","?","?","T","R","?","M","?","?","R","$","M","BOSS","R","M","$","M","?","E","T","M","R","M","R","?","R","M","M","BOSS"],"items_purchased_type":["Card","Relic"],"build_version":"2020-12-22","purchased_purges":1,"victory":false,"max_hp_per_floor":[99,99,99,99,99,99,99,99,99,99,99,99,99,99,99,99,99,99,99,99,99,99,99,99,99,99,99,99,99,99,99,99,99,99,99],"card_choices":[{"not_picked":["sneckomod:QuickBite","sneckomod:Unknown1Cost"],"picked":"sneckomod:WideSting","floor":2},{"not_picked":["sneckomod:TrashToTreasure","sneckomod:UnknownCommonAttack"],"picked":"sneckomod:QuickMove","floor":3},{"not_picked":["sneckomod:SoulRoll","sneckomod:WideSting"],"picked":"sneckomod:RainOfDice","floor":4},{"not_picked":["sneckomod:DefensiveFlair","sneckomod:UnendingSupply"],"picked":"sneckomod:UnknownUncommonAttack","floor":10},{"not_picked":["sneckomod:UnknownCommonAttack","sneckomod:SoulRoll"],"picked":"sneckomod:Unknown1Cost","floor":11},{"not_picked":["sneckomod:ImprovisedGuard","sneckomod:SnakeSap"],"picked":"sneckomod:UnknownRareAttack","floor":14},{"not_picked":["sneckomod:MasterEye","sneckomod:SnekBeam"],"picked":"sneckomod:UnknownDraw","floor":15},{"not_picked":["sneckomod:DangerNoodle","sneckomod:UnknownRarePower"],"picked":"sneckomod:UnknownRareSkill","floor":16},{"not_picked":["sneckomod:ImprovisedAttack","sneckomod:UnknownDraw"],"picked":"sneckomod:Nope","floor":19},{"not_picked":["sneckomod:ImprovisedAttack+1","sneckomod:QuickMove+1"],"picked":"sneckomod:RainOfDice+1","floor":20},{"not_picked":["sneckomod:DiceCrush","sneckomod:UnknownCommonAttack"],"picked":"sneckomod:UnendingSupply","floor":21},{"not_picked":["sneckomod:WideSting","sneckomod:UnknownCommonAttack"],"picked":"sneckomod:TrashToTreasure","floor":23},{"not_picked":["sneckomod:UnknownWeak","sneckomod:UnknownClassTHE_BRONZE_AUTOMATON"],"picked":"sneckomod:Mudshield","floor":25},{"not_picked":["sneckomod:UnknownCommonAttack","sneckomod:DiceBlock"],"picked":"sneckomod:IronFang+1","floor":27},{"not_picked":["sneckomod:Nope","sneckomod:WideSting","sneckomod:Unknown2Cost"],"picked":"SKIP","floor":31},{"not_picked":["sneckomod:UnknownClassTHE_CHAMP_GRAY","sneckomod:Unknown1Cost+1"],"picked":"sneckomod:DiceBlock+1","floor":32}],"player_experience":35696,"relics_obtained":[{"floor":7,"key":"War Paint"},{"floor":22,"key":"Nilry\u0027s Codex"},{"floor":23,"key":"Pen Nib"},{"floor":24,"key":"Pantograph"}],"event_choices":[{"cards_removed":["sneckomod:Strike"],"damage_healed":0,"gold_gain":0,"player_choice":"Card Removal","damage_taken":0,"max_hp_gain":0,"max_hp_loss":0,"event_name":"The Cleric","floor":12,"gold_loss":0}],"is_beta":false,"boss_relics":[{"not_picked":["Coffee Dripper","Black Star"],"picked":"sneckomod:SuperSneckoSoul"}],"items_purged_floors":[14],"is_endless":false,"potions_floor_spawned":[4,10,15,25,27,31],"killed_by":"DF_ARCHETYPE_CLAW","ascension_level":0}}