{"host":"0uumfqrc8aynrssa","time":1612208946,"event":{"mods":["AchievementEnabler","Act Like it!","Aspiration","Astrologer","BaseMod","Better Altar","Better Match","Better Note","Better Sensory Stone","Better Skull","Better Third Choice","Better Vampires","CapriCore","Colored Map","Colored Powertips","Conspire","Downfall","Energized Spire","Friendly Minions","Gensokyo","GifTheSpireLib","Hallownest","Hermit","Highlight Path","Hubris","Infinite Spire","Koishi","Marisa????????","Marked Mod","Minty Spire (QoL Compilation)","Pale of the Ancients","Permanent Neow","Potionbrewer","Random Character Button","Rare Cards Sparkle","Reimu??????","Relic Sorter","Reliquary","Remilia??????","Robot Space Explorer","Shop Mod","Somnambulant","Spicy Shops","Spikes Relics","Spire Arcade","StSLib","Stuff the Spire","The Animator","The Awakened One except there are too many feathers","The Bug Knight","The Cursed","The Hierophant","The Immortal","The Marked","The Problem Sleuth","The Runesmith","The Servant 0.9.4","TheBandit","TheFirefly","Trackpad","Wandering Minibosses","everything is the same but u backflip on backflip","slay the spire mod where everything is the same but ironclad has a cowboy hat"],"gold_per_floor":[115,115,115,130,63,98,23,48,130,130,147,213,224,234,234,339,339,355,405,455,455,466,466,485,485,509,509,524,538,588,53,53,158,158,169,21,40,40,40],"floor_reached":38,"language":"ENG","playtime":3151,"items_purged":["Strike_B","Strike_B","Stack"],"score":484,"play_id":"d0f4b310-e3e1-4a39-8c96-2b1f256a0694","local_time":"20210201144906","is_ascension_mode":true,"campfire_choices":[{"floor":10,"key":"REST"},{"floor":15,"key":"REST"},{"data":"Fusion","floor":23,"key":"SMITH"},{"data":"Defend_B","floor":25,"key":"SMITH"},{"data":"Defend_B","floor":27,"key":"SMITH"},{"data":"Defend_B","floor":32,"key":"SMITH"}],"circlet_count":0,"master_deck":["Defend_B+1","Defend_B+1","Defend_B+1","Defend_B","Dualcast","Gash","Cold Snap+1","BootSequence+1","StuffTheSpire:NuclearReactor+1","Capacitor","Ball Lightning","White Noise","Redo","Fusion+1","Rebound","infinitespire:Fortify","Gash","Gash","Rebound+1","Sweeping Beam","hubris:PowerSurge","Sweeping Beam"],"relics":["SsserpentHead","NeowsBlessing","hubris:BottledHeart","Vajra","StuffTheSpire:Rhapsscallions","hubris:Backtick","reliquary:ShortFuse","Orichalcum","energizedSpire:NeverEndingSparkler","War Paint","Boot","HandDrill","theSleuth:MegatonKey"],"acts_visited":["Exordium","TheCity","TheBeyond"],"potions_floor_usage":[8,14,16,16,33,33,33,38],"damage_taken":[{"damage":0,"enemies":"Jaw Worm","floor":1,"turns":1},{"damage":0,"enemies":"Cultist","floor":4,"turns":1},{"damage":0,"enemies":"Lagavulin","floor":6,"turns":1},{"damage":67,"enemies":"Gremlin Nob","floor":8,"turns":6},{"damage":3,"enemies":"2 Louse","floor":11,"turns":4},{"damage":11,"enemies":"Exordium Wildlife","floor":12,"turns":5},{"damage":6,"enemies":"Large Slime","floor":13,"turns":6},{"damage":0,"enemies":"2 Fungi Beasts","floor":14,"turns":3},{"damage":16,"enemies":"Slime Boss","floor":16,"turns":9},{"damage":17,"enemies":"Shell Parasite","floor":18,"turns":9},{"damage":0,"enemies":"conspire:FuzzyDice","floor":22,"turns":9},{"damage":0,"enemies":"Snake Plant","floor":24,"turns":7},{"damage":0,"enemies":"Snecko","floor":28,"turns":6},{"damage":0,"enemies":"3 Cultists","floor":29,"turns":7},{"damage":0,"enemies":"Champ","floor":33,"turns":14},{"damage":0,"enemies":"3 Darklings","floor":35,"turns":6},{"damage":0,"enemies":"3 Shapes","floor":37,"turns":4},{"damage":5,"enemies":"Spire Growth","floor":38,"turns":5}],"seed_played":"-8554107082172912800","potions_obtained":[{"floor":6,"key":"PowerPotion"},{"floor":11,"key":"Weak Potion"},{"floor":12,"key":"potionbrewer:BlacksmithPotion"},{"floor":14,"key":"Slimebound:ThreeZeroPotion"},{"floor":29,"key":"Weak Potion"},{"floor":37,"key":"SkillPotion"}],"is_trial":false,"path_per_floor":["M","?","?","M","$","E","$","E","T","R","M","M","M","M","R","B",null,"M","?","?","AVR","M","R","M","R","T","R","M","M","?","$","R","B",null,"M","$","M","M"],"character_chosen":"DEFECT","items_purchased":["BootSequence","hubris:PowerSurge","Boot","HandDrill","potionbrewer:BarricadePotion","Sweeping Beam"],"campfire_rested":2,"item_purchase_floors":[5,31,31,31,31,36],"current_hp_per_floor":[75,75,75,75,75,75,75,8,12,35,32,21,15,15,38,22,79,62,62,1,1,1,1,1,1,1,1,1,1,1,1,1,1,1,1,1,1,0,0],"gold":40,"neow_bonus":"THREE_ENEMY_KILL","is_daily":false,"chose_seed":false,"campfire_upgraded":4,"win_rate":0.0,"timestamp":1612208946,"path_taken":["M","?","?","M","$","E","$","E","T","R","M","?","M","M","R","BOSS","M","?","?","AVR","M","R","M","R","T","R","M","M","?","$","R","BOSS","M","$","M","M"],"items_purchased_type":["Card","Card","Relic","Relic","Potion","Card"],"build_version":"2020-12-22","purchased_purges":3,"victory":false,"max_hp_per_floor":[75,75,75,75,75,75,75,75,79,79,79,79,79,79,79,79,79,79,79,1,1,1,1,1,1,1,1,1,1,1,1,1,1,1,1,1,1,1,1],"card_choices":[{"not_picked":["Stack","Compile Driver"],"picked":"Gash","floor":1},{"not_picked":["Stack","Leap"],"picked":"Cold Snap","floor":4},{"not_picked":["Beam Cell","Multi-Cast"],"picked":"StuffTheSpire:NuclearReactor","floor":6},{"not_picked":["hubris:Ukulele","Beam Cell"],"picked":"Capacitor","floor":8},{"not_picked":["Chaos","Stack"],"picked":"Ball Lightning","floor":11},{"not_picked":["Cold Snap","Rebound"],"picked":"White Noise","floor":12},{"not_picked":["Conserve Battery","Stack"],"picked":"Redo","floor":13},{"not_picked":["Sweeping Beam","Compile Driver"],"picked":"Fusion","floor":14},{"not_picked":["conspire:SharedLibrary","Compile Driver"],"picked":"Rebound","floor":18},{"not_picked":["Scrape+1","Genetic Algorithm"],"picked":"Gash","floor":22},{"not_picked":["Melter+1","DiskWipe"],"picked":"Gash","floor":24},{"not_picked":["Leap","conspire:Rain"],"picked":"Rebound+1","floor":28},{"not_picked":["Undo+1","Steam","Go for the Eyes"],"picked":"SKIP","floor":29},{"not_picked":["Sunder","Streamline+1","Chaos"],"picked":"SKIP","floor":35},{"not_picked":["Beam Cell+1","Rip and Tear","Rebound"],"picked":"SKIP","floor":37}],"player_experience":968247,"relics_obtained":[{"floor":6,"key":"aspiration:TomeofQuesting"},{"floor":8,"key":"Vajra"},{"floor":9,"key":"StuffTheSpire:Rhapsscallions"},{"floor":26,"key":"War Paint"}],"event_choices":[{"damage_healed":0,"gold_gain":0,"player_choice":"Trade","damage_taken":0,"relics_obtained":["SsserpentHead"],"max_hp_gain":0,"max_hp_loss":0,"event_name":"FaceTrader","floor":3,"gold_loss":0},{"cards_removed":["Gash"],"damage_healed":0,"gold_gain":0,"player_choice":"Give","damage_taken":0,"max_hp_gain":0,"max_hp_loss":0,"event_name":"betterNote:BetterNote","floor":19,"gold_loss":0,"cards_obtained":["Strike_G"]},{"damage_healed":0,"gold_gain":0,"cards_transformed":["Strike_B","Zap"],"player_choice":"Became Test Subject","damage_taken":0,"max_hp_gain":0,"max_hp_loss":0,"event_name":"Drug Dealer","floor":30,"gold_loss":0,"cards_obtained":["Sweeping Beam","Stack"]}],"is_beta":false,"boss_relics":[{"not_picked":["Runesmith:UraniumAnvil","aspiration:SecretTechniqueScroll"],"picked":"hubris:Backtick"},{"not_picked":["reliquary:KinkedSpring","Tiny House"],"picked":"theSleuth:MegatonKey"}],"items_purged_floors":[7,21,36],"is_endless":false,"potions_floor_spawned":[6,11,12,14,29,37],"killed_by":"Spire Growth","ascension_level":1}}