{"host":"r4aerl4ckfvw1dw3","time":1612217534,"event":{"mods":["BaseMod","BetterRewards","Minty Spire (QoL Compilation)","Quick Restart","StSLib"],"gold_per_floor":[116,13,33,51,126,126,156,156,233,233,250,250,315,327,327,425,425,437,48,48,48,48],"floor_reached":21,"language":"ENG","playtime":3789,"items_purged":[],"score":248,"play_id":"89365d81-0740-45d9-838d-92135aa93660","local_time":"20210201141214","is_ascension_mode":true,"campfire_choices":[{"floor":6,"key":"RECALL"},{"floor":8,"key":"REST"},{"floor":12,"key":"REST"},{"floor":15,"key":"REST"}],"circlet_count":0,"master_deck":["Strike_G","Strike_G","Strike_G","Strike_G","Defend_G","Defend_G","Defend_G","Defend_G","Survivor","Neutralize","Sucker Punch","Underhanded Strike","Cloak And Dagger","Deflect","Noxious Fumes","Phantasmal Killer","Choke+1","Cloak And Dagger+1","Prepared+1","Dodge and Roll+1","Footwork","Dagger Spray"],"relics":["SlaversCollar","Tiny Chest","Orichalcum","Astrolabe","The Specimen","GremlinMask"],"acts_visited":["Exordium","TheCity"],"potions_floor_usage":[2,16],"damage_taken":[{"damage":2,"enemies":"2 Louse","floor":1,"turns":3},{"damage":1,"enemies":"Small Slimes","floor":3,"turns":4},{"damage":0,"enemies":"Cultist","floor":4,"turns":3},{"damage":41,"enemies":"3 Sentries","floor":7,"turns":15},{"damage":3,"enemies":"2 Fungi Beasts","floor":11,"turns":4},{"damage":0,"enemies":"Looter","floor":14,"turns":4},{"damage":54,"enemies":"The Guardian","floor":16,"turns":16},{"damage":38,"enemies":"Shell Parasite","floor":18,"turns":9},{"damage":0,"enemies":"3 Byrds","floor":21,"turns":1}],"seed_played":"2620458699018163717","potions_obtained":[{"floor":1,"key":"SteroidPotion"},{"floor":14,"key":"Explosive Potion"}],"is_trial":false,"path_per_floor":["M","$","M","M","?","R","E","R","T","?","M","R","?","M","R","B",null,"M","$","?","M"],"character_chosen":"THE_SILENT","items_purchased":["Fruit Juice","The Specimen","Footwork","Dagger Spray"],"campfire_rested":3,"item_purchase_floors":[2,19,19,19],"current_hp_per_floor":[61,66,65,65,54,54,13,35,35,28,25,47,47,47,69,15,60,22,22,22,22,22],"gold":48,"neow_bonus":"BOSS_RELIC","is_daily":false,"chose_seed":false,"campfire_upgraded":0,"win_rate":0.0,"timestamp":1612217534,"path_taken":["M","$","M","M","?","R","E","R","T","?","M","R","?","M","R","BOSS","M","$","?","M"],"items_purchased_type":["Potion","Relic","Card","Card"],"build_version":"2020-12-22","purchased_purges":0,"victory":false,"max_hp_per_floor":[70,75,75,75,75,75,75,75,75,75,75,75,75,75,75,75,75,75,75,75,75,75],"card_choices":[{"not_picked":["Predator","Dodge and Roll"],"picked":"Sucker Punch","floor":1},{"not_picked":["Deflect","Sucker Punch"],"picked":"Underhanded Strike","floor":3},{"not_picked":["Caltrops","Deadly Poison"],"picked":"Cloak And Dagger","floor":4},{"not_picked":["Quick Slash","Flying Knee"],"picked":"Deflect","floor":7},{"not_picked":["Predator","Skewer"],"picked":"Noxious Fumes","floor":11},{"not_picked":["Dagger Spray","Tactician"],"picked":"PiercingWail","floor":14},{"not_picked":["Doppelganger","Storm of Steel"],"picked":"Phantasmal Killer","floor":16},{"not_picked":["PiercingWail","Accuracy"],"picked":"Dodge and Roll+1","floor":18}],"player_experience":460595,"relics_obtained":[{"floor":7,"key":"Tiny Chest"}],"event_choices":[{"damage_healed":0,"gold_gain":75,"player_choice":"Gather Gold","damage_taken":11,"max_hp_gain":0,"max_hp_loss":0,"event_name":"World of Goop","floor":5,"gold_loss":0},{"damage_healed":0,"gold_gain":0,"player_choice":"Success","damage_taken":7,"relics_obtained":["Orichalcum"],"max_hp_gain":0,"max_hp_loss":0,"event_name":"Scrap Ooze","floor":10,"gold_loss":0},{"damage_healed":0,"gold_gain":65,"player_choice":"Gained Gold","damage_taken":0,"max_hp_gain":0,"max_hp_loss":0,"event_name":"Golden Wing","floor":13,"gold_loss":0},{"damage_healed":0,"gold_gain":0,"player_choice":"Trade","damage_taken":0,"relics_obtained":["GremlinMask"],"max_hp_gain":0,"max_hp_loss":0,"event_name":"FaceTrader","floor":20,"gold_loss":0}],"is_beta":false,"boss_relics":[{"not_picked":["Runic Dome","Pandora\u0027s Box"],"picked":"Astrolabe"}],"items_purged_floors":[],"is_endless":false,"potions_floor_spawned":[1,14],"killed_by":"3 Byrds","ascension_level":8}}