{"host":"BaronFel","time":1612223159,"event":{"mods":["BaseMod","Filter the Spire","Highlight Path","Minty Spire (QoL Compilation)","Relic Stats","ojb\u0027s Info Mod"],"gold_per_floor":[214,214,228,36,49,49,66,66,91,122,87,121,131,150,150,224,224,239,239,254,274,28,28,57,57,81,81,115,115,115,145,145,218,218,230,275,28,0,0,0,16,42,42,77,102,119,19,31,31,31,31,31,31,31,58,58,58],"floor_reached":56,"language":"ENG","playtime":6167,"items_purged":["Strike_G","Strike_G"],"score":1992,"play_id":"d029cc2e-2c8f-47b9-826a-21fd516b3da8","local_time":"20210201174559","is_ascension_mode":true,"campfire_choices":[{"data":"Slice","floor":6.0,"key":"SMITH"},{"data":"Flechettes","floor":8.0,"key":"SMITH"},{"data":"Deadly Poison","floor":15.0,"key":"SMITH"},{"data":"Leg Sweep","floor":23.0,"key":"SMITH"},{"data":"Corpse Explosion","floor":25.0,"key":"SMITH"},{"data":"Tactician","floor":27.0,"key":"SMITH"},{"data":"Well Laid Plans","floor":32.0,"key":"SMITH"},{"data":"Crippling Poison","floor":40.0,"key":"SMITH"},{"floor":49.0,"key":"RECALL"},{"data":"Footwork","floor":53.0,"key":"SMITH"}],"circlet_count":0,"master_deck":["AscendersBane","Strike_G","Strike_G","Defend_G","Defend_G","Defend_G","Defend_G","Defend_G","Survivor","Neutralize","Catalyst+1","Dagger Throw","Slice+1","Backflip","Flechettes+1","Backflip","Deadly Poison+1","Leg Sweep+1","Dagger Throw","Corpse Explosion+1","Tactician+1","Quick Slash+1","Backstab+1","Well Laid Plans+1","Acrobatics","After Image","Malaise","Venomology","Crippling Poison+1","Acrobatics+1","Footwork+1","Deadly Poison","Deadly Poison+1","Adrenaline"],"relics":["Ring of the Snake","Oddly Smooth Stone","Bag of Marbles","Happy Flower","Centennial Puzzle","Coffee Dripper","Bag of Preparation","Ancient Tea Set","Boot","Art of War","Runic Dome","Lizard Tail","Orrery","Red Mask","Lantern","HornCleat","Du-Vu Doll","Pen Nib"],"acts_visited":["Exordium","TheCity","TheBeyond","TheEnding"],"potions_floor_usage":[55,56,56,56],"damage_taken":[{"damage":6.0,"enemies":"Jaw Worm","floor":1.0,"turns":7.0},{"damage":4.0,"enemies":"Cultist","floor":3.0,"turns":5.0},{"damage":6.0,"enemies":"Small Slimes","floor":5.0,"turns":4.0},{"damage":1.0,"enemies":"Blue Slaver","floor":7.0,"turns":6.0},{"damage":15.0,"enemies":"Gremlin Nob","floor":10.0,"turns":4.0},{"damage":8.0,"enemies":"Lagavulin","floor":12.0,"turns":5.0},{"damage":0.0,"enemies":"3 Louse","floor":13.0,"turns":2.0},{"damage":0.0,"enemies":"Large Slime","floor":14.0,"turns":6.0},{"damage":9.0,"enemies":"The Guardian","floor":16.0,"turns":11.0},{"damage":1.0,"enemies":"Chosen","floor":18.0,"turns":5.0},{"damage":0.0,"enemies":"3 Byrds","floor":20.0,"turns":1.0},{"damage":1.0,"enemies":"Snecko","floor":21.0,"turns":3.0},{"damage":12.0,"enemies":"Gremlin Leader","floor":24.0,"turns":4.0},{"damage":9.0,"enemies":"Book of Stabbing","floor":28.0,"turns":3.0},{"damage":0.0,"enemies":"Slavers","floor":31.0,"turns":1.0},{"damage":20.0,"enemies":"Collector","floor":33.0,"turns":5.0},{"damage":0.0,"enemies":"Orb Walker","floor":35.0,"turns":2.0},{"damage":0.0,"enemies":"2 Orb Walkers","floor":36.0,"turns":1.0},{"damage":0.0,"enemies":"3 Shapes","floor":41.0,"turns":2.0},{"damage":8.0,"enemies":"Giant Head","floor":42.0,"turns":7.0},{"damage":15.0,"enemies":"Reptomancer","floor":44.0,"turns":6.0},{"damage":0.0,"enemies":"Mind Bloom Boss Battle","floor":45.0,"turns":3.0},{"damage":0.0,"enemies":"Spire Growth","floor":46.0,"turns":3.0},{"damage":0.0,"enemies":"4 Shapes","floor":48.0,"turns":4.0},{"damage":13.0,"enemies":"Awakened One","floor":50.0,"turns":14.0},{"damage":30.0,"enemies":"Time Eater","floor":51.0,"turns":10.0},{"damage":11,"enemies":"Shield and Spear","floor":55,"turns":5},{"damage":55,"enemies":"The Heart","floor":56,"turns":8}],"seed_played":"-3199942499207084730","potions_obtained":[{"floor":1.0,"key":"CunningPotion"},{"floor":3.0,"key":"Explosive Potion"},{"floor":12.0,"key":"EssenceOfSteel"},{"floor":16.0,"key":"SteroidPotion"},{"floor":18.0,"key":"Poison Potion"},{"floor":28.0,"key":"Fire Potion"},{"floor":31.0,"key":"ColorlessPotion"},{"floor":41.0,"key":"PowerPotion"},{"floor":42.0,"key":"Weak Potion"},{"floor":55,"key":"PowerPotion"}],"is_trial":false,"path_per_floor":["M","?","M","$","M","R","M","R","T","E","?","E","M","M","R","B",null,"M","?","M","M","$","R","E","R","T","R","E","?","?","E","R","B",null,"M","?","$","?","?","R","M","E","T","E","?","M","$","M","R","B","B",null,"R","$","E","B"],"character_chosen":"THE_SILENT","items_purchased":["Oddly Smooth Stone","Slice","Bag of Preparation","Orrery","Crippling Poison"],"campfire_rested":0,"item_purchase_floors":[4,4,22,37,37],"current_hp_per_floor":[53,53,49,49,43,43,42,42,42,27,43,35,35,35,35,26,56,55,55,55,54,54,54,42,42,42,42,33,46,46,46,46,26,56,56,56,56,56,56,56,56,48,48,33,33,33,33,33,33,20,31,55,55,55,44,0,0],"gold":58,"neow_bonus":"HUNDRED_GOLD","is_daily":false,"chose_seed":false,"campfire_upgraded":9,"win_rate":0.0,"timestamp":1612223159,"path_taken":["M","?","M","$","M","R","?","R","T","E","?","E","M","M","R","BOSS","M","?","?","M","$","R","E","R","T","R","E","?","?","E","R","BOSS","M","?","$","?","?","R","M","E","T","E","?","M","?","?","R","BOSS","BOSS","R","$","E","BOSS"],"items_purchased_type":["Relic","Card","Relic","Relic","Card"],"build_version":"2020-12-18","purchased_purges":2,"victory":false,"max_hp_per_floor":[66,66,66,66,66,66,66,66,66,66,66,66,66,66,66,66,66,66,66,66,66,66,66,66,66,66,66,66,66,66,66,66,66,66,66,66,66,66,63,63,63,63,63,63,63,63,63,63,63,63,63,63,63,63,63,63,63],"relic_stats":{"Centennial Puzzle":[36],"Lizard Tail":31,"Happy Flower":[37],"counters":[28,137],"Pen Nib":[0],"Bag of Preparation":[32],"Art of War":[19],"Boot":[20],"obtain_stats":[{"Lantern":42,"Happy Flower":10,"Oddly Smooth Stone":4,"Pen Nib":55,"Bag of Preparation":22,"Ancient Tea Set":24,"Boot":28,"Du-Vu Doll":45,"Runic Dome":34,"Centennial Puzzle":12,"Lizard Tail":36,"HornCleat":43,"Orrery":37,"Bag of Marbles":9,"Coffee Dripper":17,"Art of War":31,"Red Mask":38,"Ring of the Snake":0},{"Lantern":20,"Happy Flower":5,"Oddly Smooth Stone":2,"Pen Nib":27,"Bag of Preparation":12,"Ancient Tea Set":13,"Boot":14,"Du-Vu Doll":22,"Runic Dome":16,"Centennial Puzzle":6,"Lizard Tail":18,"HornCleat":20,"Orrery":18,"Bag of Marbles":4,"Coffee Dripper":9,"Art of War":15,"Red Mask":18,"Ring of the Snake":0},{"Lantern":84,"Happy Flower":26,"Oddly Smooth Stone":12,"Pen Nib":129,"Bag of Preparation":59,"Ancient Tea Set":63,"Boot":66,"Du-Vu Doll":93,"Runic Dome":72,"Centennial Puzzle":31,"Lizard Tail":75,"HornCleat":84,"Orrery":75,"Bag of Marbles":22,"Coffee Dripper":50,"Art of War":67,"Red Mask":75,"Ring of the Snake":0}],"Ring of the Snake":[56]},"card_choices":[{"not_picked":["Flechettes","Prepared"],"picked":"Catalyst","floor":1.0},{"not_picked":["All Out Attack","Cloak And Dagger"],"picked":"Dagger Throw","floor":3.0},{"not_picked":["Flechettes","Distraction"],"picked":"Backflip","floor":5.0},{"not_picked":["Bane","PiercingWail"],"picked":"Flechettes","floor":7.0},{"not_picked":["Choke","Blur"],"picked":"Backflip","floor":10.0},{"not_picked":["Quick Slash","Flying Knee"],"picked":"Deadly Poison","floor":12.0},{"not_picked":["Endless Agony","Bane"],"picked":"Leg Sweep","floor":13.0},{"not_picked":["Distraction","Dash"],"picked":"Dagger Throw","floor":14.0},{"not_picked":["Night Terror","Doppelganger"],"picked":"Corpse Explosion","floor":16.0},{"not_picked":["Slice","Poisoned Stab"],"picked":"Tactician","floor":18.0},{"not_picked":["Deflect","Sucker Punch"],"picked":"Quick Slash+1","floor":20.0},{"not_picked":["Underhanded Strike","Bane","Backflip"],"picked":"SKIP","floor":21.0},{"not_picked":["Terror","Sucker Punch"],"picked":"Backstab+1","floor":24.0},{"not_picked":["Wraith Form v2","Blade Dance"],"picked":"Well Laid Plans","floor":28.0},{"not_picked":["Deflect","Concentrate"],"picked":"Acrobatics","floor":31.0},{"not_picked":["Malaise","Storm of Steel"],"picked":"After Image","floor":33.0},{"not_picked":["Backflip","Dagger Throw","Setup"],"picked":"SKIP","floor":35.0},{"not_picked":["Sucker Punch","Cloak And Dagger"],"picked":"Malaise","floor":37.0},{"not_picked":["Poisoned Stab","Outmaneuver"],"picked":"Venomology","floor":37.0},{"not_picked":["Dagger Spray+1","Dodge and Roll"],"picked":"Acrobatics+1","floor":41.0},{"not_picked":["Calculated Gamble","Deflect"],"picked":"Footwork","floor":42.0},{"not_picked":["Phantasmal Killer","Terror","Flying Knee"],"picked":"SKIP","floor":44.0},{"not_picked":["Phantasmal Killer","Terror","Flying Knee"],"picked":"SKIP","floor":44.0},{"not_picked":["Flying Knee","Setup+1"],"picked":"Deadly Poison","floor":46.0},{"not_picked":["Tactician","Bane"],"picked":"Deadly Poison+1","floor":48.0},{"not_picked":["Riddle With Holes","Reflex"],"picked":"Adrenaline","floor":55}],"player_experience":1117728,"relics_obtained":[{"floor":9.0,"key":"Bag of Marbles"},{"floor":10.0,"key":"Happy Flower"},{"floor":12.0,"key":"Centennial Puzzle"},{"floor":24.0,"key":"Ancient Tea Set"},{"floor":28.0,"key":"Boot"},{"floor":31.0,"key":"Art of War"},{"floor":36.0,"key":"Lizard Tail"},{"floor":42.0,"key":"Lantern"},{"floor":43.0,"key":"HornCleat"},{"floor":45.0,"key":"Du-Vu Doll"},{"floor":55,"key":"Pen Nib"}],"event_choices":[{"cards_removed":["Strike_G"],"damage_healed":0.0,"max_hp_gain":0.0,"max_hp_loss":0.0,"gold_gain":0.0,"event_name":"Purifier","player_choice":"Purged","floor":2.0,"gold_loss":0.0,"damage_taken":0.0},{"damage_healed":16.0,"max_hp_gain":0.0,"max_hp_loss":0.0,"gold_gain":0.0,"event_name":"The Cleric","player_choice":"Healed","floor":11.0,"gold_loss":35.0,"damage_taken":0.0},{"damage_healed":0.0,"max_hp_gain":0.0,"max_hp_loss":0.0,"gold_gain":0.0,"event_name":"Upgrade Shrine","player_choice":"Upgraded","floor":19.0,"gold_loss":0.0,"damage_taken":0.0,"cards_upgraded":["Catalyst"]},{"damage_healed":13.0,"max_hp_gain":0.0,"max_hp_loss":0.0,"gold_gain":0.0,"event_name":"The Library","player_choice":"Heal","floor":29.0,"gold_loss":0.0,"damage_taken":0.0},{"damage_healed":0.0,"max_hp_gain":0.0,"max_hp_loss":0.0,"gold_gain":0.0,"event_name":"The Mausoleum","player_choice":"Ignored","floor":30.0,"gold_loss":0.0,"damage_taken":0.0},{"damage_healed":0.0,"max_hp_gain":0.0,"max_hp_loss":0.0,"gold_gain":0.0,"event_name":"Mysterious Sphere","player_choice":"Fight","floor":36.0,"gold_loss":0.0,"damage_taken":0.0},{"damage_healed":0.0,"max_hp_gain":0.0,"max_hp_loss":0.0,"gold_gain":0.0,"event_name":"Tomb of Lord Red Mask","player_choice":"Paid","floor":38.0,"gold_loss":28.0,"damage_taken":0.0,"relics_obtained":["Red Mask"]},{"damage_healed":0.0,"max_hp_gain":0.0,"max_hp_loss":3.0,"gold_gain":0.0,"event_name":"Winding Halls","player_choice":"Max HP","floor":39.0,"gold_loss":0.0,"damage_taken":0.0},{"damage_healed":0.0,"max_hp_gain":0.0,"max_hp_loss":0.0,"gold_gain":0.0,"event_name":"MindBloom","player_choice":"Fight","floor":45.0,"gold_loss":0.0,"damage_taken":0.0}],"is_beta":true,"boss_relics":[{"not_picked":["Snecko Eye","Philosopher\u0027s Stone"],"picked":"Coffee Dripper"},{"not_picked":["Busted Crown","Ring of the Serpent"],"picked":"Runic Dome"}],"items_purged_floors":[22,47],"is_endless":false,"potions_floor_spawned":[1,3,12,16,18,28,31,41,42,44,45,55],"killed_by":"The Heart","ascension_level":20}}