{"host":"bq4pt811tk9yrmjl","time":1612210867,"event":{"mods":["AchievementEnabler","BaseMod","Colored Map","Colored Powertips","Defuse TimeMaze Blight","Hermit","Minty Spire (QoL Compilation)","Smile Girya","StSLib","SuperFastMode"],"gold_per_floor":[110,110,129,204,379,414,414,45,98,117,127,143,143,153,153,254,254,265,265,280,195,195,195],"floor_reached":22,"language":"ENG","playtime":349,"items_purged":["Doubt"],"score":222,"play_id":"8fd6e227-0c4d-4acf-84c5-910dda86e784","local_time":"20210201182107","is_ascension_mode":true,"campfire_choices":[{"data":"hermit:CalledShot","floor":13,"key":"SMITH"},{"data":"hermit:Snapshot","floor":15,"key":"SMITH"}],"circlet_count":0,"master_deck":["hermit:Strike_Hermit","hermit:Strike_Hermit","hermit:Strike_Hermit","hermit:Strike_Hermit","hermit:Defend_Hermit","hermit:Defend_Hermit","hermit:Defend_Hermit","hermit:Defend_Hermit","hermit:Snapshot+1","hermit:Covet","hermit:Shortfuse","hermit:CalledShot+1","hermit:Roughhouse","hermit:Quickdraw","hermit:BodyArmor"],"relics":["hermit:Momento","NeowsBlessing","Omamori","FossilizedHelix","Velvet Choker","Girya"],"acts_visited":["Exordium","TheCity"],"potions_floor_usage":[16,16,16,16,20,20],"damage_taken":[{"damage":0.0,"enemies":"2 Louse","floor":1.0,"turns":1.0},{"damage":0.0,"enemies":"Jaw Worm","floor":3.0,"turns":1.0},{"damage":0.0,"enemies":"3 Sentries","floor":6.0,"turns":1.0},{"damage":0,"enemies":"Small Slimes","floor":10,"turns":2},{"damage":6,"enemies":"Exordium Wildlife","floor":11,"turns":4},{"damage":0,"enemies":"Looter","floor":12,"turns":3},{"damage":0,"enemies":"2 Fungi Beasts","floor":14,"turns":2},{"damage":57,"enemies":"The Guardian","floor":16,"turns":12},{"damage":0,"enemies":"Spheric Guardian","floor":18,"turns":3},{"damage":0,"enemies":"3 Byrds","floor":20,"turns":4},{"damage":23,"enemies":"Snake Plant","floor":22,"turns":5}],"seed_played":"6623768138030954592","potions_obtained":[{"floor":1.0,"key":"EssenceOfSteel"},{"floor":12,"key":"Fire Potion"},{"floor":14,"key":"Energy Potion"},{"floor":16,"key":"EntropicBrew"}],"is_trial":false,"path_per_floor":["M","$","M","?","?","E","?","$","T","M","M","M","R","M","R","B",null,"M","?","M","?","M"],"character_chosen":"HERMIT","items_purchased":["FossilizedHelix"],"campfire_rested":0,"item_purchase_floors":[8],"current_hp_per_floor":[75,75,75,64,64,64,64,64,64,64,58,58,58,58,58,1,75,75,75,75,75,52,52],"gold":195,"neow_bonus":"THREE_ENEMY_KILL","is_daily":false,"chose_seed":false,"campfire_upgraded":2,"win_rate":0.0,"timestamp":1612210867,"path_taken":["M","$","M","?","?","E","?","$","T","?","M","M","R","M","R","BOSS","M","?","M","?","?"],"items_purchased_type":["Relic"],"build_version":"2020-12-22","purchased_purges":1,"victory":false,"max_hp_per_floor":[75,75,75,75,75,75,75,75,75,75,75,75,75,75,75,75,75,75,75,75,75,75,75],"card_choices":[{"not_picked":["hermit:NoHoldsBarred","hermit:Determination"],"picked":"hermit:Shortfuse","floor":1.0},{"not_picked":["hermit:Grudge","hermit:Manifest","hermit:Snipe"],"picked":"SKIP","floor":3.0},{"not_picked":["hermit:Ricochet","hermit:NoHoldsBarred","hermit:Dissolve"],"picked":"SKIP","floor":6.0},{"not_picked":["hermit:Spite","hermit:Roulette","hermit:DeadMansHand"],"picked":"SKIP","floor":10},{"not_picked":["hermit:Vantage","hermit:BodyArmor","hermit:LoneWolf"],"picked":"SKIP","floor":11},{"not_picked":["hermit:ItchyTrigger","hermit:SprayPray"],"picked":"hermit:CalledShot","floor":12},{"not_picked":["hermit:EyeOfTheStorm","hermit:LowProfile","hermit:Malice"],"picked":"SKIP","floor":14},{"not_picked":["hermit:Reprieve","hermit:Adapt"],"picked":"hermit:Roughhouse","floor":16},{"not_picked":["hermit:WideOpen","hermit:SprayPray+1"],"picked":"hermit:Quickdraw","floor":18},{"not_picked":["hermit:TrackingShot","hermit:Headshot"],"picked":"hermit:BodyArmor","floor":20}],"player_experience":293999,"relics_obtained":[{"floor":6.0,"key":"Omamori"}],"event_choices":[{"damage_healed":0.0,"max_hp_gain":0.0,"max_hp_loss":0.0,"gold_gain":75.0,"event_name":"World of Goop","player_choice":"Gather Gold","floor":4.0,"gold_loss":0.0,"damage_taken":11.0},{"damage_healed":0.0,"max_hp_gain":0.0,"max_hp_loss":0.0,"gold_gain":175.0,"event_name":"Liars Game","player_choice":"AGREE","floor":5.0,"gold_loss":0.0,"damage_taken":0.0,"cards_obtained":["Doubt"]},{"damage_healed":0,"gold_gain":0,"player_choice":"Searched \u00270\u0027 times","damage_taken":0,"max_hp_gain":0,"max_hp_loss":0,"event_name":"Dead Adventurer","floor":7,"gold_loss":0},{"damage_healed":0,"gold_gain":0,"player_choice":"Ignored","damage_taken":0,"max_hp_gain":0,"max_hp_loss":0,"event_name":"Beggar","floor":19,"gold_loss":0},{"damage_healed":0,"gold_gain":0,"player_choice":"Obtained Relic","damage_taken":0,"relics_obtained":["Girya"],"max_hp_gain":0,"max_hp_loss":0,"event_name":"Addict","floor":21,"gold_loss":85}],"is_beta":false,"boss_relics":[{"not_picked":["hermit:DentedPlate","Snecko Eye"],"picked":"Velvet Choker"}],"items_purged_floors":[8],"is_endless":false,"potions_floor_spawned":[1,12,14,16],"killed_by":"Snake Plant","ascension_level":1}}