{"host":"y1oqg7uy0jc6f5mb","time":1612187540,"event":{"mods":["BaseMod","Better Altar","Better Match","Better Note","Better Sensory Stone","Better Skull","Better Third Choice","Colored Map","Colored Powertips","Custom Start","Downfall","Highlight Path","Ironclad Rager","Minty Spire (QoL Compilation)","Permanent Neow","Quick Restart","Relic Stats","Replay The Spire","Shop Mod","StSLib"],"gold_per_floor":[119,192,142,155,170,170,192,192,217,257,257,280,280,298,298,306,306],"floor_reached":16,"language":"ENG","playtime":1036,"items_purged":[],"score":150,"play_id":"96badb05-b19c-4532-9e41-90438e41b491","local_time":"20210201215220","is_ascension_mode":true,"campfire_choices":[{"data":"Barricade","floor":6.0,"key":"SMITH"},{"data":"Hemokinesis","floor":8,"key":"SMITH"},{"floor":11,"key":"REST"},{"data":"ReplayTheSpireMod:Corrosion Curse","floor":13,"key":"SMITH"}],"circlet_count":0,"master_deck":["AscendersBane","Strike_R","Strike_R","Strike_R","Strike_R","Defend_R","Defend_R","Defend_R","Bash","Barricade+1","Metallicize","Hemokinesis+1","Fire Breathing","Iron Wave","ReplayTheSpireMod:Corrosion Curse+1"],"relics":["Burning Blood","Garlic","Odd Mushroom","Replay:Bandana","Matryoshka"],"acts_visited":["Exordium"],"potions_floor_usage":[10,14,16,16],"damage_taken":[{"damage":6.0,"enemies":"Cultist","floor":1.0,"turns":4.0},{"damage":1.0,"enemies":"Small Slimes","floor":4.0,"turns":5.0},{"damage":2.0,"enemies":"2 Louse","floor":5.0,"turns":2.0},{"damage":25,"enemies":"The Mushroom Lair","floor":7,"turns":5},{"damage":29,"enemies":"Gremlin Nob","floor":10,"turns":4},{"damage":2,"enemies":"Exordium Wildlife","floor":12,"turns":4},{"damage":2,"enemies":"Looter","floor":14,"turns":4},{"damage":86,"enemies":"Fading Forest","floor":16,"turns":10}],"seed_played":"-915285851326311638","potions_obtained":[{"floor":5.0,"key":"PowerPotion"},{"floor":7,"key":"Swift Potion"},{"floor":12,"key":"AttackPotion"},{"floor":14,"key":"BloodPotion"}],"is_trial":false,"path_per_floor":["M","T","?","M","M","R","?","R","T","E","R","M","R","M","R_BF","B"],"character_chosen":"IRONCLAD","items_purchased":[],"campfire_rested":1,"item_purchase_floors":[],"current_hp_per_floor":[72,72,72,77,80,80,61,61,61,38,62,66,66,70,70,0,0],"gold":306,"neow_bonus":"ONE_RANDOM_RARE_CARD","is_daily":false,"chose_seed":false,"campfire_upgraded":3,"win_rate":0.0,"timestamp":1612187540,"path_taken":["M","?","?","M","M","R","?","R","T","E","R","M","R","M","R_BF","BOSS"],"items_purchased_type":[],"build_version":"2020-12-22","purchased_purges":0,"victory":false,"max_hp_per_floor":[80,80,80,80,80,80,80,80,80,80,80,80,80,80,80,80,80],"relic_stats":{"counters":[8,38],"obtain_stats":[{"Replay:Bandana":9,"Matryoshka":10,"Garlic":2,"Odd Mushroom":7,"Burning Blood":0},{"Replay:Bandana":4,"Matryoshka":5,"Garlic":1,"Odd Mushroom":4,"Burning Blood":0},{"Replay:Bandana":16,"Matryoshka":20,"Garlic":4,"Odd Mushroom":16,"Burning Blood":0}],"Burning Blood":41},"card_choices":[{"not_picked":["Sword Boomerang","Headbutt"],"picked":"Metallicize","floor":1.0},{"not_picked":["Wild Strike","Whirlwind"],"picked":"Hemokinesis","floor":4.0},{"not_picked":["Run Through","Dropkick","Infernal Blade"],"picked":"SKIP","floor":5.0},{"not_picked":["Evolve","Blood for Blood"],"picked":"Fire Breathing","floor":7},{"not_picked":["Havoc","Run Through"],"picked":"Iron Wave","floor":10},{"not_picked":["Perfected Strike","Shrug It Off"],"picked":"ReplayTheSpireMod:Corrosion Curse","floor":12},{"not_picked":["Warcry","Flex","Massacre"],"picked":"SKIP","floor":14}],"player_experience":305064,"relics_obtained":[{"floor":2.0,"key":"Garlic"},{"floor":7,"key":"Odd Mushroom"},{"floor":9,"key":"Replay:Bandana"},{"floor":10,"key":"Matryoshka"}],"event_choices":[{"cards_removed":["Strike_R"],"damage_healed":0.0,"max_hp_gain":0.0,"max_hp_loss":0.0,"gold_gain":0.0,"event_name":"The Cleric","player_choice":"Card Removal","floor":3.0,"gold_loss":50.0,"damage_taken":0.0},{"damage_healed":0,"gold_gain":0,"player_choice":"Fought Mushrooms","damage_taken":0,"max_hp_gain":0,"max_hp_loss":0,"event_name":"Mushrooms","floor":7,"gold_loss":0}],"is_beta":false,"boss_relics":[],"items_purged_floors":[],"is_endless":false,"potions_floor_spawned":[5,7,12,14],"killed_by":"Fading Forest","ascension_level":10}}