{"host":"h8cdlle7aepm4d8g","time":1612175526,"event":{"mods":["AchievementEnabler","BaseMod","Colored Powertips","Minty Spire (QoL Compilation)","Quick Restart","Relic Stats","StSLib"],"gold_per_floor":[114,134,151,101,101,127,127,153,208,208,223,242,252,282,282,379,379,395,395,409,203,302,328,328,359,359,62,96,108,140,157,157,258,258,274,274,27,40,40,66,78,78,78,88,88,115,127,145,145,145,145,145,70,96,96,96],"floor_reached":55,"language":"ENG","playtime":2399,"items_purged":["Strike_G+1"],"score":1617,"play_id":"ddcab324-934d-407d-8f36-14e81bf56c74","local_time":"20210201023206","is_ascension_mode":true,"campfire_choices":[{"floor":7.0,"key":"REST"},{"floor":10.0,"key":"REST"},{"data":"Noxious Fumes","floor":15.0,"key":"SMITH"},{"floor":32.0,"key":"REST"},{"floor":42.0,"key":"REST"},{"floor":45.0,"key":"RECALL"},{"floor":49.0,"key":"REST"},{"floor":52,"key":"REST"}],"circlet_count":0,"master_deck":["AscendersBane","Strike_G+1","Strike_G+1","Strike_G+1","Strike_G+1","Defend_G+1","Defend_G+1","Defend_G+1","Defend_G+1","Defend_G+1","Survivor","Neutralize","Dagger Throw","Poisoned Stab","Dagger Spray","Distraction","PiercingWail","Calculated Gamble","Finisher","Deadly Poison","Noxious Fumes+1","Wraith Form v2","Footwork","Calculated Gamble+1","Sadistic Nature","Footwork","Bullet Time","Predator+1","Die Die Die","Malaise","Blade Dance","Dash+1","Parasite","Terror","Deadly Poison+1","Skewer+1"],"relics":["Ring of the Snake","Unceasing Top","White Beast Statue","Lantern","Blood Vial","StoneCalendar","Philosopher\u0027s Stone","Nunchaku","Shuriken","Bronze Scales","InkBottle","ClockworkSouvenir","Snake Skull","Calipers","PreservedInsect","Fusion Hammer","Potion Belt","Pen Nib","Frozen Egg 2","Centennial Puzzle"],"acts_visited":["Exordium","TheCity","TheBeyond","TheEnding"],"potions_floor_usage":[50,50,55,55],"damage_taken":[{"damage":0.0,"enemies":"Cultist","floor":1.0,"turns":4.0},{"damage":2.0,"enemies":"Small Slimes","floor":2.0,"turns":5.0},{"damage":1.0,"enemies":"2 Louse","floor":3.0,"turns":4.0},{"damage":40.0,"enemies":"Lagavulin","floor":6.0,"turns":8.0},{"damage":16.0,"enemies":"3 Sentries","floor":8.0,"turns":6.0},{"damage":10.0,"enemies":"Exordium Wildlife","floor":11.0,"turns":4.0},{"damage":4.0,"enemies":"Blue Slaver","floor":12.0,"turns":3.0},{"damage":3.0,"enemies":"Exordium Thugs","floor":13.0,"turns":4.0},{"damage":6.0,"enemies":"Gremlin Nob","floor":14.0,"turns":3.0},{"damage":2.0,"enemies":"Hexaghost","floor":16.0,"turns":8.0},{"damage":27.0,"enemies":"Chosen","floor":18.0,"turns":5.0},{"damage":0.0,"enemies":"3 Byrds","floor":20.0,"turns":5.0},{"damage":11.0,"enemies":"Book of Stabbing","floor":23.0,"turns":5.0},{"damage":8.0,"enemies":"Slavers","floor":25.0,"turns":5.0},{"damage":4.0,"enemies":"Book of Stabbing","floor":28.0,"turns":4.0},{"damage":8.0,"enemies":"Cultist and Chosen","floor":29.0,"turns":6.0},{"damage":8.0,"enemies":"Slavers","floor":30.0,"turns":4.0},{"damage":1.0,"enemies":"Snecko","floor":31.0,"turns":5.0},{"damage":15.0,"enemies":"Champ","floor":33.0,"turns":8.0},{"damage":8.0,"enemies":"3 Shapes","floor":35.0,"turns":4.0},{"damage":18.0,"enemies":"3 Darklings","floor":38.0,"turns":4.0},{"damage":5.0,"enemies":"Nemesis","floor":40.0,"turns":5.0},{"damage":11.0,"enemies":"Maw","floor":41.0,"turns":6.0},{"damage":2.0,"enemies":"Writhing Mass","floor":44.0,"turns":5.0},{"damage":0.0,"enemies":"Giant Head","floor":46.0,"turns":5.0},{"damage":1.0,"enemies":"4 Shapes","floor":47.0,"turns":3.0},{"damage":3.0,"enemies":"3 Darklings","floor":48.0,"turns":4.0},{"damage":53,"enemies":"Donu and Deca","floor":50,"turns":6},{"damage":42,"enemies":"Shield and Spear","floor":54,"turns":6},{"damage":26,"enemies":"The Heart","floor":55,"turns":3}],"seed_played":"-8980117390177467412","potions_obtained":[{"floor":6.0,"key":"BlessingOfTheForge"},{"floor":8.0,"key":"FearPotion"},{"floor":11.0,"key":"Dexterity Potion"},{"floor":12.0,"key":"BlessingOfTheForge"},{"floor":14.0,"key":"Block Potion"},{"floor":16.0,"key":"Poison Potion"},{"floor":18.0,"key":"Strength Potion"},{"floor":23.0,"key":"PowerPotion"},{"floor":25.0,"key":"Poison Potion"},{"floor":28.0,"key":"LiquidBronze"},{"floor":29.0,"key":"Ancient Potion"},{"floor":30.0,"key":"SteroidPotion"},{"floor":31.0,"key":"Block Potion"},{"floor":33.0,"key":"DistilledChaos"},{"floor":35.0,"key":"GamblersBrew"},{"floor":38.0,"key":"ColorlessPotion"},{"floor":40.0,"key":"ColorlessPotion"},{"floor":41.0,"key":"BlessingOfTheForge"},{"floor":44.0,"key":"Explosive Potion"},{"floor":46.0,"key":"SkillPotion"},{"floor":47.0,"key":"PowerPotion"},{"floor":48.0,"key":"Poison Potion"},{"floor":54,"key":"Weak Potion"}],"is_trial":false,"path_per_floor":["M","M","M","?","?","E","R","E","T","R","M","M","M","E","R","B",null,"M","?","M","$","?","E","T","E","T","$","E","M","E","M","R","B",null,"M","?","$","M","$","E","M","R","T","M","R","E","M","M","R","B",null,"R","$","E","B"],"character_chosen":"THE_SILENT","items_purchased":["Sadistic Nature","Footwork","ClockworkSouvenir","Snake Skull","Potion Belt","CultistPotion"],"campfire_rested":6,"item_purchase_floors":[21,21,27,27,37,37],"current_hp_per_floor":[63,61,60,60,46,6,27,11,11,32,24,22,21,17,17,17,57,32,32,34,34,34,25,25,19,19,19,17,11,5,6,27,14,56,50,50,50,34,34,31,22,41,41,41,41,43,44,43,62,11,52,66,66,24,0,0],"gold":96,"neow_bonus":"ONE_RARE_RELIC","is_daily":false,"chose_seed":false,"campfire_upgraded":1,"win_rate":0.0,"timestamp":1612175526,"path_taken":["M","M","?","?","?","E","R","E","T","R","M","M","M","E","R","BOSS","M","?","M","$","?","E","?","E","T","$","E","?","E","M","R","BOSS","M","?","$","M","$","E","M","R","T","M","R","E","M","M","R","BOSS","R","$","E","BOSS"],"items_purchased_type":["Card","Card","Relic","Relic","Relic","Potion"],"build_version":"2020-12-22","purchased_purges":1,"victory":false,"max_hp_per_floor":[70,70,70,70,70,70,70,70,70,70,70,70,70,70,70,70,70,70,70,70,70,70,70,70,70,70,70,70,70,70,70,70,70,70,70,66,66,66,66,66,66,66,66,66,66,66,66,66,66,66,66,66,66,66,66,66],"relic_stats":{"counters":[30,147],"StoneCalendar":[92],"Snake Skull":[94],"PreservedInsect":257,"Pen Nib":[9],"Blood Vial":48,"Nunchaku":[18],"Centennial Puzzle":[3],"Shuriken":[35],"Bronze Scales":[250],"obtain_stats":[{"Potion Belt":37,"Lantern":8,"Calipers":28,"StoneCalendar":14,"Snake Skull":27,"PreservedInsect":30,"Pen Nib":40,"Frozen Egg 2":46,"White Beast Statue":6,"ClockworkSouvenir":27,"Blood Vial":9,"Nunchaku":23,"Centennial Puzzle":54,"Shuriken":24,"Bronze Scales":25,"Philosopher\u0027s Stone":17,"Fusion Hammer":34,"Unceasing Top":0,"InkBottle":26,"Ring of the Snake":0},{"Potion Belt":20,"Lantern":5,"Calipers":15,"StoneCalendar":9,"Snake Skull":14,"PreservedInsect":17,"Pen Nib":22,"Frozen Egg 2":25,"White Beast Statue":4,"ClockworkSouvenir":14,"Blood Vial":5,"Nunchaku":13,"Centennial Puzzle":29,"Shuriken":13,"Bronze Scales":14,"Philosopher\u0027s Stone":10,"Fusion Hammer":19,"Unceasing Top":0,"InkBottle":14,"Ring of the Snake":0},{"Potion Belt":100,"Lantern":27,"Calipers":73,"StoneCalendar":41,"Snake Skull":69,"PreservedInsect":83,"Pen Nib":109,"Frozen Egg 2":125,"White Beast Statue":21,"ClockworkSouvenir":69,"Blood Vial":27,"Nunchaku":64,"Centennial Puzzle":144,"Shuriken":64,"Bronze Scales":69,"Philosopher\u0027s Stone":49,"Fusion Hammer":96,"Unceasing Top":0,"InkBottle":69,"Ring of the Snake":0}],"Unceasing Top":[33],"InkBottle":[38],"Ring of the Snake":[60]},"card_choices":[{"not_picked":["Outmaneuver","Calculated Gamble"],"picked":"Dagger Throw","floor":1.0},{"not_picked":["Backflip","Expertise"],"picked":"Poisoned Stab","floor":2.0},{"not_picked":["Endless Agony","Accuracy"],"picked":"Dagger Spray","floor":3.0},{"not_picked":["Deflect","Setup"],"picked":"Distraction","floor":6.0},{"not_picked":["Acrobatics","A Thousand Cuts"],"picked":"PiercingWail","floor":8.0},{"not_picked":["Dagger Spray","Prepared"],"picked":"Calculated Gamble","floor":11.0},{"not_picked":["Outmaneuver","Setup"],"picked":"Finisher","floor":12.0},{"not_picked":["Acrobatics","Outmaneuver"],"picked":"Deadly Poison","floor":13.0},{"not_picked":["Corpse Explosion","Finisher"],"picked":"Noxious Fumes","floor":14.0},{"not_picked":["After Image","Bullet Time"],"picked":"Wraith Form v2","floor":16.0},{"not_picked":["Dagger Throw+1","Dodge and Roll"],"picked":"Footwork","floor":18.0},{"not_picked":["Underhanded Strike","Prepared"],"picked":"Calculated Gamble+1","floor":20.0},{"not_picked":["Cloak And Dagger","Underhanded Strike"],"picked":"Bullet Time","floor":23.0},{"not_picked":["Expertise","Eviscerate","Deadly Poison+1"],"picked":"SKIP","floor":25.0},{"not_picked":["Masterful Stab","Bane"],"picked":"Predator+1","floor":28.0},{"not_picked":["Underhanded Strike","Reflex+1","All Out Attack"],"picked":"SKIP","floor":29.0},{"not_picked":["Dagger Spray","Backflip"],"picked":"Die Die Die","floor":30.0},{"not_picked":["Endless Agony","Cloak And Dagger","Flying Knee+1"],"picked":"SKIP","floor":31.0},{"not_picked":["Storm of Steel","Night Terror"],"picked":"Malaise","floor":33.0},{"not_picked":["Flying Knee+1","Cloak And Dagger","Outmaneuver"],"picked":"SKIP","floor":35.0},{"not_picked":["Underhanded Strike+1","Setup+1"],"picked":"Blade Dance","floor":38.0},{"not_picked":["Blur","Acrobatics+1"],"picked":"Dash+1","floor":40.0},{"not_picked":["Prepared","Flying Knee","Escape Plan"],"picked":"SKIP","floor":41.0},{"not_picked":["Glass Knife","Outmaneuver","Accuracy"],"picked":"SKIP","floor":44.0},{"not_picked":["Bane","Deadly Poison"],"picked":"Terror","floor":46.0},{"not_picked":["Slice+1","Poisoned Stab"],"picked":"Deadly Poison+1","floor":47.0},{"not_picked":["Concentrate","Expertise"],"picked":"Skewer+1","floor":48.0},{"not_picked":["Deflect","Dash+1","Bane+1"],"picked":"SKIP","floor":54}],"player_experience":84084,"relics_obtained":[{"floor":6.0,"key":"White Beast Statue"},{"floor":8.0,"key":"Lantern"},{"floor":9.0,"key":"Blood Vial"},{"floor":14.0,"key":"StoneCalendar"},{"floor":23.0,"key":"Nunchaku"},{"floor":24.0,"key":"Shuriken"},{"floor":25.0,"key":"Bronze Scales"},{"floor":26.0,"key":"InkBottle"},{"floor":28.0,"key":"Calipers"},{"floor":30.0,"key":"PreservedInsect"},{"floor":40.0,"key":"Pen Nib"},{"floor":46.0,"key":"Frozen Egg 2"},{"floor":54,"key":"Centennial Puzzle"}],"event_choices":[{"cards_removed":["Writhe"],"damage_healed":0.0,"max_hp_gain":0.0,"max_hp_loss":0.0,"gold_gain":0.0,"event_name":"The Cleric","player_choice":"Card Removal","floor":4.0,"gold_loss":50.0,"damage_taken":0.0},{"damage_healed":0.0,"max_hp_gain":0.0,"max_hp_loss":0.0,"gold_gain":0.0,"event_name":"Shining Light","player_choice":"Entered Light","floor":5.0,"gold_loss":0.0,"damage_taken":14.0,"cards_upgraded":["Strike_G","Strike_G"]},{"damage_healed":0.0,"max_hp_gain":0.0,"max_hp_loss":0.0,"gold_gain":0.0,"event_name":"Back to Basics","player_choice":"Simplicity","floor":19.0,"gold_loss":0.0,"damage_taken":0.0,"cards_upgraded":["Strike_G","Strike_G","Strike_G","Defend_G","Defend_G","Defend_G","Defend_G","Defend_G"]},{"damage_healed":0.0,"max_hp_gain":0.0,"max_hp_loss":0.0,"gold_gain":99.0,"event_name":"Nest","player_choice":"Stole From Cult","floor":22.0,"gold_loss":0.0,"damage_taken":0.0},{"damage_healed":0.0,"max_hp_gain":0.0,"max_hp_loss":4.0,"gold_gain":0.0,"event_name":"Winding Halls","player_choice":"Max HP","floor":36.0,"gold_loss":0.0,"damage_taken":0.0}],"is_beta":false,"boss_relics":[{"not_picked":["Tiny House","Astrolabe"],"picked":"Philosopher\u0027s Stone"},{"not_picked":["Snecko Eye","Black Star"],"picked":"Fusion Hammer"}],"items_purged_floors":[53],"is_endless":false,"potions_floor_spawned":[6,8,11,12,13,14,16,18,20,23,25,28,29,30,31,33,35,38,40,41,44,46,47,48,54],"killed_by":"The Heart","ascension_level":11}}