{"host":"36zn1fhase90d3ns","time":1612151182,"event":{"mods":["2.2 Compatiblity","AchievementEnabler","Act Like it!","Aspiration","BaseMod","BetterRewards","Block Reminder","Colored Map","Colored Powertips","Conspire","Curses Come First","Custom Start","Dark Map","Energized Spire","Friendly Minions","Halation","Hermit","Hubris","Minty Spire (QoL Compilation)","Prisma Mod","Quick Restart","Relic Sorter","Reliquary","Remilia??????","Replay The Spire","Spicy Shops","StSLib","The Necromancer","Unceasing Turn Reminder","Yohane!","??????REMEMod"],"gold_per_floor":[113,113,321,336,355,355,355],"floor_reached":6,"language":"ENG","playtime":306,"items_purged":["Strike_B","Strike_B"],"score":40,"play_id":"3d8c6024-d10f-4e1c-95fc-ceedd17a6ba3","local_time":"20210131214622","is_ascension_mode":true,"campfire_choices":[],"circlet_count":0,"master_deck":["Strike_B","Strike_B","Defend_B","Defend_B","Defend_B","Defend_B","Zap","Dualcast","PrismaMod:IllyaInstallRider","Blizzard","Chill","FIFO Queue","Streamline","Gash","Rainbow+1","Redo","Redo"],"relics":["Cracked Core","REME_ComplimentaryCards","Regal Pillow","BargainBundle"],"acts_visited":["Exordium"],"potions_floor_usage":[5],"damage_taken":[{"damage":3,"enemies":"2 Louse","floor":1,"turns":3},{"damage":5,"enemies":"Small Slimes","floor":4,"turns":3},{"damage":1,"enemies":"Jaw Worm","floor":5,"turns":4},{"damage":9,"enemies":"3 Sentries","floor":6,"turns":2}],"seed_played":"2541461775243897365","potions_obtained":[{"floor":4,"key":"Weak Potion"}],"is_trial":false,"path_per_floor":["M","?","?","M","M","E"],"character_chosen":"DEFECT","items_purchased":["Blizzard","Chill","FIFO Queue","Regal Pillow","BargainBundle","Loop","Streamline"],"campfire_rested":0,"item_purchase_floors":[0,0,0,0,0,0,0],"current_hp_per_floor":[37,37,19,14,13,4,4],"gold":355,"neow_bonus":"","is_daily":false,"chose_seed":false,"campfire_upgraded":0,"win_rate":0.0,"timestamp":1612151182,"path_taken":["M","?","?","M","M","E"],"items_purchased_type":["Card","Card","Card","Relic","Relic","Card","Card"],"build_version":"2020-12-22","purchased_purges":2,"victory":false,"max_hp_per_floor":[75,75,75,75,75,75,75],"card_choices":[{"not_picked":["Force Field","Sweeping Beam"],"picked":"Gash","floor":1},{"not_picked":["Barrage","Stack"],"picked":"Redo","floor":3},{"not_picked":["Compile Driver","aspiration:Polymerization"],"picked":"Redo","floor":4},{"not_picked":["Hologram","Rebound","Go for the Eyes"],"picked":"SKIP","floor":5}],"player_experience":532894,"relics_obtained":[],"event_choices":[],"is_beta":false,"boss_relics":[],"items_purged_floors":[0,0],"is_endless":false,"potions_floor_spawned":[4],"killed_by":"3 Sentries","ascension_level":2}}