{"host":"osfffw6eu3utmcte","time":1612207323,"event":{"mods":["AchievementEnabler","BaseMod","Downfall","Hermit","Jorbs\u0027s Wanderer Trilogy","Minty Spire (QoL Compilation)","StSLib","The Cursed"],"gold_per_floor":[99,110,110,110,130,130,130,143,160,187,214,225,238,257,273,273,273,273],"floor_reached":16,"language":"ENG","playtime":1428,"items_purged":[],"score":106,"play_id":"66197740-b96d-423b-a080-40d346dd098f","local_time":"20210201202203","is_ascension_mode":false,"campfire_choices":[{"floor":1.0,"key":"RECALL"},{"data":"Guardian:CurlUp","floor":6.0,"key":"SMITH"}],"circlet_count":0,"master_deck":["Guardian:Strike_Guardian","Guardian:Strike_Guardian+1","Guardian:Strike_Guardian","Guardian:Defend_Guardian","Guardian:Defend_Guardian","Guardian:Defend_Guardian+1","Guardian:Defend_Guardian","Guardian:CurlUp+1","Guardian:TwinSlam+1","downfall:Malfunctioning","Guardian:ArmoredProtocol","Guardian:Suspension","Guardian:PiercingHide","Guardian:Gem_Purple","Guardian:EvasiveProtocol","Guardian:StasisStrike","Guardian:Gem_Green","Guardian:DonusPower"],"relics":["Guardian:ModeShifter","Bag of Marbles","Smiling Mask"],"acts_visited":["Exordium"],"potions_floor_usage":[16],"damage_taken":[{"damage":2.0,"enemies":"Small Slimes","floor":2.0,"turns":3.0},{"damage":1.0,"enemies":"Jaw Worm","floor":5.0,"turns":4.0},{"damage":0.0,"enemies":"Cultist","floor":8.0,"turns":3.0},{"damage":0.0,"enemies":"Exordium Wildlife","floor":9.0,"turns":4.0},{"damage":11.0,"enemies":"3 Sentries","floor":11.0,"turns":12.0},{"damage":0.0,"enemies":"Exordium Thugs","floor":12.0,"turns":4.0},{"damage":0.0,"enemies":"Blue Slaver","floor":13.0,"turns":4.0},{"damage":0,"enemies":"2 Fungi Beasts","floor":14,"turns":4},{"damage":0,"enemies":"3 Louse","floor":15,"turns":4},{"damage":88,"enemies":"DF_ARCHETYPE_STREAMLINE","floor":16,"turns":14}],"seed_played":"8846328220365960001","potions_obtained":[{"floor":8.0,"key":"SmokeBomb"},{"floor":9.0,"key":"Strength Potion"},{"floor":11.0,"key":"Regen Potion"},{"floor":12.0,"key":"hexamod:SoulburnPotion"}],"is_trial":false,"path_per_floor":["R","M","?","?","M","R","T","M","M","T","E","M","M","M","M","B"],"character_chosen":"GUARDIAN","items_purchased":[],"campfire_rested":0,"item_purchase_floors":[],"current_hp_per_floor":[88,86,86,86,85,85,85,85,85,85,74,74,74,74,74,0,0,0],"gold":273,"neow_bonus":"TEN_PERCENT_HP_BONUS","is_daily":false,"chose_seed":false,"campfire_upgraded":1,"win_rate":0.0,"timestamp":1612207323,"path_taken":["R","M","?","?","M","R","T","M","M","?","E","M","M","?","M","BOSS"],"items_purchased_type":[],"build_version":"2020-12-22","purchased_purges":0,"victory":false,"max_hp_per_floor":[88,88,88,88,88,88,88,88,88,88,88,88,88,88,88,88,88,88],"card_choices":[{"not_picked":["Guardian:TemporalShield","Guardian:WalkerClaw"],"picked":"Guardian:Gem_Cyan","floor":2.0},{"not_picked":["Guardian:RollAttack","Guardian:RefractedBeam"],"picked":"Guardian:ArmoredProtocol","floor":5.0},{"not_picked":["Guardian:PrismaticBarrier","Guardian:Recover"],"picked":"Guardian:Suspension","floor":8.0},{"not_picked":["Guardian:ShieldCharger","Guardian:PrismaticBeam"],"picked":"Guardian:PiercingHide","floor":9.0},{"not_picked":["Guardian:CrystalBeam","Guardian:DecasProtection"],"picked":"Guardian:Gem_Purple","floor":11.0},{"not_picked":["Guardian:RefractedBeam","Guardian:SentryBeam"],"picked":"Guardian:EvasiveProtocol","floor":12.0},{"not_picked":["Guardian:EvasiveProtocol","Guardian:RefractedBeam"],"picked":"Guardian:StasisStrike","floor":13.0},{"not_picked":["Guardian:PrismaticBeam","Guardian:SentryBeam"],"picked":"Guardian:Gem_Green","floor":14},{"not_picked":["Guardian:Gem_Green","Guardian:Gem_Cyan"],"picked":"Guardian:DonusPower","floor":15}],"player_experience":615426,"relics_obtained":[{"floor":10.0,"key":"Bag of Marbles"},{"floor":11.0,"key":"Smiling Mask"}],"event_choices":[],"is_beta":false,"boss_relics":[],"items_purged_floors":[],"is_endless":false,"potions_floor_spawned":[8,9,11,12,15],"killed_by":"DF_ARCHETYPE_STREAMLINE","ascension_level":0}}