{"host":"kx62hxkutszy5nb0","time":1612156724,"event":{"mods":["2.2 Compatiblity","AchievementEnabler","Aspiration","BaseMod","Better Altar","Better Match","Better Note","Better Sensory Stone","Better Skull","Better Third Choice","Better Vampires","CCEM2","Colored Map","Colored Powertips","Conspire","Custom Start","Dark Map","Defuse TimeMaze Blight","Displayed Cursed Tome","Downfall","Fiend Mod","Hermit","Hubris","Infinite Spire","Jorbs\u0027s Wanderer Trilogy","Koishi","Marked Mod","Minty Spire (QoL Compilation)","Prisma Mod","Relic Sorter","Relic Stats","Replay The Spire","Shade Mod","Shop Mod","Spikes Relics","StSLib","Td1madao Mod","The Alterego","The Construct","The Cursed","The Exalted","The Forsaken","The Judge","The Jungle","The Marked","TheSwordswoman","TheVacant","Uncapped","Virulent Crown","Yuri Mod","everything is the same but u backflip on backflip"],"gold_per_floor":[118,118,137,67,85,114,130,130,157,167,193,204,218,145,145,245,245,258,258,258,96,420,420,420,434,458,458,490,490,517,527,527,661,661,723,683,49,63,63,63],"floor_reached":39,"language":"ENG","playtime":1911,"items_purged":[],"score":604,"play_id":"c2721467-8aeb-44a8-b021-4f2402964e0b","local_time":"20210201151844","is_ascension_mode":false,"campfire_choices":[{"floor":8.0,"key":"REST"},{"floor":15.0,"key":"REST"},{"floor":23.0,"key":"REST"},{"floor":27,"key":"REST"},{"floor":32,"key":"REST"}],"circlet_count":0,"master_deck":["Fiend:FiendDemonSlash","Fiend:FiendDemonSlash","Fiend:FiendDemonSlash","Fiend:FiendFortify","Fiend:FiendFortify","Fiend:FiendFortify","Fiend:FiendFortify","Fiend:FiendConsume","Fiend:FiendGreaterDemonSlash","Fiend:FiendSalvage+1","Fiend:FiendMeditate","Fiend:FiendSplat+1","Fiend:FiendFleshWhip","Fiend:FiendExecute","Fiend:FiendMeatShield","Fiend:FiendViolentOutburst","Fiend:FiendUpstartDemon","Fiend:FiendInfect","Fiend:FiendSalvage+1","Fiend:FiendMutativeArms+1","Fiend:FiendUnstableCells","Fiend:FiendBloodlust","Fiend:FiendInfect","Sadistic Nature","Fiend:FiendRam+1","Fiend:FiendMeatMagnet","Fiend:FiendRam","Fiend:FiendDemonicContract","Fiend:FiendHealBurst","Fiend:FiendGreaterDemonSlash","Fiend:FiendRadiation","Fiend:FiendCancer"],"relics":["Fiend:FiendTotem","CCEMRelics:FryingPan","War Paint","Black Star","SlaversCollar","Replay:Wax Seal","Replay:Mystery Machine","Iron Hammer","ReplayTheSpireMod:Shallot","CCEMRelics:Pendulum","infinitespire:EvilPickle","hubris:Stopwatch","aspiration:HummingbirdHeart","MerchantsRug"],"acts_visited":["Exordium","TheCity","TheBeyond"],"potions_floor_usage":[25,30,37,38,39],"damage_taken":[{"damage":0.0,"enemies":"Small Slimes","floor":1.0,"turns":3.0},{"damage":0.0,"enemies":"Cultist","floor":3.0,"turns":3.0},{"damage":7.0,"enemies":"Jaw Worm","floor":5.0,"turns":3.0},{"damage":19.0,"enemies":"Replay:BlueRogue","floor":6.0,"turns":5.0},{"damage":9.0,"enemies":"Exordium Thugs","floor":7.0,"turns":3.0},{"damage":0.0,"enemies":"Looter","floor":10.0,"turns":3.0},{"damage":18.0,"enemies":"Lagavulin","floor":11.0,"turns":7.0},{"damage":0.0,"enemies":"2 Fungi Beasts","floor":12.0,"turns":4.0},{"damage":3.0,"enemies":"3 Louse","floor":13.0,"turns":3.0},{"damage":7.0,"enemies":"Fading Forest","floor":16.0,"turns":11.0},{"damage":10.0,"enemies":"3 Byrds","floor":18.0,"turns":6.0},{"damage":12,"enemies":"Shell Parasite","floor":25,"turns":3},{"damage":9,"enemies":"conspire:Head Lice","floor":28,"turns":6},{"damage":0,"enemies":"Book of Stabbing","floor":30,"turns":3},{"damage":26,"enemies":"Snecko","floor":31,"turns":6},{"damage":27,"enemies":"Pondfish","floor":33,"turns":8},{"damage":0,"enemies":"Orb Walker","floor":35,"turns":2},{"damage":33,"enemies":"3 Shapes","floor":38,"turns":5},{"damage":10,"enemies":"Sphere and 2 Shapes","floor":39,"turns":6}],"seed_played":"8020466984179324152","potions_obtained":[{"floor":1.0,"key":"EssenceOfSteel"},{"floor":6.0,"key":"Explosive Potion"},{"floor":11.0,"key":"Fiend:FleshPotion"},{"floor":12.0,"key":"Regen Potion"},{"floor":18.0,"key":"champ:CounterPotion"},{"floor":25,"key":"Weak Potion"},{"floor":33,"key":"AttackPotion"}],"is_trial":false,"path_per_floor":["M","?","M","$","M","E","M","R","T","M","E","M","M","$","R","B",null,"M","?","?","$","?","R","AVR","M","T","R","E","?","E","M","R","B",null,"M","?","$","M","M"],"character_chosen":"THE_FIEND","items_purchased":["Fiend:FiendMeditate","Fiend:FiendSplat","Fiend:FiendMutativeArms","Sadistic Nature","Fiend:FiendRadiation","Fiend:FiendCancer","aspiration:HummingbirdHeart","Fruit Juice","MerchantsRug","Fiend:FleshPotion"],"campfire_rested":5,"item_purchase_floors":[4,4,14,21,37,37,37,37,37,37],"current_hp_per_floor":[77,77,77,77,72,56,47,70,70,70,52,52,58,58,77,77,77,67,67,67,67,39,62,62,54,54,77,68,68,68,42,65,56,79,79,79,84,51,45,45],"gold":63,"neow_bonus":"TEN_PERCENT_HP_BONUS","is_daily":false,"chose_seed":false,"campfire_upgraded":0,"win_rate":0.0,"timestamp":1612156724,"path_taken":["M","?","?","?","M","E","M","R","T","?","E","M","M","$","R","BOSS","M","?","?","$","?","R","AVR","M","T","R","E","?","E","M","R","BOSS","M","?","$","?","M"],"items_purchased_type":["Card","Card","Card","Card","Card","Card","Relic","Potion","Relic","Potion"],"build_version":"2020-12-22","purchased_purges":0,"victory":false,"max_hp_per_floor":[77,77,77,77,77,77,77,77,77,77,77,77,77,77,77,77,77,77,77,77,77,77,77,77,78,78,78,78,78,78,78,78,79,79,79,79,84,84,84,84],"relic_stats":{"counters":[19,90],"Black Star":2,"War Paint":["Fiend:FiendSplat","Fiend:FiendSalvage"],"obtain_stats":[{"MerchantsRug":37,"CCEMRelics:Pendulum":30,"aspiration:HummingbirdHeart":37,"War Paint":11,"Replay:Mystery Machine":28,"Fiend:FiendTotem":0,"infinitespire:EvilPickle":33,"SlaversCollar":24,"ReplayTheSpireMod:Shallot":30,"hubris:Stopwatch":34,"CCEMRelics:FryingPan":6,"Iron Hammer":28,"Black Star":17,"Replay:Wax Seal":26},{"MerchantsRug":17,"CCEMRelics:Pendulum":14,"aspiration:HummingbirdHeart":17,"War Paint":7,"Replay:Mystery Machine":13,"Fiend:FiendTotem":0,"infinitespire:EvilPickle":16,"SlaversCollar":11,"ReplayTheSpireMod:Shallot":14,"hubris:Stopwatch":16,"CCEMRelics:FryingPan":4,"Iron Hammer":13,"Black Star":10,"Replay:Wax Seal":12},{"MerchantsRug":79,"CCEMRelics:Pendulum":63,"aspiration:HummingbirdHeart":79,"War Paint":27,"Replay:Mystery Machine":60,"Fiend:FiendTotem":0,"infinitespire:EvilPickle":77,"SlaversCollar":51,"ReplayTheSpireMod:Shallot":63,"hubris:Stopwatch":77,"CCEMRelics:FryingPan":14,"Iron Hammer":60,"Black Star":45,"Replay:Wax Seal":54}]},"card_choices":[{"not_picked":["Fiend:FiendRadiation","Fiend:FiendFleshWhip"],"picked":"Fiend:FiendGreaterDemonSlash","floor":1.0},{"not_picked":["Fiend:FiendUpstartDemon","Fiend:FiendBackFromHell"],"picked":"Fiend:FiendSalvage","floor":3.0},{"not_picked":["Fiend:FiendRadiation","Fiend:FiendBloodlust"],"picked":"Fiend:FiendFleshWhip","floor":5.0},{"not_picked":["Fiend:FiendHellBeam","Fiend:FiendMeatMagnet"],"picked":"Fiend:FiendExecute","floor":6.0},{"not_picked":["Fiend:FiendVaccine","Fiend:FiendFiendishCharge"],"picked":"Fiend:FiendMeatShield","floor":7.0},{"not_picked":["Fiend:FiendMeatShield","Fiend:FiendMutativeArms"],"picked":"Fiend:FiendViolentOutburst","floor":10.0},{"not_picked":["Fiend:FiendFleshWhip","Fiend:FiendAlchemeat"],"picked":"Fiend:FiendUpstartDemon","floor":11.0},{"not_picked":["Fiend:FiendFiendishCharge","Fiend:FiendHarden"],"picked":"Fiend:FiendInfect","floor":12.0},{"not_picked":["Fiend:FiendInjection","Fiend:FiendDemonWhip"],"picked":"Fiend:FiendSalvage","floor":13.0},{"not_picked":["Fiend:FiendHealBurst","Fiend:FiendFleshForFlesh"],"picked":"Fiend:FiendUnstableCells","floor":16.0},{"not_picked":["Fiend:FiendConserve+1","Fiend:FiendVaccine"],"picked":"Fiend:FiendBloodlust","floor":18.0},{"not_picked":["Fiend:FiendBlackMarket","Fiend:FiendFiendishCharge"],"picked":"Fiend:FiendRam+1","floor":25},{"not_picked":["Fiend:FiendHarden","Fiend:FiendExecute"],"picked":"Fiend:FiendMeatMagnet","floor":28},{"not_picked":["Fiend:FiendInjection","Fiend:FiendBloodlust"],"picked":"Fiend:FiendRam","floor":30},{"not_picked":["Fiend:FiendVaccine","Fiend:FiendRam"],"picked":"Fiend:FiendDemonicContract","floor":31},{"not_picked":["Fiend:FiendIronBlood","Fiend:FiendBulkUp"],"picked":"Fiend:FiendHealBurst","floor":33},{"not_picked":["Fiend:FiendRadiation","Fiend:FiendBloodlust"],"picked":"Fiend:FiendGreaterDemonSlash","floor":35},{"not_picked":["Fiend:FiendMeatMagnet","Fiend:FiendFiendishCharge","Fiend:FiendHellBeam"],"picked":"SKIP","floor":38}],"player_experience":740736,"relics_obtained":[{"floor":6.0,"key":"CCEMRelics:FryingPan"},{"floor":11.0,"key":"War Paint"},{"floor":26,"key":"Replay:Wax Seal"},{"floor":28,"key":"Replay:Mystery Machine"},{"floor":28,"key":"Iron Hammer"},{"floor":30,"key":"ReplayTheSpireMod:Shallot"},{"floor":30,"key":"CCEMRelics:Pendulum"}],"event_choices":[{"damage_healed":0.0,"max_hp_gain":0.0,"max_hp_loss":0.0,"gold_gain":0.0,"event_name":"Purifier","player_choice":"Ignored","floor":2.0,"gold_loss":0.0,"damage_taken":0.0},{"cards_removed":["Fiend:FiendDemonSlash"],"damage_healed":0.0,"max_hp_gain":0.0,"max_hp_loss":0.0,"gold_gain":0.0,"event_name":"Purifier","player_choice":"Purged","floor":19.0,"gold_loss":0.0,"damage_taken":0.0},{"damage_healed":0.0,"max_hp_gain":0.0,"max_hp_loss":0.0,"gold_gain":0.0,"cards_transformed":["Fiend:FiendDemonSlash"],"event_name":"Transmorgrifier","player_choice":"Transformed","floor":20.0,"gold_loss":0.0,"damage_taken":0.0,"cards_obtained":["Fiend:FiendInfect"]},{"damage_healed":0.0,"max_hp_gain":0.0,"max_hp_loss":0.0,"gold_gain":324.0,"event_name":"betterSkull:BetterSkull","player_choice":"GO GO GO ","floor":22.0,"gold_loss":0.0,"damage_taken":31.0,"cards_upgraded":[],"relics_obtained":[]},{"damage_healed":0,"gold_gain":0,"player_choice":"Forge","damage_taken":0,"max_hp_gain":0,"max_hp_loss":0,"event_name":"Accursed Blacksmith","floor":29,"gold_loss":0,"cards_upgraded":["Fiend:FiendMutativeArms"]},{"damage_healed":0,"gold_gain":0,"player_choice":"Upgrade","damage_taken":0,"max_hp_gain":0,"max_hp_loss":0,"event_name":"Designer","floor":36,"gold_loss":40,"cards_upgraded":["Fiend:FiendSalvage"]}],"is_beta":false,"boss_relics":[{"not_picked":["Ring of Chaos","Replay:Wanted Poster"],"picked":"Black Star"},{"not_picked":["hubris:CrackedHourglass","hubris:GrandSneckoEye"],"picked":"hubris:Stopwatch"}],"items_purged_floors":[],"is_endless":false,"potions_floor_spawned":[1,6,11,12,18,25,33],"killed_by":"Sphere and 2 Shapes","ascension_level":0}}