{"host":"3geh3yhkfzzmefye","time":1612208209,"event":{"mods":["Astrologer","BaseMod","Beaked The Cultist","Conspire","Downfall","Friendly Minions","Hubris","Koishi","Minty Spire (QoL Compilation)","Replay The Spire","StSLib","The Administrix","The Construct","The Cursed"],"gold_per_floor":[99,116,126,139,139,139,190,200,200,218,238,338,338,352,368,473,473,473,484,502,512,512,512,512,541,551,551,569,583,583,583,600,697,697,697,707,707,707,707],"floor_reached":37,"language":"ENG","playtime":4898,"items_purged":[],"score":387,"play_id":"eda1eb85-b37c-430a-9f06-dac373b020fd","local_time":"20210201203649","is_ascension_mode":false,"campfire_choices":[{"data":"bronze:Replicate","floor":1,"key":"SMITH"},{"data":"bronze:Deprecate","floor":6,"key":"SMITH"},{"data":"bronze:Repair","floor":9,"key":"SMITH"},{"data":"bronze:BitShift","floor":13,"key":"SMITH"},{"data":"bronze:Virus","floor":18,"key":"SMITH"},{"data":"bronze:Return","floor":23,"key":"SMITH"},{"data":"bronze:ItsAFeature","floor":30,"key":"SMITH"},{"floor":35,"key":"DIG"}],"circlet_count":0,"master_deck":["bronze:Strike","bronze:Defend","bronze:Defend","bronze:Defend","bronze:Goto","bronze:Deprecate+1","bronze:BronzeOrb","bronze:Terminator","bronze:Repair+1","bronze:DigitalCarnage","bronze:WhirlingStrike","bronze:Flail+1","bronze:BitShift+1","bronze:Repair","bronze:Virus+1","bronze:Separator","bronze:Overload","bronze:Return+1","hubris:DuctTapeCard","bronze:ItsAFeature+1","Pot Of Greed","Pot Of Greed","bronze:BitShift","bronze:WildBeam","bronze:Branch+1","Pot Of Greed","Hallucinations","bronze:Overheat+1","bronze:RecursiveStrike","bronze:OilSpill"],"relics":["bronze:BronzeCore","Strawberry","MealTicket","bronze:MakeshiftBattery","hubris:DuctTape","Grinning Jar","Ring of Misfortune","Ring of Hypnosis","Philosopher\u0027s Stone","Bag of Preparation"],"acts_visited":["Exordium","TheCity","TheBeyond"],"potions_floor_usage":[16,16,25,33,33,37],"damage_taken":[{"damage":2,"enemies":"2 Louse","floor":2,"turns":3},{"damage":0,"enemies":"Small Slimes","floor":3,"turns":3},{"damage":1,"enemies":"Cultist","floor":4,"turns":3},{"damage":4,"enemies":"conspire:2 RoseBushes","floor":8,"turns":5},{"damage":5,"enemies":"Blue Slaver","floor":10,"turns":5},{"damage":6,"enemies":"Exordium Thugs","floor":11,"turns":3},{"damage":27,"enemies":"downfall:Heads","floor":12,"turns":6},{"damage":0,"enemies":"Exordium Wildlife","floor":14,"turns":2},{"damage":0,"enemies":"Blue Slaver","floor":15,"turns":4},{"damage":58,"enemies":"IC_STATUS_ARCHETYPE","floor":16,"turns":10},{"damage":14,"enemies":"Spheric Guardian","floor":19,"turns":4},{"damage":12,"enemies":"Shell Parasite","floor":20,"turns":5},{"damage":14,"enemies":"Snecko","floor":21,"turns":5},{"damage":52,"enemies":"Gremlin Leader","floor":25,"turns":7},{"damage":12,"enemies":"3 Cultists","floor":26,"turns":3},{"damage":15,"enemies":"Snake Plant","floor":28,"turns":3},{"damage":11,"enemies":"Snecko","floor":29,"turns":4},{"damage":18,"enemies":"Shelled Parasite and Fungi","floor":32,"turns":4},{"damage":6,"enemies":"WA_ARCHETYPE_CALM","floor":33,"turns":9},{"damage":24,"enemies":"3 Darklings","floor":36,"turns":5},{"damage":79,"enemies":"conspire:MimicChest","floor":37,"turns":5}],"seed_played":"8725260824878117605","potions_obtained":[{"floor":10,"key":"champ:CounterPotion"},{"floor":11,"key":"Venom Potion"},{"floor":12,"key":"sneckomod:MuddlingPotion"},{"floor":15,"key":"FearPotion"},{"floor":21,"key":"Dexterity Potion"},{"floor":25,"key":"PowerPotion"},{"floor":26,"key":"Strength Potion"},{"floor":32,"key":"PowerPotion"}],"is_trial":false,"path_per_floor":["R","M","M","M","?","R","T","M","R","M","M","?","R","M","M","B",null,"R","M","M","M","?","R","T","E","M","?","M","M","R","?","M","B",null,"R","M","?"],"character_chosen":"THE_AUTOMATON","items_purchased":[],"campfire_rested":0,"item_purchase_floors":[],"current_hp_per_floor":[77,75,75,74,74,74,74,70,70,73,67,40,40,40,50,9,77,77,63,68,63,63,63,63,21,19,19,11,17,17,17,9,20,77,77,58,0,0,0],"gold":707,"neow_bonus":"RANDOM_COMMON_RELIC","is_daily":false,"chose_seed":false,"campfire_upgraded":7,"win_rate":0.0,"timestamp":1612208209,"path_taken":["R","M","M","M","?","R","T","M","R","M","M","?","R","M","M","BOSS","R","M","M","M","?","R","T","E","M","?","M","?","R","?","M","BOSS","R","M","?"],"items_purchased_type":[],"build_version":"2020-12-22","purchased_purges":0,"victory":false,"max_hp_per_floor":[77,77,77,77,77,77,77,77,77,77,77,77,77,77,77,77,77,77,77,77,77,77,77,77,77,77,77,77,77,77,77,77,77,77,77,77,77,77,77],"card_choices":[{"not_picked":["bronze:Frontload","bronze:NullPointer"],"picked":"bronze:Deprecate","floor":2},{"not_picked":["bronze:WildBeam","bronze:DarkDash"],"picked":"bronze:BronzeOrb","floor":3},{"not_picked":["bronze:BuggyMess","bronze:Overheat"],"picked":"bronze:Terminator","floor":4},{"not_picked":["bronze:Separator","bronze:ClassDefault"],"picked":"bronze:Repair","floor":8},{"not_picked":["bronze:Overheat","bronze:Return"],"picked":"bronze:DigitalCarnage","floor":10},{"not_picked":["bronze:Shell","bronze:BugBarrage"],"picked":"bronze:WhirlingStrike","floor":11},{"not_picked":["bronze:Boost","bronze:Turbo"],"picked":"bronze:Flail","floor":12},{"not_picked":["bronze:NullPointer","bronze:Frontload"],"picked":"bronze:DelayedGuard","floor":14},{"not_picked":["bronze:WhirlingStrike","bronze:ForceShield"],"picked":"bronze:Repair","floor":15},{"not_picked":["bronze:ShipIt","bronze:BurnOut"],"picked":"bronze:Virus","floor":16},{"not_picked":["bronze:Invalidate","bronze:Iterate+1"],"picked":"bronze:Separator","floor":19},{"not_picked":["bronze:Deprecate","bronze:MaxOutput"],"picked":"bronze:Overload","floor":20},{"not_picked":["bronze:DelayedSlice","bronze:Constructor"],"picked":"bronze:Return","floor":21},{"not_picked":["bronze:Constructor","bronze:Shield"],"picked":"bronze:ItsAFeature","floor":25},{"not_picked":["bronze:Shell+1","bronze:CloningBeam"],"picked":"bronze:BitShift","floor":26},{"not_picked":["bronze:Return","bronze:ForceShield+1"],"picked":"bronze:WildBeam","floor":28},{"not_picked":["bronze:Overheat","bronze:FineTuning"],"picked":"bronze:Branch+1","floor":29},{"not_picked":["bronze:DelayedGuard","bronze:Invalidate"],"picked":"bronze:Overheat+1","floor":32},{"not_picked":["bronze:SpaghettiCode","bronze:HyperBeam"],"picked":"bronze:RecursiveStrike","floor":33},{"not_picked":["bronze:Separator","bronze:Boost"],"picked":"bronze:OilSpill","floor":36}],"player_experience":5773115,"relics_obtained":[{"floor":7,"key":"MealTicket"},{"floor":24,"key":"hubris:DuctTape"},{"floor":25,"key":"Grinning Jar"},{"floor":31,"key":"Ring of Misfortune"},{"floor":31,"key":"Ring of Hypnosis"},{"floor":35,"key":"Bag of Preparation"}],"event_choices":[],"is_beta":false,"boss_relics":[{"not_picked":["Replay:Wanted Poster","Snecko Eye"],"picked":"bronze:MakeshiftBattery"},{"not_picked":["hubris:HollowSoul","Kintsugi"],"picked":"Philosopher\u0027s Stone"}],"items_purged_floors":[],"is_endless":false,"potions_floor_spawned":[10,11,12,15,21,25,26,32],"killed_by":"conspire:MimicChest","ascension_level":0}}