{"host":"vl29iwkwnyytuw8q","time":1612139386,"event":{"mods":["BaseMod","Minty Spire (QoL Compilation)","Permanent Neow","Relic Stats","StSLib"],"gold_per_floor":[117,117,134,134,152,152,152],"floor_reached":6,"language":"ENG","playtime":201,"items_purged":[],"score":68,"play_id":"27362201-f4b0-4aa3-bf10-468b161f3672","local_time":"20210201012946","is_ascension_mode":true,"campfire_choices":[],"circlet_count":0,"master_deck":["AscendersBane","Strike_R","Strike_R","Strike_R","Strike_R","Strike_R","Defend_R","Defend_R","Defend_R","Defend_R","Bash","True Grit","Dark Embrace"],"relics":["Philosopher\u0027s Stone","Eternal Feather"],"acts_visited":["Exordium"],"potions_floor_usage":[6],"damage_taken":[{"damage":3,"enemies":"Jaw Worm","floor":1,"turns":2},{"damage":9,"enemies":"Small Slimes","floor":3,"turns":3},{"damage":14,"enemies":"2 Louse","floor":5,"turns":3},{"damage":54,"enemies":"Lagavulin","floor":6,"turns":8}],"seed_played":"-133152153119239095","potions_obtained":[{"floor":3,"key":"FearPotion"},{"floor":5,"key":"AttackPotion"}],"is_trial":false,"path_per_floor":["M","?","M","?","M","E"],"character_chosen":"IRONCLAD","items_purchased":[],"campfire_rested":0,"item_purchase_floors":[],"current_hp_per_floor":[65,54,45,50,36,0,0],"gold":152,"neow_bonus":"BOSS_RELIC","is_daily":false,"chose_seed":false,"campfire_upgraded":0,"win_rate":0.0,"timestamp":1612139386,"path_taken":["M","?","M","?","M","E"],"items_purchased_type":[],"build_version":"2020-12-22","purchased_purges":0,"victory":false,"max_hp_per_floor":[75,75,75,80,80,80,80],"relic_stats":{"counters":[4,16],"Eternal Feather":0,"obtain_stats":[{"Philosopher\u0027s Stone":0,"Eternal Feather":2,"Burning Blood":0},{"Philosopher\u0027s Stone":0,"Eternal Feather":1,"Burning Blood":0},{"Philosopher\u0027s Stone":0,"Eternal Feather":2,"Burning Blood":0}]},"card_choices":[{"not_picked":["Body Slam","Infernal Blade","Havoc"],"picked":"SKIP","floor":1},{"not_picked":["Warcry","Fire Breathing"],"picked":"True Grit","floor":3},{"not_picked":["Perfected Strike","Headbutt"],"picked":"Dark Embrace","floor":5}],"player_experience":656778,"relics_obtained":[],"event_choices":[{"damage_healed":0,"gold_gain":0,"player_choice":"Success","damage_taken":11,"relics_obtained":["Eternal Feather"],"max_hp_gain":0,"max_hp_loss":0,"event_name":"Scrap Ooze","floor":2,"gold_loss":0},{"damage_healed":0,"gold_gain":0,"player_choice":"Donut","damage_taken":0,"max_hp_gain":5,"max_hp_loss":0,"event_name":"Big Fish","floor":4,"gold_loss":0}],"is_beta":false,"boss_relics":[],"items_purged_floors":[],"is_endless":false,"potions_floor_spawned":[3,5],"killed_by":"Lagavulin","ascension_level":18}}