{"host":"zk71suw73lg2r165","time":1612154691,"event":{"mods":["BaseMod","Colored Map","Minty Spire (QoL Compilation)","Permanent Neow","Relic Stats","StSLib"],"gold_per_floor":[118,131,149,166,110,138,138,153,153,183,183,183,183,183],"floor_reached":13,"language":"ENG","playtime":348,"items_purged":[],"score":194,"play_id":"2099fe07-5ea0-4995-ae6b-ec7cfef49fc7","local_time":"20210131234451","is_ascension_mode":true,"campfire_choices":[{"data":"Static Discharge","floor":7,"key":"SMITH"},{"data":"Barrage","floor":11,"key":"SMITH"}],"circlet_count":0,"master_deck":["AscendersBane","Strike_B","Strike_B","Strike_B","Strike_B","Defend_B","Defend_B","Defend_B","Defend_B","Zap","Dualcast","Loop","Sweeping Beam","Ball Lightning","Barrage+1","Static Discharge+1","Conserve Battery","BootSequence"],"relics":["Coffee Dripper","Du-Vu Doll","Emotion Chip","Symbiotic Virus","Blue Candle"],"acts_visited":["Exordium"],"potions_floor_usage":[8,10,12],"damage_taken":[{"damage":2,"enemies":"2 Louse","floor":1,"turns":4},{"damage":6,"enemies":"Cultist","floor":2,"turns":4},{"damage":7,"enemies":"Jaw Worm","floor":3,"turns":4},{"damage":21,"enemies":"Exordium Wildlife","floor":4,"turns":4},{"damage":8,"enemies":"Gremlin Nob","floor":6,"turns":3},{"damage":18,"enemies":"Large Slime","floor":8,"turns":5},{"damage":3,"enemies":"Lagavulin","floor":10,"turns":5},{"damage":0,"enemies":"3 Louse","floor":12,"turns":2},{"damage":15,"enemies":"3 Sentries","floor":13,"turns":2}],"seed_played":"-8799485501453488847","potions_obtained":[{"floor":1,"key":"Regen Potion"},{"floor":3,"key":"SmokeBomb"},{"floor":8,"key":"PotionOfCapacity"},{"floor":10,"key":"Strength Potion"}],"is_trial":false,"path_per_floor":["M","M","M","M","?","E","R","M","T","E","R","M","E"],"character_chosen":"DEFECT","items_purchased":[],"campfire_rested":0,"item_purchase_floors":[],"current_hp_per_floor":[62,56,49,28,28,20,20,16,16,13,13,13,0,0],"gold":183,"neow_bonus":"BOSS_RELIC","is_daily":false,"chose_seed":false,"campfire_upgraded":2,"win_rate":0.0,"timestamp":1612154691,"path_taken":["M","M","M","M","?","E","R","M","T","E","R","M","E"],"items_purchased_type":[],"build_version":"2020-12-22","purchased_purges":0,"victory":false,"max_hp_per_floor":[71,71,71,71,71,71,71,71,71,71,71,71,71,71],"relic_stats":{"Emotion Chip":[8,8,0,0,0],"counters":[9,33],"Blue Candle":[0],"obtain_stats":[{"Du-Vu Doll":5,"Emotion Chip":6,"Blue Candle":10,"Coffee Dripper":0,"Cracked Core":0,"Symbiotic Virus":9},{"Du-Vu Doll":4,"Emotion Chip":5,"Blue Candle":7,"Coffee Dripper":0,"Cracked Core":0,"Symbiotic Virus":6},{"Du-Vu Doll":16,"Emotion Chip":19,"Blue Candle":29,"Coffee Dripper":0,"Cracked Core":0,"Symbiotic Virus":24}]},"card_choices":[{"not_picked":["Darkness","Skim"],"picked":"Loop","floor":1},{"not_picked":["Lockon","Cold Snap"],"picked":"Sweeping Beam","floor":2},{"not_picked":["Fusion","Sweeping Beam"],"picked":"Ball Lightning","floor":3},{"not_picked":["Storm","Gash"],"picked":"Barrage","floor":4},{"not_picked":["Reinforced Body","Coolheaded"],"picked":"Static Discharge","floor":6},{"not_picked":["Chill","Streamline"],"picked":"Conserve Battery","floor":8},{"not_picked":["Redo","White Noise"],"picked":"BootSequence","floor":10}],"player_experience":1431943,"relics_obtained":[{"floor":6,"key":"Emotion Chip"},{"floor":9,"key":"Symbiotic Virus"},{"floor":10,"key":"Blue Candle"}],"event_choices":[{"damage_healed":0,"gold_gain":0,"player_choice":"Paid Gold","damage_taken":0,"relics_obtained":["Du-Vu Doll"],"max_hp_gain":0,"max_hp_loss":0,"event_name":"WeMeetAgain","floor":5,"gold_loss":56}],"is_beta":false,"boss_relics":[],"items_purged_floors":[],"is_endless":false,"potions_floor_spawned":[1,3,8,10,12],"killed_by":"3 Sentries","ascension_level":20}}