{"host":"poshtwjux72eqzmy","time":1612202118,"event":{"mods":["BaseMod","Bestiary","Block Reminder","Highlight Path","Minty Spire (QoL Compilation)","Relic Stats","StSLib","ojb\u0027s Info Mod"],"gold_per_floor":[113,133,146,71,91,91,124,124,124,183,198,198,223,238,238,309,309,327,341,18,18,18,18,49,49,49,64,64,83,102,136,136,209,209,225,245,245,263,92,123,123,141,141,158,158,171,171,205,205,205,205,205,205,86,116,116],"floor_reached":57,"language":"ENG","playtime":5442,"items_purged":["Strike_G"],"score":2878,"play_id":"9d9e3465-9407-486b-9eb2-e210b00f56af","local_time":"20210201195518","is_ascension_mode":true,"campfire_choices":[{"data":"Blade Dance","floor":6.0,"key":"SMITH"},{"data":"Accuracy","floor":8.0,"key":"SMITH"},{"data":"Wraith Form v2","floor":12.0,"key":"SMITH"},{"data":"Blade Dance","floor":15.0,"key":"SMITH"},{"data":"Tools of the Trade","floor":23.0,"key":"SMITH"},{"data":"Neutralize","floor":25.0,"key":"SMITH"},{"data":"Acrobatics","floor":28.0,"key":"SMITH"},{"data":"Adrenaline","floor":32,"key":"SMITH"},{"data":"Acrobatics","floor":41,"key":"SMITH"},{"data":"After Image","floor":45,"key":"SMITH"},{"floor":49,"key":"RECALL"},{"data":"Wraith Form v2","floor":53,"key":"SMITH"}],"circlet_count":0,"master_deck":["AscendersBane","Strike_G","Strike_G","Strike_G","Defend_G","Defend_G","Defend_G","Defend_G","Defend_G","Survivor","Neutralize+1","Blade Dance+1","Accuracy+1","Dagger Throw","Underhanded Strike","Blade Dance+1","Wraith Form v2+1","Cloak And Dagger+1","Dagger Throw","Tools of the Trade+1","Blade Dance+1","Adrenaline+1","Well Laid Plans+1","Acrobatics+1","Cloak And Dagger+1","Wraith Form v2+1","Prepared+1","Wraith Form v2+1","Adrenaline","Blade Dance+1","Acrobatics+1","After Image+1","Crippling Poison+1","Blur+1","Accuracy","Caltrops"],"relics":["Ring of the Snake","Vajra","Kunai","Eternal Feather","Mercury Hourglass","Question Card","Coffee Dripper","TungstenRod","Pantograph","White Beast Statue","StrikeDummy","Philosopher\u0027s Stone","Orrery","Gambling Chip","Pen Nib","Bottled Tornado"],"acts_visited":["Exordium","TheCity","TheBeyond","TheEnding"],"potions_floor_usage":[29,31,40,44,55,56],"damage_taken":[{"damage":1.0,"enemies":"2 Louse","floor":1.0,"turns":4.0},{"damage":0.0,"enemies":"Jaw Worm","floor":2.0,"turns":4.0},{"damage":0.0,"enemies":"Small Slimes","floor":3.0,"turns":3.0},{"damage":1.0,"enemies":"2 Fungi Beasts","floor":5.0,"turns":2.0},{"damage":12.0,"enemies":"Lagavulin","floor":7.0,"turns":6.0},{"damage":12.0,"enemies":"3 Sentries","floor":10.0,"turns":4.0},{"damage":0.0,"enemies":"Lots of Slimes","floor":11.0,"turns":3.0},{"damage":1.0,"enemies":"Gremlin Nob","floor":13.0,"turns":3.0},{"damage":0.0,"enemies":"Gremlin Gang","floor":14.0,"turns":3.0},{"damage":20.0,"enemies":"Slime Boss","floor":16.0,"turns":7.0},{"damage":6.0,"enemies":"Shell Parasite","floor":18.0,"turns":3.0},{"damage":7.0,"enemies":"2 Thieves","floor":19.0,"turns":4.0},{"damage":15.0,"enemies":"Gremlin Leader","floor":24.0,"turns":4.0},{"damage":0.0,"enemies":"3 Cultists","floor":27.0,"turns":3.0},{"damage":14,"enemies":"Centurion and Healer","floor":29,"turns":3},{"damage":0,"enemies":"Snake Plant","floor":30,"turns":4},{"damage":0,"enemies":"Slavers","floor":31,"turns":2},{"damage":6,"enemies":"Automaton","floor":33,"turns":6},{"damage":0,"enemies":"3 Darklings","floor":35,"turns":4},{"damage":1,"enemies":"Orb Walker","floor":36,"turns":2},{"damage":0,"enemies":"Spire Growth","floor":38,"turns":3},{"damage":0,"enemies":"Nemesis","floor":40,"turns":3},{"damage":0,"enemies":"Transient","floor":42,"turns":6},{"damage":29,"enemies":"Writhing Mass","floor":44,"turns":5},{"damage":0,"enemies":"Maw","floor":46,"turns":5},{"damage":0,"enemies":"Reptomancer","floor":48,"turns":3},{"damage":10,"enemies":"Awakened One","floor":50,"turns":14},{"damage":29,"enemies":"Time Eater","floor":51,"turns":14},{"damage":13,"enemies":"Shield and Spear","floor":55,"turns":6},{"damage":15,"enemies":"The Heart","floor":56,"turns":9}],"seed_played":"3094192850547894920","potions_obtained":[{"floor":2.0,"key":"Strength Potion"},{"floor":10.0,"key":"Ancient Potion"},{"floor":11.0,"key":"DistilledChaos"},{"floor":13.0,"key":"Fire Potion"},{"floor":16.0,"key":"Strength Potion"},{"floor":29,"key":"AttackPotion"},{"floor":31,"key":"FearPotion"},{"floor":40,"key":"SkillPotion"},{"floor":42,"key":"Fruit Juice"},{"floor":44,"key":"SkillPotion"},{"floor":48,"key":"GamblersBrew"},{"floor":55,"key":"Fire Potion"}],"is_trial":false,"path_per_floor":["M","M","M","?","M","R","E","R","T","?","M","R","E","M","R","B",null,"M","M","$","?","?","R","E","R","T","M","R","M","M","E","R","B",null,"M","M","?","M","$","E","R","M","T","M","R","M","?","E","R","B","B",null,"R","$","E","B",null],"character_chosen":"THE_SILENT","items_purchased":["TungstenRod","Orrery","Accuracy"],"campfire_rested":0,"item_purchase_floors":[20,39,54],"current_hp_per_floor":[58,58,58,58,57,57,45,45,45,33,33,42,41,41,53,33,58,52,45,45,45,45,57,42,54,54,54,66,52,52,52,66,60,65,65,64,64,64,64,64,66,66,66,42,63,63,63,63,71,61,42,64,71,71,58,56],"gold":116,"neow_bonus":"RANDOM_COMMON_RELIC","is_daily":false,"chose_seed":false,"campfire_upgraded":11,"win_rate":0.0,"timestamp":1612202118,"path_taken":["M","M","M","?","M","R","E","R","T","?","M","R","E","M","R","BOSS","M","M","$","?","?","R","E","R","T","?","R","?","M","E","R","BOSS","M","M","?","M","$","E","R","?","T","M","R","M","?","E","R","BOSS","BOSS","R","$","E","BOSS"],"items_purchased_type":["Relic","Relic","Card"],"build_version":"2020-12-22","purchased_purges":1,"victory":true,"max_hp_per_floor":[66,66,66,66,66,66,66,66,66,66,66,66,66,66,66,66,66,66,66,66,66,66,66,66,66,66,66,66,66,66,66,66,66,66,66,66,66,66,66,66,66,66,66,71,71,71,71,71,71,71,71,71,71,71,71,71],"relic_stats":{"counters":[30,142],"Pantograph":23,"Gambling Chip":[25],"Eternal Feather":109,"Pen Nib":[23],"Kunai":[187],"Question Card":24,"obtain_stats":[{"Vajra":0,"Eternal Feather":9,"Pen Nib":48,"Bottled Tornado":55,"Question Card":13,"White Beast Statue":26,"Mercury Hourglass":10,"Pantograph":24,"Gambling Chip":40,"Orrery":39,"Philosopher\u0027s Stone":34,"Coffee Dripper":17,"Kunai":7,"StrikeDummy":31,"TungstenRod":20,"Ring of the Snake":0},{"Vajra":0,"Eternal Feather":5,"Pen Nib":26,"Bottled Tornado":29,"Question Card":8,"White Beast Statue":13,"Mercury Hourglass":6,"Pantograph":13,"Gambling Chip":22,"Orrery":21,"Philosopher\u0027s Stone":18,"Coffee Dripper":10,"Kunai":5,"StrikeDummy":17,"TungstenRod":12,"Ring of the Snake":0},{"Vajra":0,"Eternal Feather":19,"Pen Nib":99,"Bottled Tornado":133,"Question Card":29,"White Beast Statue":50,"Mercury Hourglass":23,"Pantograph":50,"Gambling Chip":80,"Orrery":77,"Philosopher\u0027s Stone":68,"Coffee Dripper":39,"Kunai":19,"StrikeDummy":62,"TungstenRod":46,"Ring of the Snake":0}],"TungstenRod":89,"Ring of the Snake":[60],"Mercury Hourglass":[451]},"card_choices":[{"not_picked":["Slice","Deflect"],"picked":"Blade Dance","floor":1.0},{"not_picked":["Prepared","Crippling Poison"],"picked":"Accuracy","floor":2.0},{"not_picked":["Accuracy","Setup"],"picked":"Dagger Throw","floor":3.0},{"not_picked":["PiercingWail","Blur","Sucker Punch"],"picked":"SKIP","floor":5.0},{"not_picked":["Poisoned Stab","Dagger Throw"],"picked":"Underhanded Strike","floor":7.0},{"not_picked":["Deadly Poison","Bane"],"picked":"Blade Dance","floor":10.0},{"not_picked":["Sucker Punch","Cloak And Dagger"],"picked":"Wraith Form v2","floor":11.0},{"not_picked":["Footwork","Dagger Throw"],"picked":"Cloak And Dagger","floor":13.0},{"not_picked":["Blade Dance","Outmaneuver","PiercingWail"],"picked":"Dagger Throw","floor":14.0},{"not_picked":["Malaise","Bullet Time","Envenom"],"picked":"Tools of the Trade","floor":16.0},{"not_picked":["Underhanded Strike","Masterful Stab","Noxious Fumes","All Out Attack"],"picked":"SKIP","floor":18.0},{"not_picked":["Acrobatics","Dodge and Roll","Underhanded Strike"],"picked":"Blade Dance+1","floor":19.0},{"not_picked":["Heel Hook","A Thousand Cuts","Caltrops"],"picked":"Well Laid Plans+1","floor":24.0},{"not_picked":["Blade Dance","Footwork","Backflip"],"picked":"Acrobatics","floor":27.0},{"not_picked":["Sucker Punch","Outmaneuver","Cloak And Dagger","Unload"],"picked":"SKIP","floor":29},{"not_picked":["Backflip","Dodge and Roll","Dagger Throw"],"picked":"Cloak And Dagger+1","floor":30},{"not_picked":["Quick Slash","Backstab","Cloak And Dagger","Caltrops"],"picked":"SKIP","floor":31},{"not_picked":["Die Die Die","Bullet Time","Malaise"],"picked":"Wraith Form v2","floor":33},{"not_picked":["Dagger Throw","Poisoned Stab","Deadly Poison","Noxious Fumes"],"picked":"SKIP","floor":35},{"not_picked":["Cloak And Dagger","Backstab","Well Laid Plans"],"picked":"Prepared+1","floor":36},{"not_picked":["Underhanded Strike","Bane","Blur","Deadly Poison"],"picked":"SKIP","floor":38},{"not_picked":["Predator","Poisoned Stab+1","Deadly Poison"],"picked":"Adrenaline","floor":39},{"not_picked":["PiercingWail","Deadly Poison","Well Laid Plans"],"picked":"Dagger Spray+1","floor":39},{"not_picked":["Masterful Stab","Slice+1","Flying Knee"],"picked":"Blade Dance+1","floor":39},{"not_picked":["Predator","Calculated Gamble","Sucker Punch"],"picked":"Acrobatics","floor":39},{"not_picked":["Accuracy","Cloak And Dagger","Well Laid Plans","PiercingWail"],"picked":"SKIP","floor":40},{"not_picked":["Quick Slash","Accuracy","Masterful Stab"],"picked":"After Image","floor":42},{"not_picked":["Backflip","Skewer","Acrobatics"],"picked":"Crippling Poison+1","floor":44},{"not_picked":["Concentrate","PiercingWail","Prepared","Backflip"],"picked":"SKIP","floor":46},{"not_picked":["Quick Slash","Flying Knee","Leg Sweep"],"picked":"Blur+1","floor":48},{"not_picked":["Prepared","PiercingWail","Expertise+1"],"picked":"Caltrops","floor":55}],"player_experience":1102641,"relics_obtained":[{"floor":7.0,"key":"Kunai"},{"floor":9.0,"key":"Eternal Feather"},{"floor":10.0,"key":"Mercury Hourglass"},{"floor":13.0,"key":"Question Card"},{"floor":24.0,"key":"Pantograph"},{"floor":26.0,"key":"White Beast Statue"},{"floor":31,"key":"StrikeDummy"},{"floor":40,"key":"Gambling Chip"},{"floor":48,"key":"Pen Nib"},{"floor":55,"key":"Bottled Tornado"}],"event_choices":[{"cards_removed":["Strike_G"],"damage_healed":0.0,"max_hp_gain":0.0,"max_hp_loss":0.0,"gold_gain":0.0,"event_name":"The Cleric","player_choice":"Card Removal","floor":4.0,"gold_loss":75.0,"damage_taken":0.0},{"damage_healed":0.0,"max_hp_gain":0.0,"max_hp_loss":0.0,"gold_gain":30.0,"event_name":"Dead Adventurer","player_choice":"Searched \u00273\u0027 times","floor":10.0,"gold_loss":0.0,"damage_taken":0.0},{"damage_healed":0.0,"max_hp_gain":0.0,"max_hp_loss":0.0,"gold_gain":0.0,"event_name":"The Library","player_choice":"Read","floor":21.0,"gold_loss":0.0,"damage_taken":0.0,"cards_obtained":["Adrenaline"]},{"damage_healed":0.0,"max_hp_gain":0.0,"max_hp_loss":0.0,"gold_gain":0.0,"event_name":"Upgrade Shrine","player_choice":"Upgraded","floor":22.0,"gold_loss":0.0,"damage_taken":0.0,"cards_upgraded":["Cloak And Dagger"]},{"damage_healed":0,"gold_gain":0,"player_choice":"Copied","damage_taken":0,"max_hp_gain":0,"max_hp_loss":0,"event_name":"Duplicator","floor":37,"gold_loss":0,"cards_obtained":["Wraith Form v2"]},{"cards_removed":["Dagger Spray"],"damage_healed":0,"gold_gain":0,"player_choice":"Removed Attack","damage_taken":0,"max_hp_gain":0,"max_hp_loss":0,"event_name":"Falling","floor":47,"gold_loss":0}],"is_beta":false,"boss_relics":[{"not_picked":["Sozu","Astrolabe"],"picked":"Coffee Dripper"},{"not_picked":["Busted Crown","Snecko Eye"],"picked":"Philosopher\u0027s Stone"}],"items_purged_floors":[54],"is_endless":false,"potions_floor_spawned":[2,10,11,13,16,18,19,27,29,30,31,33,35,36,38,40,42,44,46,48,55],"ascension_level":20}}