{"host":"uuef13iiy6j2c50k","time":1612149819,"event":{"mods":["BaseMod","Minty Spire (QoL Compilation)","Quick Restart","Relic Stats","Slay-I","StSLib","SuperFastMode"],"gold_per_floor":[111,131,56,56,56,56,83,83,83,110,110,141,216,216,216,316,316,331,331,347,41,53,53,103,103,103,3,14,46,46,46,46,142,142,155,6,25,74,296,296,312,337,416,431,450,450,450,450,450,450,450],"floor_reached":50,"language":"ENG","playtime":2225,"items_purged":["Strike_B","Regret"],"score":690,"play_id":"fae866cc-57fc-44a2-877b-edde6ad01374","local_time":"20210131172339","is_ascension_mode":true,"campfire_choices":[{"data":"Hyperbeam","floor":6.0,"key":"SMITH"},{"data":"Defragment","floor":8.0,"key":"SMITH"},{"floor":15.0,"key":"REST"},{"floor":23.0,"key":"REST"},{"data":"Hyperbeam","floor":25.0,"key":"SMITH"},{"floor":32.0,"key":"REST"},{"data":"Go for the Eyes","floor":40.0,"key":"SMITH"},{"data":"Conserve Battery","floor":46.0,"key":"SMITH"},{"floor":49.0,"key":"RECALL"}],"circlet_count":0,"master_deck":["Defend_B","Defend_B","Defend_B","Defend_B","Dualcast","Gash","Hyperbeam+1","Defragment+1","Echo Form","Hyperbeam+1","Necronomicurse","Reinforced Body+1","Self Repair+1","Reboot","Defragment","Reboot","Self Repair+1","Conserve Battery+1","Stack","Reinforced Body+1","Decay","Turbo+1","Blind"],"relics":["Cracked Core","NeowsBlessing","Juzu Bracelet","Toy Ornithopter","Gremlin Horn","Bronze Scales","InkBottle","Cursed Key","Necronomicon","Ice Cream","Red Mask","Empty Cage","Chemical X","Du-Vu Doll","Singing Bowl","Bottled Flame"],"acts_visited":["Exordium","TheCity","TheBeyond"],"potions_floor_usage":[],"damage_taken":[{"damage":0.0,"enemies":"Jaw Worm","floor":1.0,"turns":1.0},{"damage":0.0,"enemies":"2 Louse","floor":2.0,"turns":1.0},{"damage":0.0,"enemies":"Gremlin Nob","floor":7.0,"turns":1.0},{"damage":0.0,"enemies":"3 Sentries","floor":10.0,"turns":2.0},{"damage":15.0,"enemies":"Lagavulin","floor":12.0,"turns":6.0},{"damage":35.0,"enemies":"Hexaghost","floor":16.0,"turns":9.0},{"damage":1.0,"enemies":"Spheric Guardian","floor":18.0,"turns":3.0},{"damage":19.0,"enemies":"Shell Parasite","floor":20.0,"turns":3.0},{"damage":13.0,"enemies":"Chosen and Byrds","floor":22.0,"turns":2.0},{"damage":6.0,"enemies":"Snecko","floor":28.0,"turns":3.0},{"damage":0.0,"enemies":"Masked Bandits","floor":29.0,"turns":2.0},{"damage":9.0,"enemies":"Collector","floor":33.0,"turns":5.0},{"damage":13.0,"enemies":"3 Shapes","floor":35.0,"turns":2.0},{"damage":0.0,"enemies":"3 Darklings","floor":37.0,"turns":1.0},{"damage":10.0,"enemies":"2 Orb Walkers","floor":38.0,"turns":3.0},{"damage":8.0,"enemies":"Maw","floor":41.0,"turns":8.0},{"damage":65.0,"enemies":"Reptomancer","floor":42.0,"turns":6.0},{"damage":1.0,"enemies":"Spire Growth","floor":44.0,"turns":3.0},{"damage":0.0,"enemies":"Sphere and 2 Shapes","floor":45.0,"turns":1.0},{"damage":54,"enemies":"Donu and Deca","floor":50,"turns":4}],"seed_played":"5703465618131082478","potions_obtained":[{"floor":7.0,"key":"SteroidPotion"},{"floor":12.0,"key":"PotionOfCapacity"},{"floor":18.0,"key":"Ancient Potion"},{"floor":29.0,"key":"Explosive Potion"},{"floor":37.0,"key":"Ancient Potion"}],"is_trial":false,"path_per_floor":["M","M","$","?","?","R","E","R","T","E","$","E","?","?","R","B",null,"M","?","M","$","M","R","?","R","T","$","M","?","?","?","R","B",null,"M","$","M","?","?","R","M","E","T","M","M","R","?","?","R","B"],"character_chosen":"DEFECT","items_purchased":["Ice Cream","Chemical X"],"campfire_rested":3,"item_purchase_floors":[21,36],"current_hp_per_floor":[75,75,75,75,50,50,50,50,50,55,55,40,29,22,44,9,59,58,42,23,23,10,32,32,32,32,32,26,26,26,26,48,39,66,53,53,53,63,63,63,75,40,40,49,51,51,51,45,45,0,0],"gold":450,"neow_bonus":"THREE_ENEMY_KILL","is_daily":false,"chose_seed":false,"campfire_upgraded":5,"win_rate":0.0,"timestamp":1612149819,"path_taken":["M","M","$","?","?","R","E","R","T","E","$","E","?","?","R","BOSS","M","?","M","$","M","R","?","R","T","$","M","?","?","?","R","BOSS","M","$","M","?","?","R","M","E","T","M","M","R","?","?","R","BOSS"],"items_purchased_type":["Relic","Relic"],"build_version":"2020-12-22","purchased_purges":2,"victory":false,"max_hp_per_floor":[75,75,75,75,75,75,75,75,75,75,75,75,75,75,75,75,75,75,75,75,75,75,75,75,75,75,75,75,75,75,75,75,75,75,75,75,75,75,75,75,75,75,75,75,77,77,77,81,81,81,81],"relic_stats":{"Gremlin Horn":[14,14],"Singing Bowl":6,"counters":[20,66],"Bronze Scales":[180],"Juzu Bracelet":2,"Necronomicon":[22],"Chemical X":[7],"Cursed Key":2,"obtain_stats":[{"Ice Cream":21,"NeowsBlessing":0,"Gremlin Horn":9,"Singing Bowl":42,"Juzu Bracelet":5,"Cursed Key":17,"Empty Cage":34,"Du-Vu Doll":38,"Bottled Flame":43,"Bronze Scales":10,"Necronomicon":19,"Red Mask":29,"Chemical X":36,"Cracked Core":0,"Toy Ornithopter":7,"InkBottle":12},{"Ice Cream":8,"NeowsBlessing":0,"Gremlin Horn":3,"Singing Bowl":17,"Juzu Bracelet":2,"Cursed Key":6,"Empty Cage":12,"Du-Vu Doll":15,"Bottled Flame":17,"Bronze Scales":4,"Necronomicon":7,"Red Mask":11,"Chemical X":13,"Cracked Core":0,"Toy Ornithopter":3,"InkBottle":5},{"Ice Cream":26,"NeowsBlessing":0,"Gremlin Horn":3,"Singing Bowl":58,"Juzu Bracelet":2,"Cursed Key":20,"Empty Cage":38,"Du-Vu Doll":44,"Bottled Flame":58,"Bronze Scales":5,"Necronomicon":23,"Red Mask":33,"Chemical X":40,"Cracked Core":0,"Toy Ornithopter":3,"InkBottle":11}],"Toy Ornithopter":5,"InkBottle":[16]},"card_choices":[{"not_picked":["Recycle","Compile Driver"],"picked":"Gash","floor":1.0},{"not_picked":["Turbo","Hologram"],"picked":"Go for the Eyes","floor":2.0},{"not_picked":["Compile Driver","Rebound"],"picked":"Defragment","floor":7.0},{"not_picked":["Coolheaded","Chill"],"picked":"Echo Form","floor":10.0},{"not_picked":["Stack","Redo","Double Energy"],"picked":"SKIP","floor":12.0},{"not_picked":["Fission","Core Surge"],"picked":"Hyperbeam","floor":16.0},{"not_picked":["BootSequence","Rebound+1"],"picked":"Coolheaded","floor":18.0},{"not_picked":["Ball Lightning+1","Streamline","Barrage"],"picked":"SKIP","floor":20.0},{"not_picked":["Ball Lightning","Cold Snap"],"picked":"Reinforced Body+1","floor":22.0},{"not_picked":["Hello World","Compile Driver","Barrage"],"picked":"SKIP","floor":28.0},{"not_picked":["Stack","Turbo"],"picked":"Self Repair+1","floor":29.0},{"not_picked":["Fission","Thunder Strike"],"picked":"Reboot","floor":33.0},{"not_picked":["Tempest+1","Cold Snap+1","Steam"],"picked":"SKIP","floor":35.0},{"not_picked":["Stack","Steam+1"],"picked":"Self Repair+1","floor":37.0},{"not_picked":["Redo+1","Blizzard+1"],"picked":"Conserve Battery","floor":38.0},{"not_picked":["Beam Cell","Chaos+1"],"picked":"Stack","floor":41.0},{"not_picked":["Seek","Barrage+1"],"picked":"Reinforced Body+1","floor":42.0},{"not_picked":["Sunder","Streamline+1"],"picked":"Turbo+1","floor":44.0},{"not_picked":["Leap","Tempest","Ball Lightning+1"],"picked":"Singing Bowl","floor":45.0},{"not_picked":["Mind Blast","Bandage Up"],"picked":"Blind","floor":48.0},{"not_picked":["Impatience","Purity","HandOfGreed"],"picked":"Singing Bowl","floor":48.0},{"not_picked":["Finesse","Panache","Jack Of All Trades"],"picked":"Singing Bowl","floor":48.0}],"player_experience":44108,"relics_obtained":[{"floor":7.0,"key":"Toy Ornithopter"},{"floor":9.0,"key":"Gremlin Horn"},{"floor":10.0,"key":"Bronze Scales"},{"floor":12.0,"key":"InkBottle"},{"floor":19.0,"key":"Necronomicon"},{"floor":29.0,"key":"Red Mask"},{"floor":38.0,"key":"Du-Vu Doll"},{"floor":42.0,"key":"Singing Bowl"},{"floor":43.0,"key":"Bottled Flame"}],"event_choices":[{"damage_healed":0.0,"max_hp_gain":0.0,"max_hp_loss":0.0,"gold_gain":0.0,"cards_transformed":["Strike_B"],"event_name":"Living Wall","player_choice":"Change","floor":4.0,"gold_loss":0.0,"damage_taken":0.0,"cards_obtained":["Hyperbeam"]},{"damage_healed":0.0,"max_hp_gain":0.0,"max_hp_loss":0.0,"gold_gain":0.0,"event_name":"Scrap Ooze","player_choice":"Success","floor":5.0,"gold_loss":0.0,"damage_taken":25.0,"relics_obtained":["Juzu Bracelet"]},{"damage_healed":0.0,"max_hp_gain":0.0,"max_hp_loss":0.0,"gold_gain":75.0,"event_name":"World of Goop","player_choice":"Gather Gold","floor":13.0,"gold_loss":0.0,"damage_taken":11.0},{"cards_removed":["Strike_B"],"damage_healed":0.0,"max_hp_gain":0.0,"max_hp_loss":0.0,"gold_gain":0.0,"event_name":"Golden Wing","player_choice":"Card Removal","floor":14.0,"gold_loss":0.0,"damage_taken":7.0},{"damage_healed":0.0,"max_hp_gain":0.0,"max_hp_loss":0.0,"gold_gain":0.0,"event_name":"Cursed Tome","player_choice":"Obtained Book","floor":19.0,"gold_loss":0.0,"damage_taken":16.0},{"damage_healed":0.0,"max_hp_gain":0.0,"max_hp_loss":0.0,"gold_gain":100.0,"event_name":"The Joust","player_choice":"Bet on Murderer","floor":24.0,"gold_loss":50.0,"damage_taken":0.0},{"damage_healed":0.0,"max_hp_gain":0.0,"max_hp_loss":0.0,"gold_gain":0.0,"event_name":"Masked Bandits","player_choice":"Fought Bandits","floor":29.0,"gold_loss":0.0,"damage_taken":0.0},{"damage_healed":0.0,"max_hp_gain":0.0,"max_hp_loss":0.0,"gold_gain":0.0,"event_name":"Match and Keep!","player_choice":"2 cards matched","floor":30.0,"gold_loss":0.0,"damage_taken":0.0,"cards_obtained":["Reboot","Defragment"]},{"cards_removed":["Zap"],"damage_healed":0.0,"max_hp_gain":0.0,"max_hp_loss":0.0,"gold_gain":0.0,"event_name":"Purifier","player_choice":"Purged","floor":31.0,"gold_loss":0.0,"damage_taken":0.0},{"damage_healed":0.0,"max_hp_gain":0.0,"max_hp_loss":0.0,"gold_gain":0.0,"event_name":"Mysterious Sphere","player_choice":"Fight","floor":38.0,"gold_loss":0.0,"damage_taken":0.0},{"damage_healed":0.0,"max_hp_gain":0.0,"max_hp_loss":0.0,"gold_gain":222.0,"event_name":"Tomb of Lord Red Mask","player_choice":"Wore Mask","floor":39.0,"gold_loss":0.0,"damage_taken":0.0},{"cards_removed":["Go for the Eyes"],"damage_healed":0.0,"max_hp_gain":0.0,"max_hp_loss":0.0,"gold_gain":0.0,"event_name":"Falling","player_choice":"Removed Attack","floor":47.0,"gold_loss":0.0,"damage_taken":0.0},{"damage_healed":0.0,"max_hp_gain":0.0,"max_hp_loss":0.0,"gold_gain":0.0,"event_name":"SensoryStone","player_choice":"Memory 3","floor":48.0,"gold_loss":0.0,"damage_taken":10.0}],"is_beta":false,"boss_relics":[{"not_picked":["Runic Dome","Velvet Choker"],"picked":"Cursed Key"},{"not_picked":["SacredBark","Black Star"],"picked":"Empty Cage"}],"items_purged_floors":[3,27],"is_endless":false,"potions_floor_spawned":[7,12,18,29,37,42,45],"killed_by":"Donu and Deca","ascension_level":5}}