{"host":"11728qvdvolffudn","time":1612198105,"event":{"mods":["BaseMod","Block Reminder","Colored Powertips","Curses Come First","Custom Start","Displayed Cursed Tome","Highlight Path","Minty Spire (QoL Compilation)","Permanent Neow","Quick Restart","Rare Cards Sparkle","Relic Stats","StSLib"],"gold_per_floor":[115,115,115,4,4,4,16,34,59,59,74,101,119,194,194,194,194],"floor_reached":16,"language":"ENG","playtime":755,"items_purged":["Regret"],"score":105,"play_id":"b187511c-f279-4178-b010-78e774cd6ab2","local_time":"20210201164825","is_ascension_mode":true,"campfire_choices":[{"data":"Whirlwind","floor":6,"key":"SMITH"},{"data":"Rampage","floor":10,"key":"SMITH"},{"data":"Flex","floor":15,"key":"SMITH"}],"circlet_count":0,"master_deck":["Strike_R+1","Strike_R+1","Strike_R","Strike_R","Defend_R","Defend_R","Defend_R","Defend_R","Bash","Rampage+1","Whirlwind+1","Dropkick","Headbutt+1","Flex+1"],"relics":["Burning Blood","Strawberry","Molten Egg 2","Potion Belt","Bag of Marbles"],"acts_visited":["Exordium"],"potions_floor_usage":[16,16,16],"damage_taken":[{"damage":6,"enemies":"Cultist","floor":1,"turns":3},{"damage":1,"enemies":"Jaw Worm","floor":7,"turns":3},{"damage":0,"enemies":"2 Louse","floor":8,"turns":2},{"damage":10,"enemies":"Exordium Thugs","floor":11,"turns":5},{"damage":26,"enemies":"Gremlin Nob","floor":12,"turns":4},{"damage":2,"enemies":"Blue Slaver","floor":13,"turns":2},{"damage":51,"enemies":"The Guardian","floor":16,"turns":8}],"seed_played":"-1569229120883666305","potions_obtained":[{"floor":1,"key":"FearPotion"},{"floor":8,"key":"ColorlessPotion"},{"floor":12,"key":"Block Potion"}],"is_trial":false,"path_per_floor":["M","?","?","$","T","R","M","M","T","R","M","E","M","?","R","B"],"character_chosen":"IRONCLAD","items_purchased":["Dropkick"],"campfire_rested":0,"item_purchase_floors":[4],"current_hp_per_floor":[80,64,71,71,71,71,76,82,82,82,78,58,62,51,51,0,0],"gold":194,"neow_bonus":"TRANSFORM_CARD","is_daily":false,"chose_seed":false,"campfire_upgraded":3,"win_rate":0.0,"timestamp":1612198105,"path_taken":["M","?","?","$","?","R","M","M","T","R","?","E","M","?","R","BOSS"],"items_purchased_type":["Card"],"build_version":"2020-12-22","purchased_purges":1,"victory":false,"max_hp_per_floor":[80,80,87,87,87,87,87,87,87,87,87,87,87,87,87,87,87],"relic_stats":{"counters":[7,27],"obtain_stats":[{"Potion Belt":9,"Strawberry":3,"Molten Egg 2":5,"Bag of Marbles":12,"Burning Blood":0},{"Potion Belt":3,"Strawberry":1,"Molten Egg 2":1,"Bag of Marbles":5,"Burning Blood":0},{"Potion Belt":8,"Strawberry":3,"Molten Egg 2":3,"Bag of Marbles":17,"Burning Blood":0}],"Burning Blood":36},"card_choices":[{"not_picked":["Wild Strike","Reckless Charge"],"picked":"Whirlwind","floor":1},{"not_picked":["Warcry","Clothesline+1"],"picked":"Headbutt+1","floor":7},{"not_picked":["Juggernaut","Cleave+1","True Grit"],"picked":"SKIP","floor":8},{"not_picked":["Fire Breathing","Headbutt+1"],"picked":"Flex","floor":11},{"not_picked":["Perfected Strike+1","Thunderclap+1","Bloodletting"],"picked":"SKIP","floor":12},{"not_picked":["Thunderclap+1","Perfected Strike+1","Rupture"],"picked":"SKIP","floor":13}],"player_experience":165190,"relics_obtained":[{"floor":5,"key":"Molten Egg 2"},{"floor":9,"key":"Potion Belt"},{"floor":12,"key":"Bag of Marbles"}],"event_choices":[{"damage_healed":0,"gold_gain":0,"player_choice":"Entered Light","damage_taken":16,"max_hp_gain":0,"max_hp_loss":0,"event_name":"Shining Light","floor":2,"gold_loss":0,"cards_upgraded":["Strike_R","Strike_R"]},{"damage_healed":0,"gold_gain":0,"player_choice":"Box","damage_taken":0,"relics_obtained":["Strawberry"],"max_hp_gain":0,"max_hp_loss":0,"event_name":"Big Fish","floor":3,"gold_loss":0,"cards_obtained":["Regret"]},{"damage_healed":0,"gold_gain":75,"player_choice":"Gather Gold","damage_taken":11,"max_hp_gain":0,"max_hp_loss":0,"event_name":"World of Goop","floor":14,"gold_loss":0}],"is_beta":false,"boss_relics":[],"items_purged_floors":[4],"is_endless":false,"potions_floor_spawned":[1,8,12],"killed_by":"The Guardian","ascension_level":1}}