{"host":"5n1fl7z5i1vf7jan","time":1612155230,"event":{"mods":["BaseMod","Minty Spire (QoL Compilation)","Quick Restart","Relic Stats"],"gold_per_floor":[99,99,30,30,30,30,30,30,30,30,30,30,30,0,0,0,0,0,0,0,0,0,0,0,0,0,0,0,0,0,0,0,0,0],"floor_reached":33,"language":"ENG","playtime":1251,"items_purged":[],"score":598,"play_id":"78016536-0288-4bbd-b46e-a2f358c51652","local_time":"20210131205350","is_ascension_mode":true,"campfire_choices":[{"data":"TalkToTheHand","floor":8.0,"key":"SMITH"},{"data":"Wallop","floor":12.0,"key":"SMITH"},{"data":"Omniscience","floor":15.0,"key":"SMITH"},{"floor":25.0,"key":"REST"},{"data":"WaveOfTheHand","floor":29.0,"key":"SMITH"},{"data":"Eruption","floor":32.0,"key":"SMITH"}],"circlet_count":0,"master_deck":["AscendersBane","Strike_P","Defend_P","Defend_P","Defend_P","Defend_P","Eruption+1","Vigilance+1","FlurryOfBlows","TalkToTheHand+1","Consecrate","WheelKick","WaveOfTheHand+1","BattleHymn","Wallop+1","Omniscience+1","CrushJoints","Evaluate+1","ThirdEye","JustLucky","Weave"],"relics":["Ectoplasm","Regal Pillow","Eternal Feather","Lizard Tail","Centennial Puzzle","Empty Cage","SsserpentHead","Tiny Chest","CeramicFish","Mercury Hourglass"],"acts_visited":["Exordium","TheCity"],"potions_floor_usage":[],"damage_taken":[{"damage":0.0,"enemies":"Jaw Worm","floor":1.0,"turns":4.0},{"damage":0.0,"enemies":"Small Slimes","floor":2.0,"turns":3.0},{"damage":0.0,"enemies":"Cultist","floor":4.0,"turns":2.0},{"damage":0.0,"enemies":"Exordium Thugs","floor":5.0,"turns":4.0},{"damage":22.0,"enemies":"Gremlin Nob","floor":6.0,"turns":4.0},{"damage":0.0,"enemies":"2 Fungi Beasts","floor":7.0,"turns":2.0},{"damage":0.0,"enemies":"Lagavulin","floor":10.0,"turns":7.0},{"damage":13.0,"enemies":"Red Slaver","floor":11.0,"turns":4.0},{"damage":5.0,"enemies":"3 Sentries","floor":13.0,"turns":5.0},{"damage":0.0,"enemies":"Looter","floor":14.0,"turns":3.0},{"damage":3.0,"enemies":"The Guardian","floor":16.0,"turns":10.0},{"damage":3.0,"enemies":"3 Byrds","floor":18.0,"turns":4.0},{"damage":7.0,"enemies":"Shell Parasite","floor":21.0,"turns":4.0},{"damage":0.0,"enemies":"Snake Plant","floor":22.0,"turns":2.0},{"damage":31.0,"enemies":"Gremlin Leader","floor":23.0,"turns":7.0},{"damage":0.0,"enemies":"Snecko","floor":24.0,"turns":2.0},{"damage":28.0,"enemies":"Slavers","floor":27.0,"turns":7.0},{"damage":103,"enemies":"Automaton","floor":33,"turns":8}],"seed_played":"348311596450048336","potions_obtained":[{"floor":1.0,"key":"SteroidPotion"},{"floor":5.0,"key":"DuplicationPotion"},{"floor":7.0,"key":"DistilledChaos"},{"floor":14.0,"key":"SmokeBomb"},{"floor":16.0,"key":"LiquidBronze"},{"floor":23.0,"key":"FearPotion"},{"floor":24.0,"key":"AttackPotion"}],"is_trial":false,"path_per_floor":["M","M","?","M","M","E","M","R","T","E","M","R","E","M","R","B",null,"M","?","?","M","M","E","M","R","T","E","$","R","T","?","R","B"],"character_chosen":"WATCHER","items_purchased":[],"campfire_rested":1,"item_purchase_floors":[],"current_hp_per_floor":[61,61,61,61,61,39,39,39,39,39,26,35,30,30,42,39,61,58,58,58,51,51,20,20,67,67,39,39,51,51,51,63,0,0],"gold":0,"neow_bonus":"BOSS_RELIC","is_daily":false,"chose_seed":false,"campfire_upgraded":5,"win_rate":0.0,"timestamp":1612155230,"path_taken":["M","M","?","M","M","E","M","R","T","E","M","R","E","M","R","BOSS","M","?","?","M","?","E","M","R","T","E","?","R","?","?","R","BOSS"],"items_purchased_type":[],"build_version":"2020-12-22","purchased_purges":0,"victory":false,"max_hp_per_floor":[68,68,68,68,68,68,68,68,68,68,68,68,68,68,68,68,68,68,68,68,68,68,68,68,68,68,68,68,68,68,68,68,68,68],"relic_stats":{"SsserpentHead":0,"Regal Pillow":15,"Lizard Tail":34,"Centennial Puzzle":[18],"counters":[18,82],"CeramicFish":0,"Eternal Feather":57,"Tiny Chest":0,"Ectoplasm":707,"obtain_stats":[{"SsserpentHead":20,"Regal Pillow":6,"Lizard Tail":10,"Centennial Puzzle":13,"CeramicFish":27,"Eternal Feather":9,"Tiny Chest":23,"Ectoplasm":0,"PureWater":0,"Empty Cage":17,"Mercury Hourglass":30},{"SsserpentHead":12,"Regal Pillow":5,"Lizard Tail":7,"Centennial Puzzle":9,"CeramicFish":17,"Eternal Feather":6,"Tiny Chest":15,"Ectoplasm":0,"PureWater":0,"Empty Cage":11,"Mercury Hourglass":17},{"SsserpentHead":52,"Regal Pillow":17,"Lizard Tail":26,"Centennial Puzzle":35,"CeramicFish":74,"Eternal Feather":19,"Tiny Chest":65,"Ectoplasm":0,"PureWater":0,"Empty Cage":48,"Mercury Hourglass":74}],"Mercury Hourglass":[45]},"card_choices":[{"not_picked":["LikeWater","PathToVictory"],"picked":"FlurryOfBlows","floor":1.0},{"not_picked":["CarveReality","Fasting2"],"picked":"TalkToTheHand","floor":2.0},{"not_picked":["BowlingBash","Worship"],"picked":"Consecrate","floor":4.0},{"not_picked":["PathToVictory","Halt","Collect"],"picked":"SKIP","floor":5.0},{"not_picked":["FlurryOfBlows","DeusExMachina"],"picked":"WheelKick","floor":6.0},{"not_picked":["FlyingSleeves","WheelKick"],"picked":"WaveOfTheHand","floor":7.0},{"not_picked":["EmptyBody","Consecrate"],"picked":"BattleHymn","floor":10.0},{"not_picked":["FlyingSleeves","Halt"],"picked":"Wallop","floor":11.0},{"not_picked":["Crescendo","Evaluate"],"picked":"Omniscience","floor":13.0},{"not_picked":["LikeWater","EmptyBody"],"picked":"CrushJoints","floor":14.0},{"not_picked":["JustLucky","Crescendo","EmptyBody"],"picked":"SKIP","floor":18.0},{"not_picked":["ReachHeaven+1","SashWhip"],"picked":"Evaluate+1","floor":21.0},{"not_picked":["EmptyBody","Prostrate"],"picked":"ThirdEye","floor":23.0},{"not_picked":["BowlingBash","ThirdEye"],"picked":"JustLucky","floor":24.0},{"not_picked":["MentalFortress+1","ThirdEye"],"picked":"Weave","floor":27.0}],"player_experience":294519,"relics_obtained":[{"floor":6.0,"key":"Regal Pillow"},{"floor":9.0,"key":"Eternal Feather"},{"floor":10.0,"key":"Lizard Tail"},{"floor":13.0,"key":"Centennial Puzzle"},{"floor":23.0,"key":"Tiny Chest"},{"floor":27.0,"key":"CeramicFish"},{"floor":30.0,"key":"Mercury Hourglass"}],"event_choices":[{"damage_healed":0.0,"max_hp_gain":0.0,"max_hp_loss":0.0,"gold_gain":0.0,"event_name":"World of Goop","player_choice":"Left Gold","floor":3.0,"gold_loss":69.0,"damage_taken":0.0},{"cards_removed":["Strike_P"],"damage_healed":0.0,"max_hp_gain":0.0,"max_hp_loss":0.0,"gold_gain":0.0,"event_name":"Back to Basics","player_choice":"Elegance","floor":19.0,"gold_loss":0.0,"damage_taken":0.0},{"damage_healed":0.0,"max_hp_gain":0.0,"max_hp_loss":0.0,"gold_gain":0.0,"event_name":"FaceTrader","player_choice":"Trade","floor":20.0,"gold_loss":0.0,"damage_taken":0.0,"relics_obtained":["SsserpentHead"]},{"damage_healed":0.0,"max_hp_gain":0.0,"max_hp_loss":0.0,"gold_gain":0.0,"event_name":"Accursed Blacksmith","player_choice":"Forge","floor":31.0,"gold_loss":0.0,"damage_taken":0.0,"cards_upgraded":["Vigilance"]}],"is_beta":false,"boss_relics":[{"not_picked":["Velvet Choker","Pandora\u0027s Box"],"picked":"Empty Cage"}],"items_purged_floors":[],"is_endless":false,"potions_floor_spawned":[1,5,7,14,16,23,24],"killed_by":"Automaton","ascension_level":16}}