{"host":"rwmcmr2m88k7tuzm","time":1612139018,"event":{"mods":["BaseMod","BetterRewards","Conspire","Downfall","Hubris","Infinite Spire","Minty Spire (QoL Compilation)","Quick Restart","Replay The Spire","Shop Mod","StSLib","SuperFastMode"],"gold_per_floor":[119,142,142,142,53,82,82,99,99,110,122,122,152,169,169,265,265,279,279,329,343,343,343,358,129,129,129,146,159,191,237,237,336,336,347,103,103,114,127,160,179,179,179,204,254,254,282,11,11,11],"floor_reached":51,"language":"ENG","playtime":1655,"items_purged":["downfall:Bewildered","CommonCold"],"score":855,"play_id":"d8721daf-9282-4d0e-b320-4b79b454795d","local_time":"20210201002338","is_ascension_mode":false,"campfire_choices":[{"floor":7,"key":"REST"},{"data":"1","floor":15,"key":"LIFT"},{"data":"2","floor":23,"key":"LIFT"},{"data":"3","floor":32,"key":"LIFT"},{"data":"Panacea","floor":49,"key":"SMITH"}],"circlet_count":0,"master_deck":["Strike_R","Strike_R","Strike_R","Strike_R","Strike_R","Defend_R","Defend_R","Defend_R","Defend_R","Bash","Replay:Bootleg Shield Generator","Massacre","conspire:ExplosiveBarrier","Pot Of Greed","Pot Of Greed","infinitespire:Starlight+1","Bandage Up","Heavy Blade","Pummel","Flex","Feel No Pain","Juggernaut","Thunderclap","Cleave","Pummel+1","Pot Of Greed","Spot Weakness","Spot Weakness+1","Replay:Many Hands+1","ReplayTheSpireMod:Limb From Limb","Flex+1","Inflame+1","Replay:Undeath\u0027s Touch","Massacre+1","ReplayTheSpireMod:Limb From Limb+1","hubris:EnhanceAbility","Panacea+1","Pot Of Greed","Panacea"],"relics":["Burning Blood","Replay:Rubber Ducky","Mirror","hubris:ChampionShield","Grinning Jar","infinitespire:Lucky Rock","Bottled Flame","Girya","Pondfish Scales","sneckomod:BabySnecko","Boot","Replay:Wax Seal","ReplayTheSpireMod:CursedCoin","hubris:ToyBattleship","conspire:TopHat","Eternal Feather","hubris:TenFootPole","hubris:ScarierMask","Red Skull","infinitespire:EvilPickle","Bird Faced Urn","hubris:Towel","hubris:MysteriousPyramids","Happy Flower","Another Sword","ReplayTheSpireMod:Spearhead","ReplayTheSpireMod:ShopPack"],"acts_visited":["Exordium","TheCity","TheBeyond"],"potions_floor_usage":[16,16,16,29,29,30,33,39,40,40,45,45,47],"damage_taken":[{"damage":2,"enemies":"Cultist","floor":1,"turns":4},{"damage":13,"enemies":"Replay:BlueRogue","floor":6,"turns":8},{"damage":6,"enemies":"Jaw Worm","floor":8,"turns":3},{"damage":0,"enemies":"2 Louse","floor":10,"turns":4},{"damage":13,"enemies":"Lots of Slimes","floor":11,"turns":6},{"damage":25,"enemies":"3 Sentries","floor":13,"turns":9},{"damage":20,"enemies":"Exordium Thugs","floor":14,"turns":7},{"damage":85,"enemies":"Hexaghost","floor":16,"turns":14},{"damage":18,"enemies":"Shell Parasite","floor":18,"turns":7},{"damage":4,"enemies":"3 Byrds","floor":21,"turns":4},{"damage":22,"enemies":"Centurion and Healer","floor":24,"turns":5},{"damage":22,"enemies":"Snake Plant","floor":28,"turns":3},{"damage":1,"enemies":"conspire:HollyBat","floor":29,"turns":7},{"damage":28,"enemies":"Replay:Snechameleon","floor":30,"turns":3},{"damage":37,"enemies":"Pondfish","floor":33,"turns":7},{"damage":29,"enemies":"3 Shapes","floor":35,"turns":4},{"damage":4,"enemies":"3 Darklings","floor":38,"turns":3},{"damage":13,"enemies":"Spire Growth","floor":39,"turns":3},{"damage":11,"enemies":"Reptomancer","floor":40,"turns":5},{"damage":15,"enemies":"Jaw Worm Horde","floor":41,"turns":3},{"damage":18,"enemies":"Mind Bloom Boss Battle","floor":45,"turns":5},{"damage":25,"enemies":"Writhing Mass","floor":47,"turns":3},{"damage":84,"enemies":"Awakened One","floor":50,"turns":7}],"seed_played":"8343216842663506762","potions_obtained":[{"floor":6,"key":"Regen Potion"},{"floor":11,"key":"Dexterity Potion"},{"floor":13,"key":"SteroidPotion"},{"floor":24,"key":"Energy Potion"},{"floor":30,"key":"Toxic Potion"},{"floor":37,"key":"Slimebound:ThreeZeroPotion"},{"floor":37,"key":"CultistPotion"},{"floor":37,"key":"ColorlessPotion"},{"floor":39,"key":"LifebloodPotion"},{"floor":40,"key":"BloodPotion"},{"floor":41,"key":"Elixir"}],"is_trial":false,"path_per_floor":["M","T","?","?","$","E","R","M","T","M","M","T","E","M","R","B",null,"M","?","T","M","?","R","M","$","T","?","M","M","E","T","R","B",null,"M","$","?","M","M","E","M","?","T","T","?","?","M","$","R","B",null],"character_chosen":"IRONCLAD","items_purchased":["Replay:Rubber Ducky","Mirror","Replay:Bootleg Shield Generator","hubris:ChampionShield","Massacre","Bandage Up","Replay:Wax Seal","ReplayTheSpireMod:CursedCoin","hubris:ToyBattleship","Adrenaline Potion","AttackPotion","Red Skull","ReplayTheSpireMod:Spearhead","ReplayTheSpireMod:ShopPack"],"campfire_rested":1,"item_purchase_floors":[0,0,0,0,0,5,25,25,25,25,25,36,48,48],"current_hp_per_floor":[48,48,29,29,29,36,60,74,74,80,80,80,65,65,65,15,80,78,78,78,80,80,80,74,74,74,74,62,80,58,58,73,61,80,76,76,76,80,73,80,73,73,73,73,67,67,80,80,80,29],"gold":11,"neow_bonus":"","is_daily":false,"chose_seed":false,"campfire_upgraded":1,"win_rate":0.0,"timestamp":1612139018,"path_taken":["M","?","?","?","$","E","R","M","T","?","M","?","E","M","R","BOSS","M","?","?","M","?","R","M","?","T","?","?","M","E","?","R","BOSS","M","$","?","M","?","E","M","?","T","?","?","?","?","?","R","BOSS"],"items_purchased_type":["Relic","Relic","Card","Relic","Card","Card","Relic","Relic","Relic","Potion","Potion","Relic","Relic","Relic"],"build_version":"2020-12-22","purchased_purges":2,"victory":true,"max_hp_per_floor":[80,80,80,80,80,80,80,80,80,80,80,80,80,80,80,80,80,80,80,80,80,80,80,80,80,80,80,80,80,80,80,80,80,80,80,80,80,80,80,80,80,80,80,80,80,80,80,80,80,80],"card_choices":[{"not_picked":["Hemokinesis","ReplayTheSpireMod:Stacked"],"picked":"conspire:ExplosiveBarrier","floor":1},{"not_picked":["infinitespire:Oblivion","infinitespire:FutureSight"],"picked":"infinitespire:Starlight","floor":3},{"not_picked":["Replay:Undeath\u0027s Touch","Clash"],"picked":"Heavy Blade","floor":6},{"not_picked":["Intimidate","Evolve"],"picked":"Pummel","floor":8},{"not_picked":["Clothesline","Cleave"],"picked":"Flex","floor":10},{"not_picked":["hubris:CleavingFinish","Warcry","Wild Strike"],"picked":"SKIP","floor":11},{"not_picked":["Flame Barrier","hubris:SharpeningStone"],"picked":"Feel No Pain","floor":13},{"not_picked":["Fire Breathing","Body Slam","Heavy Blade"],"picked":"SKIP","floor":14},{"not_picked":["Corruption","Exhume"],"picked":"Juggernaut","floor":16},{"not_picked":["Sentinel","Shrug It Off"],"picked":"Thunderclap","floor":18},{"not_picked":["Sever Soul","Combust"],"picked":"Cleave","floor":21},{"not_picked":["Body Slam","Headbutt"],"picked":"Pummel+1","floor":24},{"not_picked":["Havoc","Armaments+1"],"picked":"Spot Weakness","floor":28},{"not_picked":["Heavy Blade","ReplayTheSpireMod:Strike From Hell","Headbutt"],"picked":"SKIP","floor":29},{"not_picked":["Wild Strike","Dark Embrace+1"],"picked":"Spot Weakness+1","floor":30},{"not_picked":["conspire:Purge","Corruption"],"picked":"Replay:Many Hands","floor":33},{"not_picked":["Pommel Strike+1","Hemokinesis+1"],"picked":"ReplayTheSpireMod:Limb From Limb","floor":35},{"not_picked":["hubris:ReadiedAction+1","Headbutt"],"picked":"Flex+1","floor":38},{"not_picked":["Flame Barrier","ReplayTheSpireMod:Strike From Hell+1"],"picked":"Inflame+1","floor":39},{"not_picked":["Infernal Blade+1","Headbutt+1"],"picked":"Replay:Undeath\u0027s Touch","floor":40},{"not_picked":["Replay:Undeath\u0027s Touch","hubris:ReadiedAction"],"picked":"Massacre+1","floor":41},{"not_picked":["hubris:StunningStrike","Replay:Undeath\u0027s Touch"],"picked":"ReplayTheSpireMod:Limb From Limb+1","floor":45},{"not_picked":["Anger","Clothesline","Warcry+1"],"picked":"SKIP","floor":47},{"not_picked":["Midas Touch","Thinking Ahead"],"picked":"hubris:EnhanceAbility","floor":48},{"not_picked":["Discovery","Replay:Sssssssssstrike"],"picked":"Panacea","floor":48},{"not_picked":["ReplayTheSpireMod:Private Reserves","Discovery"],"picked":"Panacea","floor":48}],"player_experience":174470,"relics_obtained":[{"floor":2,"key":"Grinning Jar"},{"floor":6,"key":"infinitespire:Lucky Rock"},{"floor":9,"key":"Bottled Flame"},{"floor":12,"key":"Girya"},{"floor":13,"key":"Pondfish Scales"},{"floor":20,"key":"Boot"},{"floor":26,"key":"conspire:TopHat"},{"floor":30,"key":"Eternal Feather"},{"floor":31,"key":"hubris:TenFootPole"},{"floor":40,"key":"Bird Faced Urn"},{"floor":43,"key":"hubris:MysteriousPyramids"},{"floor":44,"key":"Happy Flower"},{"floor":45,"key":"Another Sword"}],"event_choices":[{"damage_healed":0,"gold_gain":0,"player_choice":"Ignored","damage_taken":0,"max_hp_gain":0,"max_hp_loss":0,"event_name":"NoteForYourself","floor":4,"gold_loss":0},{"damage_healed":0,"gold_gain":0,"player_choice":"Upgraded","damage_taken":0,"max_hp_gain":0,"max_hp_loss":0,"event_name":"Upgrade Shrine","floor":27,"gold_loss":0,"cards_upgraded":["infinitespire:Starlight"]},{"damage_healed":0,"gold_gain":0,"player_choice":"Got Potions","damage_taken":0,"max_hp_gain":0,"max_hp_loss":0,"event_name":"Lab","floor":37,"gold_loss":0},{"damage_healed":0,"gold_gain":0,"player_choice":"Fight","damage_taken":0,"max_hp_gain":0,"max_hp_loss":0,"event_name":"MindBloom","floor":45,"gold_loss":0},{"damage_healed":0,"gold_gain":0,"player_choice":"Upgraded","damage_taken":0,"max_hp_gain":0,"max_hp_loss":0,"event_name":"Upgrade Shrine","floor":46,"gold_loss":0,"cards_upgraded":["Replay:Many Hands"]}],"is_beta":false,"boss_relics":[{"not_picked":["bronze:MakeshiftBattery","hubris:VirtuousBlindfold","Replay:Drink Me"]},{"not_picked":["Honey Jar","Cursed Key"],"picked":"hubris:ScarierMask"}],"items_purged_floors":[25,36],"is_endless":false,"potions_floor_spawned":[6,11,13,24,28,30,39,40,41],"ascension_level":0}}