{"host":"hpn0uxah5qjr7pa6","time":1612145631,"event":{"mods":["Act Like it!","Aspiration","BaseMod","Better Third Choice","BetterRewards","Challenge The Spire","Colored Powertips","Conspire","Downfall","Energized Spire","Hallownest","Hermit","Hubris","Infinite Spire","Minty Spire (QoL Compilation)","Permanent Neow","Quick Restart","Rare Cards Sparkle","Replay The Spire","Spicy Shops","StSLib","The Bug Knight","The Jungle"],"gold_per_floor":[117,131,131,131,131,131,148,165,165,183,183,183,183,71,71,82,82,182,232,244,159,159,159,176,176,176,176],"floor_reached":26,"language":"ENG","playtime":1238,"items_purged":["Bash"],"score":231,"play_id":"121e408f-a93f-4c72-9a86-8719fd339d95","local_time":"20210131181351","is_ascension_mode":true,"campfire_choices":[{"floor":6,"key":"REST"},{"data":"Flex","floor":13,"key":"SMITH"},{"data":"Shrug It Off","floor":17,"key":"SMITH"},{"floor":25,"key":"REST"}],"circlet_count":0,"master_deck":["Strike_R","Strike_R","Strike_R+1","Strike_R+1","Strike_R+1","Defend_R+1","Defend_R","Defend_R","Defend_R","Flex+1","Shrug It Off","Shrug It Off+1","Juggernaut","Flex"],"relics":["Burning Blood","WingedGreaves","Tiny House","Replay:Rubber Ducky","PrismaticShard"],"acts_visited":["Exordium","TheCity"],"potions_floor_usage":[18,18,18],"damage_taken":[{"damage":6,"enemies":"Jaw Worm","floor":1,"turns":4},{"damage":17,"enemies":"Small Slimes","floor":2,"turns":4},{"damage":2,"enemies":"2 Louse","floor":7,"turns":3},{"damage":0,"enemies":"2 Fungi Beasts","floor":8,"turns":3},{"damage":2,"enemies":"Exordium Thugs","floor":10,"turns":4},{"damage":6,"enemies":"3 Louse","floor":16,"turns":6},{"damage":31,"enemies":"The Guardian","floor":18,"turns":12},{"damage":8,"enemies":"Chosen","floor":20,"turns":6},{"damage":9,"enemies":"Shell Parasite","floor":24,"turns":7},{"damage":105,"enemies":"Slavers","floor":26,"turns":8}],"seed_played":"141620434712810441","potions_obtained":[{"floor":7,"key":"hexamod:SoulburnPotion"},{"floor":8,"key":"SteroidPotion"},{"floor":16,"key":"Strength Potion"},{"floor":19,"key":"SpeedPotion"},{"floor":24,"key":"Cursed Concoction"}],"is_trial":false,"path_per_floor":["M","M","?","?","?","R","M","M","T","M","PTL","PTL","R","$","?","M","R","B",null,"M","?","$","?","M","R","E"],"character_chosen":"IRONCLAD","items_purchased":["Shrug It Off"],"campfire_rested":2,"item_purchase_floors":[14],"current_hp_per_floor":[88,77,82,63,63,90,93,93,93,93,93,93,93,93,93,93,93,68,98,96,96,96,88,85,98,0,0],"gold":176,"neow_bonus":"TEN_PERCENT_HP_BONUS","is_daily":false,"chose_seed":false,"campfire_upgraded":2,"win_rate":0.0,"timestamp":1612145631,"path_taken":["M","M","?","?","?","R","M","M","T","M","PTL","PTL","R","$","?","M","R","BOSS","M","?","$","?","M","R","E"],"items_purchased_type":["Card"],"build_version":"2020-12-22","purchased_purges":1,"victory":false,"max_hp_per_floor":[88,88,93,93,93,93,93,93,93,93,93,93,93,93,93,93,93,93,98,98,98,98,98,98,98,98,98],"card_choices":[{"not_picked":["Thunderclap","Second Wind","Inflame"],"picked":"SKIP","floor":1},{"not_picked":["ReplayTheSpireMod:Strike From Hell","Evolve","Power Through"],"picked":"SKIP","floor":2},{"not_picked":["Infernal Blade","hubris:CleavingFinish"],"picked":"Flex","floor":7},{"not_picked":["Warcry","Pommel Strike","ReplayTheSpireMod:Strike From Hell"],"picked":"SKIP","floor":8},{"not_picked":["Fire Breathing","conspire:ExplosiveBarrier","hubris:ReadiedAction"],"picked":"SKIP","floor":10},{"not_picked":["Armaments","Battle Trance","Abandon"],"picked":"SKIP","floor":16},{"not_picked":["Exhume","Demonic Infusion"],"picked":"Juggernaut","floor":18},{"not_picked":["Entrench+1","Blood for Blood"],"picked":"Flex","floor":20},{"not_picked":["JustLucky+1","Heatsinks","bronze:Fortify"],"picked":"SKIP","floor":24}],"player_experience":144222,"relics_obtained":[{"floor":9,"key":"WingedGreaves"},{"floor":23,"key":"PrismaticShard"}],"event_choices":[{"damage_healed":0,"gold_gain":0,"player_choice":"Donut","damage_taken":0,"max_hp_gain":5,"max_hp_loss":0,"event_name":"Big Fish","floor":3,"gold_loss":0},{"damage_healed":82,"gold_gain":0,"player_choice":"Upgrade","damage_taken":19,"max_hp_gain":0,"max_hp_loss":93,"event_name":"betterThird:BetterShining","floor":4,"gold_loss":0,"cards_upgraded":["Defend_R","Strike_R"]},{"damage_healed":0,"gold_gain":0,"player_choice":"Grow","damage_taken":0,"max_hp_gain":0,"max_hp_loss":0,"event_name":"Living Wall","floor":5,"gold_loss":0,"cards_upgraded":["Strike_R"]},{"damage_healed":0,"gold_gain":0,"player_choice":"Obtained Relic","damage_taken":0,"relics_obtained":["Replay:Rubber Ducky"],"max_hp_gain":0,"max_hp_loss":0,"event_name":"Addict","floor":21,"gold_loss":85}],"is_beta":false,"boss_relics":[{"not_picked":["aspiration:DefectSkillbook","Replay:Bronze Core"],"picked":"Tiny House"}],"items_purged_floors":[14],"is_endless":false,"potions_floor_spawned":[7,8,16,24],"killed_by":"Slavers","ascension_level":1}}