{"host":"mw3dmj42qtkbha4b","time":1612184056,"event":{"mods":["BaseMod","Colored Map","Colored Powertips","DeckTracker","Minty Spire (QoL Compilation)","StSLib","SuperFastMode"],"gold_per_floor":[113,129,129,129,129,164,179,179,179],"floor_reached":8,"language":"KOR","playtime":164,"items_purged":[],"score":162,"play_id":"fc6a6fea-d2b4-48fd-90ef-ebc15cbc33a1","local_time":"20210201215416","is_ascension_mode":true,"campfire_choices":[],"circlet_count":0,"master_deck":["AscendersBane","Strike_P","Strike_P","Strike_P","Strike_P","Defend_P","Defend_P","Defend_P","Defend_P","Eruption","Vigilance"],"relics":["PureWater","NeowsBlessing","Pen Nib","InkBottle"],"acts_visited":["Exordium"],"potions_floor_usage":[8],"damage_taken":[{"damage":0.0,"enemies":"Jaw Worm","floor":1.0,"turns":1.0},{"damage":0.0,"enemies":"2 Louse","floor":2.0,"turns":1.0},{"damage":0.0,"enemies":"3 Sentries","floor":6.0,"turns":1.0},{"damage":12.0,"enemies":"Cultist","floor":7.0,"turns":3.0},{"damage":84,"enemies":"Lagavulin","floor":8,"turns":8}],"seed_played":"5005561769494688164","potions_obtained":[{"floor":1.0,"key":"SpeedPotion"}],"is_trial":false,"path_per_floor":["M","M","?","?","T","E","M","E"],"character_chosen":"WATCHER","items_purchased":[],"campfire_rested":0,"item_purchase_floors":[],"current_hp_per_floor":[61,61,61,66,66,66,54,0,0],"gold":179,"neow_bonus":"THREE_ENEMY_KILL","is_daily":false,"chose_seed":false,"campfire_upgraded":0,"win_rate":0.0,"timestamp":1612184056,"path_taken":["M","M","?","?","?","E","?","E"],"items_purchased_type":[],"build_version":"2020-12-22","purchased_purges":0,"victory":false,"max_hp_per_floor":[68,68,68,73,73,73,73,73,73],"card_choices":[{"not_picked":["Sanctity","Collect","JustLucky"],"picked":"SKIP","floor":1.0},{"not_picked":["Adaptation","SashWhip","ClearTheMind"],"picked":"SKIP","floor":2.0},{"not_picked":["FollowUp","FlyingSleeves","Study"],"picked":"SKIP","floor":6.0},{"not_picked":["Prostrate","WreathOfFlame","Consecrate"],"picked":"SKIP","floor":7.0}],"player_experience":1775127,"relics_obtained":[{"floor":5.0,"key":"Pen Nib"},{"floor":6.0,"key":"InkBottle"}],"event_choices":[{"damage_healed":0.0,"max_hp_gain":0.0,"max_hp_loss":0.0,"gold_gain":0.0,"event_name":"Golden Idol","player_choice":"Ignored","floor":3.0,"gold_loss":0.0,"damage_taken":0.0},{"damage_healed":0.0,"max_hp_gain":5.0,"max_hp_loss":0.0,"gold_gain":0.0,"event_name":"Big Fish","player_choice":"Donut","floor":4.0,"gold_loss":0.0,"damage_taken":0.0}],"is_beta":false,"boss_relics":[],"items_purged_floors":[],"is_endless":false,"potions_floor_spawned":[1],"killed_by":"Lagavulin","ascension_level":20}}