{"host":"ipvju8nw03ac6c9a","time":1612210356,"event":{"mods":["AchievementEnabler","BaseMod","Bestiary","Minty Spire (QoL Compilation)"],"gold_per_floor":[117,132,132,152,167,167,179,179,179,179,209,227,243,262,262,262,262],"floor_reached":16,"language":"ENG","playtime":697,"items_purged":[],"score":170,"play_id":"0a0e3ab8-19b1-47ef-b4f1-7a43755fbb09","local_time":"20210201121236","is_ascension_mode":true,"campfire_choices":[{"data":"Bash","floor":6.0,"key":"SMITH"},{"data":"Clothesline","floor":8.0,"key":"SMITH"},{"data":"Burning Pact","floor":10.0,"key":"SMITH"},{"data":"1","floor":15,"key":"LIFT"}],"circlet_count":0,"master_deck":["AscendersBane","Strike_R","Strike_R","Strike_R","Strike_R","Strike_R","Defend_R","Defend_R","Defend_R","Defend_R","Bash+1","Dropkick","Feed","Burning Pact+1","Clothesline+1","Flame Barrier","Impervious","Dual Wield"],"relics":["Burning Blood","Art of War","Singing Bowl","Girya"],"acts_visited":[],"potions_floor_usage":[14,16,16],"damage_taken":[{"damage":4.0,"enemies":"Jaw Worm","floor":1.0,"turns":4.0},{"damage":11.0,"enemies":"Cultist","floor":2.0,"turns":4.0},{"damage":0.0,"enemies":"2 Louse","floor":4.0,"turns":3.0},{"damage":10.0,"enemies":"2 Fungi Beasts","floor":5.0,"turns":5.0},{"damage":21.0,"enemies":"Blue Slaver","floor":7.0,"turns":3.0},{"damage":36.0,"enemies":"Lagavulin","floor":11.0,"turns":6.0},{"damage":16,"enemies":"Large Slime","floor":12,"turns":8},{"damage":14,"enemies":"Looter","floor":13,"turns":4},{"damage":14,"enemies":"Exordium Thugs","floor":14,"turns":5},{"damage":16,"enemies":"Slime Boss","floor":16,"turns":5}],"seed_played":"-5772023776135989348","potions_obtained":[{"floor":4.0,"key":"SkillPotion"},{"floor":7.0,"key":"Strength Potion"},{"floor":12,"key":"Block Potion"},{"floor":14,"key":"AttackPotion"}],"is_trial":false,"path_per_floor":["M","M","?","M","M","R","M","R","T","R","E","M","M","M","R","B"],"character_chosen":"IRONCLAD","items_purchased":[],"campfire_rested":0,"item_purchase_floors":[],"current_hp_per_floor":[74,69,69,78,77,77,62,62,62,62,35,25,20,14,14,0,0],"gold":262,"neow_bonus":"RANDOM_COMMON_RELIC","is_daily":false,"chose_seed":false,"campfire_upgraded":3,"win_rate":0.0,"timestamp":1612210356,"path_taken":["M","M","?","?","M","R","?","R","T","R","E","M","M","M","R","BOSS"],"items_purchased_type":[],"build_version":"2020-12-22","purchased_purges":0,"victory":false,"max_hp_per_floor":[80,80,80,83,86,86,86,86,86,86,89,89,92,94,94,94,94],"card_choices":[{"not_picked":["Cleave","True Grit"],"picked":"Dropkick","floor":1.0},{"not_picked":["Clash","Armaments","Cleave"],"picked":"SKIP","floor":2.0},{"not_picked":["Flex","Cleave"],"picked":"Burning Pact","floor":4.0},{"not_picked":["Perfected Strike","Brutality","Flex"],"picked":"SKIP","floor":5.0},{"not_picked":["Spot Weakness","Iron Wave"],"picked":"Clothesline","floor":7.0},{"not_picked":["Anger","Perfected Strike"],"picked":"Flame Barrier","floor":11.0},{"not_picked":["Evolve","Rampage"],"picked":"Impervious","floor":12},{"not_picked":["Anger","Armaments"],"picked":"Dual Wield","floor":13},{"not_picked":["Second Wind","Iron Wave","Warcry"],"picked":"Singing Bowl","floor":14}],"player_experience":371512,"relics_obtained":[{"floor":9.0,"key":"Singing Bowl"},{"floor":11.0,"key":"Girya"}],"event_choices":[{"damage_healed":0.0,"max_hp_gain":0.0,"max_hp_loss":0.0,"gold_gain":0.0,"event_name":"Match and Keep!","player_choice":"1 cards matched","floor":3.0,"gold_loss":0.0,"damage_taken":0.0,"cards_obtained":["Feed"]}],"is_beta":false,"boss_relics":[],"items_purged_floors":[],"is_endless":false,"potions_floor_spawned":[4,7,12,14],"killed_by":"Slime Boss","ascension_level":12}}