{"host":"4par9lyhj7bf4dsa","time":1612220721,"event":{"mods":["AchievementEnabler","BaseMod","Colored Map","Minty Spire (QoL Compilation)","Relic Stats","StSLib"],"gold_per_floor":[111,123,141,111,130,130,130],"floor_reached":6,"language":"ENG","playtime":250,"items_purged":[],"score":72,"play_id":"a14907d4-31d5-492e-bdce-38106c09f74a","local_time":"20210202100521","is_ascension_mode":true,"campfire_choices":[],"circlet_count":0,"master_deck":["AscendersBane","Strike_B","Strike_B","Strike_B","Strike_B","Defend_B","Defend_B","Defend_B","Defend_B","Zap","Dualcast","Ball Lightning","Cold Snap","Sweeping Beam"],"relics":["Runic Dome"],"acts_visited":["Exordium"],"potions_floor_usage":[6],"damage_taken":[{"damage":12,"enemies":"Cultist","floor":1,"turns":4},{"damage":7,"enemies":"Small Slimes","floor":2,"turns":4},{"damage":7,"enemies":"Jaw Worm","floor":3,"turns":2},{"damage":15,"enemies":"Lots of Slimes","floor":5,"turns":6},{"damage":25,"enemies":"3 Sentries","floor":6,"turns":6}],"seed_played":"5150574034977688496","potions_obtained":[{"floor":2,"key":"Ancient Potion"},{"floor":4,"key":"FocusPotion"},{"floor":4,"key":"SpeedPotion"},{"floor":5,"key":"Weak Potion"}],"is_trial":false,"path_per_floor":["M","M","M","?","M","E"],"character_chosen":"DEFECT","items_purchased":[],"campfire_rested":0,"item_purchase_floors":[],"current_hp_per_floor":[52,45,38,38,23,0,0],"gold":130,"neow_bonus":"BOSS_RELIC","is_daily":false,"chose_seed":false,"campfire_upgraded":0,"win_rate":0.0,"timestamp":1612220721,"path_taken":["M","?","M","?","M","E"],"items_purchased_type":[],"build_version":"2020-12-22","purchased_purges":0,"victory":false,"max_hp_per_floor":[71,71,71,71,71,71,71],"relic_stats":{"counters":[5,22],"obtain_stats":[{"Runic Dome":0,"Cracked Core":0},{"Runic Dome":0,"Cracked Core":0},{"Runic Dome":0,"Cracked Core":0}]},"card_choices":[{"not_picked":["Turbo","Steam","Redo"],"picked":"SKIP","floor":1},{"not_picked":["Genetic Algorithm","Hologram"],"picked":"Ball Lightning","floor":2},{"not_picked":["Heatsinks","Barrage"],"picked":"Cold Snap","floor":3},{"not_picked":["Hologram","Tempest"],"picked":"Sweeping Beam","floor":5}],"player_experience":913772,"relics_obtained":[],"event_choices":[{"damage_healed":0,"gold_gain":0,"player_choice":"Bought 2 Potions","damage_taken":0,"max_hp_gain":0,"max_hp_loss":0,"event_name":"The Woman in Blue","floor":4,"gold_loss":0}],"is_beta":false,"boss_relics":[],"items_purged_floors":[],"is_endless":false,"potions_floor_spawned":[2,5],"killed_by":"3 Sentries","ascension_level":18}}