{"host":"a4ifeplrx8vfq4u5","time":1612219563,"event":{"mods":["BaseMod","Better Third Choice","Colored Map","Conspire","Downfall","Marisa????????","Minty Spire (QoL Compilation)","Random Character Button","Rare Cards Sparkle","Replay The Spire","StSLib","The Cursed","The Hierophant","The Servant 0.9.4"],"gold_per_floor":[112,126,137,155,165,165,165,90,114,114,126,141,89,103,103,199,199,216,0,39,39,39],"floor_reached":21,"language":"ENG","playtime":1449,"items_purged":["Strike_B"],"score":173,"play_id":"d25a6665-f0b7-4860-99ce-40085018cef4","local_time":"20210201224603","is_ascension_mode":false,"campfire_choices":[{"data":"Zap","floor":6.0,"key":"SMITH"},{"data":"Dualcast","floor":10.0,"key":"SMITH"},{"floor":15.0,"key":"REST"}],"circlet_count":0,"master_deck":["Strike_B","Strike_B","Defend_B","Defend_B","Defend_B","Defend_B","Zap+1","Dualcast+1","Rebound","Ball Lightning","Thunder Strike","Conserve Battery","Storm+1","BootSequence","Creative AI","Defragment+1"],"relics":["Cracked Core","Boot","Coffee Dripper","Replay:Mystery Machine"],"acts_visited":["Exordium","TheCity"],"potions_floor_usage":[20],"damage_taken":[{"damage":1.0,"enemies":"Jaw Worm","floor":1.0,"turns":3.0},{"damage":0.0,"enemies":"conspire:RoseBush","floor":2.0,"turns":2.0},{"damage":4.0,"enemies":"Small Slimes","floor":3.0,"turns":4.0},{"damage":10.0,"enemies":"Exordium Wildlife","floor":4.0,"turns":4.0},{"damage":29.0,"enemies":"Lots of Slimes","floor":5.0,"turns":4.0},{"damage":8.0,"enemies":"Red Slaver","floor":11.0,"turns":2.0},{"damage":14.0,"enemies":"Exordium Wildlife","floor":12.0,"turns":3.0},{"damage":6.0,"enemies":"conspire:2 RoseBushes","floor":14.0,"turns":4.0},{"damage":10.0,"enemies":"The Guardian","floor":16.0,"turns":11.0},{"damage":9.0,"enemies":"Spheric Guardian","floor":18.0,"turns":5.0},{"damage":59,"enemies":"conspire:MimicChest","floor":20,"turns":8},{"damage":24,"enemies":"conspire:FuzzyDice","floor":21,"turns":3}],"seed_played":"3440188011662240527","potions_obtained":[{"floor":2.0,"key":"Energy Potion"},{"floor":3.0,"key":"FearPotion"},{"floor":14.0,"key":"SteroidPotion"},{"floor":18.0,"key":"Regen Potion"}],"is_trial":false,"path_per_floor":["M","M","M","M","M","R","?","$","T","R","M","M","$","M","R","B",null,"M","?","?","M"],"character_chosen":"DEFECT","items_purchased":["Storm+1"],"campfire_rested":1,"item_purchase_floors":[13],"current_hp_per_floor":[74,74,70,60,31,31,31,31,31,31,23,9,9,3,25,15,75,66,66,21,0,0],"gold":39,"neow_bonus":"REMOVE_CARD","is_daily":false,"chose_seed":false,"campfire_upgraded":2,"win_rate":0.0,"timestamp":1612219563,"path_taken":["M","M","M","M","M","R","?","$","T","R","M","M","$","M","R","BOSS","M","?","?","M"],"items_purchased_type":["Card"],"build_version":"2020-12-22","purchased_purges":1,"victory":false,"max_hp_per_floor":[75,75,75,75,75,75,75,75,75,75,75,75,75,75,75,75,75,75,75,75,75,75],"card_choices":[{"not_picked":["Panic Button","Go for the Eyes","Beam Cell"],"picked":"SKIP","floor":1.0},{"not_picked":["Stack","Sweeping Beam","Compile Driver"],"picked":"SKIP","floor":2.0},{"not_picked":["Coolheaded","Panic Button"],"picked":"Rebound","floor":3.0},{"not_picked":["Beam Cell","Stack"],"picked":"Ball Lightning","floor":4.0},{"not_picked":["BasicCrystalCard","Turbo","Panic Button"],"picked":"SKIP","floor":5.0},{"not_picked":["Steam","ReplaySort"],"picked":"Thunder Strike","floor":11.0},{"not_picked":["Compile Driver","Redo"],"picked":"Conserve Battery","floor":12.0},{"not_picked":["ReplayTheSpireMod:Calculation Training","Scrape"],"picked":"BootSequence","floor":14.0},{"not_picked":["Amplify","ReplayTheSpireMod:Omega Cannon"],"picked":"Creative AI","floor":16.0},{"not_picked":["Panic Button","Streamline+1","Consume"],"picked":"SKIP","floor":18.0},{"not_picked":["Tempest+1","Consume"],"picked":"Defragment+1","floor":20}],"player_experience":427913,"relics_obtained":[{"floor":9.0,"key":"Boot"},{"floor":20,"key":"Replay:Mystery Machine"}],"event_choices":[{"damage_healed":0,"gold_gain":0,"player_choice":"Paid Fearfully","damage_taken":0,"max_hp_gain":0,"max_hp_loss":0,"event_name":"Masked Bandits","floor":19,"gold_loss":216}],"is_beta":false,"boss_relics":[{"not_picked":["Replay:Ancient Bell","Replay:Drink Me"],"picked":"Coffee Dripper"}],"items_purged_floors":[8],"is_endless":false,"potions_floor_spawned":[2,3,14,18],"killed_by":"conspire:FuzzyDice","ascension_level":0}}