{"host":"bf5upntvbdompq33","time":1612165589,"event":{"mods":["BaseMod","Colored Map","Colored Powertips","Curses Come First","Minty Spire (QoL Compilation)","StSLib"],"gold_per_floor":[119,135,155,172,172,172,205,215,290,179,179,212,10,21,21,120,120,137,137,154,172,103,103,103,103],"floor_reached":24,"language":"ENG","playtime":1068,"items_purged":["Strike_B","Strike_B"],"score":337,"play_id":"a208d713-73c6-4792-87f3-4433af7ea3ed","local_time":"20210201004629","is_ascension_mode":true,"campfire_choices":[{"data":"Zap","floor":6,"key":"SMITH"},{"data":"Defragment","floor":11,"key":"SMITH"},{"floor":15,"key":"REST"},{"floor":23,"key":"REST"}],"circlet_count":0,"master_deck":["AscendersBane","Defend_B","Defend_B","Defend_B","Zap+1","Dualcast","Leap","Doom and Gloom","Coolheaded","Cold Snap","Lockon","Coolheaded","Defragment+1","Doom and Gloom","Glacier","Static Discharge","Echo Form","Compile Driver+1","Creative AI","Coolheaded","Coolheaded","Fusion","Consume"],"relics":["Cracked Core","NeowsBlessing","Symbiotic Virus","Eternal Feather","Shovel","Cursed Key"],"acts_visited":["Exordium","TheCity"],"potions_floor_usage":[12,12,14,24,24],"damage_taken":[{"damage":0,"enemies":"Jaw Worm","floor":1,"turns":1},{"damage":0,"enemies":"Cultist","floor":2,"turns":1},{"damage":0,"enemies":"2 Louse","floor":3,"turns":1},{"damage":26,"enemies":"Blue Slaver","floor":4,"turns":3},{"damage":16,"enemies":"Gremlin Nob","floor":7,"turns":4},{"damage":18,"enemies":"Exordium Wildlife","floor":8,"turns":2},{"damage":11,"enemies":"3 Sentries","floor":12,"turns":5},{"damage":5,"enemies":"3 Louse","floor":14,"turns":3},{"damage":18,"enemies":"Slime Boss","floor":16,"turns":6},{"damage":6,"enemies":"3 Byrds","floor":18,"turns":5},{"damage":10,"enemies":"Spheric Guardian","floor":20,"turns":4},{"damage":24,"enemies":"Snake Plant","floor":21,"turns":4},{"damage":54,"enemies":"Slavers","floor":24,"turns":4}],"seed_played":"-321512576009660502","potions_obtained":[{"floor":3,"key":"FocusPotion"},{"floor":7,"key":"EssenceOfSteel"},{"floor":8,"key":"Block Potion"},{"floor":16,"key":"SkillPotion"},{"floor":20,"key":"LiquidBronze"}],"is_trial":false,"path_per_floor":["M","M","M","M","?","R","E","M","T","$","R","E","$","M","R","B",null,"M","?","M","M","$","R","E"],"character_chosen":"DEFECT","items_purchased":["Defragment","Glacier","Static Discharge","Consume"],"campfire_rested":2,"item_purchase_floors":[10,13,13,22],"current_hp_per_floor":[68,68,68,42,42,42,26,8,8,8,17,6,6,1,32,14,60,54,54,44,20,20,54,0,0],"gold":103,"neow_bonus":"THREE_ENEMY_KILL","is_daily":false,"chose_seed":false,"campfire_upgraded":2,"win_rate":0.0,"timestamp":1612165589,"path_taken":["M","M","M","M","?","R","E","M","T","?","R","E","$","M","R","BOSS","M","?","M","M","$","R","E"],"items_purchased_type":["Card","Card","Card","Card"],"build_version":"2020-12-22","purchased_purges":2,"victory":false,"max_hp_per_floor":[75,75,75,75,75,75,75,75,75,75,75,75,75,75,75,75,75,75,75,75,75,75,75,75,75],"card_choices":[{"not_picked":["Stack","Steam"],"picked":"Leap","floor":1},{"not_picked":["Fusion","Redo"],"picked":"Doom and Gloom","floor":2},{"not_picked":["Recycle","Self Repair"],"picked":"Coolheaded","floor":3},{"not_picked":["Hologram","Turbo"],"picked":"Cold Snap","floor":4},{"not_picked":["Redo","Hologram"],"picked":"Lockon","floor":7},{"not_picked":["Gash","Go for the Eyes"],"picked":"Coolheaded","floor":8},{"not_picked":["Blizzard","Multi-Cast"],"picked":"Doom and Gloom","floor":12},{"not_picked":["Tempest","Steam","Force Field"],"picked":"SKIP","floor":14},{"not_picked":["Hyperbeam","Thunder Strike"],"picked":"Echo Form","floor":16},{"not_picked":["Barrage+1","Gash"],"picked":"Compile Driver+1","floor":18},{"not_picked":["Beam Cell+1","Go for the Eyes"],"picked":"Coolheaded","floor":20},{"not_picked":["Lockon","Go for the Eyes"],"picked":"Fusion","floor":21}],"player_experience":1292061,"relics_obtained":[{"floor":7,"key":"Symbiotic Virus"},{"floor":9,"key":"Eternal Feather"},{"floor":12,"key":"Shovel"}],"event_choices":[{"cards_removed":["Strike_B"],"damage_healed":0,"gold_gain":0,"player_choice":"Offered Basic","damage_taken":0,"max_hp_gain":0,"max_hp_loss":0,"event_name":"Bonfire Elementals","floor":5,"gold_loss":0},{"damage_healed":0,"gold_gain":0,"cards_transformed":["Strike_B","Defend_B"],"player_choice":"Became Test Subject","damage_taken":0,"max_hp_gain":0,"max_hp_loss":0,"event_name":"Drug Dealer","floor":19,"gold_loss":0,"cards_obtained":["Creative AI","Coolheaded"]}],"is_beta":false,"boss_relics":[{"not_picked":["Tiny House","Runic Pyramid"],"picked":"Cursed Key"}],"items_purged_floors":[10,13],"is_endless":false,"potions_floor_spawned":[3,7,8,16,20],"killed_by":"Slavers","ascension_level":10}}