{"host":"q6r63elxu27obe7v","time":1612163440,"event":{"mods":["2.2 Compatiblity","AchievementEnabler","BaseMod","CapriCore","DeckTracker","Keyboard Shortcuts","Minty Spire (QoL Compilation)","Permanent Neow","Quick Restart","Replay The Spire","StSLib","SuperFastMode","¡¼?Úª?ø«¡½REMEMod"],"gold_per_floor":[411,424,499,554,564,564,597,597,597,597,614,614,629,183,183,279,279,253,253,273,29,29,39,51,51,51,51,51],"floor_reached":27,"language":"KOR","playtime":2689,"items_purged":["Strike_G","Night Terror"],"score":249,"play_id":"12064425-76d6-4b6e-b96b-4354045695da","local_time":"20210201161040","is_ascension_mode":true,"campfire_choices":[{"data":"Well Laid Plans","floor":6,"key":"SMITH"},{"data":"Riddle With Holes","floor":8,"key":"SMITH"},{"floor":12,"key":"REST"},{"data":"Night Terror","floor":15,"key":"SMITH"},{"data":"Catalyst","floor":25,"key":"SMITH"}],"circlet_count":0,"master_deck":["Defend_G","Defend_G","Defend_G","Defend_G+1","Defend_G","Survivor","Neutralize","Well Laid Plans+1","Riddle With Holes+1","Blade Dance","Poisoned Strike+1","Hidden Blade+1","Calculated Gamble","Backflip","Cloak And Dagger","Catalyst+1","Noxious Fumes","Night Terror+1","REME_ShadowForm","Bite","Bite","Bite","Bite","Bite","Crippling Poison+1","ReplayTheSpireMod:IOU","Dodge and Roll","Prepared"],"relics":["Ring of the Serpent","REME_ComplimentaryCards","Old Coin","Replay:Kaleidoscope","BargainBundle","Replay:Rubber Ducky","Replay:Wax Seal","HornCleat","Dream Catcher"],"acts_visited":["Exordium","TheCity"],"potions_floor_usage":[7,7,16,16,24,24,24],"damage_taken":[{"damage":4,"enemies":"Jaw Worm","floor":1,"turns":6},{"damage":0,"enemies":"Small Slimes","floor":2,"turns":3},{"damage":0,"enemies":"2 Louse","floor":5,"turns":2},{"damage":6,"enemies":"Gremlin Nob","floor":7,"turns":3},{"damage":3,"enemies":"2 Fungi Beasts","floor":11,"turns":4},{"damage":0,"enemies":"Exordium Wildlife","floor":13,"turns":3},{"damage":5,"enemies":"Hexaghost","floor":16,"turns":10},{"damage":25,"enemies":"2 Thieves","floor":18,"turns":5},{"damage":0,"enemies":"Chosen","floor":20,"turns":6},{"damage":24,"enemies":"Snake Plant","floor":23,"turns":5},{"damage":29,"enemies":"Sentry and Sphere","floor":24,"turns":7},{"damage":10,"enemies":"Centurion and Healer","floor":27,"turns":1}],"seed_played":"-1434932231114627378","potions_obtained":[{"floor":1,"key":"Adrenaline Potion"},{"floor":4,"key":"Energy Potion"},{"floor":4,"key":"Energy Potion"},{"floor":4,"key":"SkillPotion"},{"floor":5,"key":"Explosive Potion"},{"floor":13,"key":"CultistPotion"},{"floor":20,"key":"Elixir"},{"floor":23,"key":"Elixir"}],"is_trial":false,"path_per_floor":["M","M","?","?","M","R","E","R","T","?","M","R","M","$","R","B",null,"M","?","M","$","?","M","M","R","T","M"],"character_chosen":"THE_SILENT","items_purchased":["BargainBundle","Catalyst","Noxious Fumes","Regen Potion","SpeedPotion","Night Terror","Replay:Rubber Ducky","Replay:Wax Seal","HornCleat"],"campfire_rested":1,"item_purchase_floors":[14,14,14,14,14,14,14,14,21],"current_hp_per_floor":[59,59,48,33,33,33,27,27,27,14,11,29,29,29,29,39,63,38,38,44,44,44,24,5,5,5,0,0],"gold":51,"neow_bonus":"ONE_RARE_RELIC","is_daily":false,"chose_seed":false,"campfire_upgraded":4,"win_rate":0.0,"timestamp":1612163440,"path_taken":["M","M","?","?","M","R","E","R","T","?","M","R","?","$","R","BOSS","M","?","M","$","?","M","?","R","T","?"],"items_purchased_type":["Relic","Card","Card","Potion","Potion","Card","Relic","Relic","Relic"],"build_version":"2020-12-22","purchased_purges":2,"victory":false,"max_hp_per_floor":[63,63,63,63,63,63,63,63,63,63,63,63,63,63,63,63,63,63,44,44,44,44,44,44,44,44,44,44],"card_choices":[{"not_picked":["Deadly Poison","Acrobatics"],"picked":"Well Laid Plans","floor":1},{"not_picked":["Finisher","PiercingWail"],"picked":"Riddle With Holes","floor":2},{"not_picked":["Poisoned Stab","Sucker Punch"],"picked":"Blade Dance","floor":4},{"not_picked":["Dodge and Roll","Toxin Wave"],"picked":"Hidden Blade","floor":5},{"not_picked":["Deflect","Blade Dance"],"picked":"Calculated Gamble","floor":7},{"not_picked":["Accuracy","Prepared"],"picked":"Backflip","floor":11},{"not_picked":["Skewer","Acrobatics"],"picked":"Cloak And Dagger","floor":13},{"not_picked":["ReplayTheSpireMod:From All Sides","Grand Finale"],"picked":"REME_ShadowForm","floor":16},{"not_picked":["Sucker Punch+1","Acrobatics","Blade Dance"],"picked":"SKIP","floor":18},{"not_picked":["Acrobatics","Bane"],"picked":"Crippling Poison+1","floor":20},{"not_picked":["Deadly Poison","Terror"],"picked":"Dodge and Roll","floor":23},{"not_picked":["Acrobatics+1","Underhanded Strike"],"picked":"Prepared","floor":24}],"player_experience":81814,"relics_obtained":[{"floor":7,"key":"Replay:Kaleidoscope"},{"floor":26,"key":"Dream Catcher"}],"event_choices":[{"damage_healed":0,"gold_gain":75,"player_choice":"Gather Gold","damage_taken":11,"max_hp_gain":0,"max_hp_loss":0,"event_name":"World of Goop","floor":3,"gold_loss":0},{"damage_healed":0,"gold_gain":0,"player_choice":"Entered Light","damage_taken":13,"max_hp_gain":0,"max_hp_loss":0,"event_name":"Shining Light","floor":10,"gold_loss":0,"cards_upgraded":["Defend_G","Hidden Blade"]},{"damage_healed":0,"gold_gain":0,"player_choice":"Became a vampire","damage_taken":0,"max_hp_gain":0,"max_hp_loss":19,"event_name":"Vampires","floor":19,"gold_loss":0,"cards_obtained":["Bite","Bite","Bite","Bite","Bite"]},{"damage_healed":0,"gold_gain":0,"player_choice":"Upgraded","damage_taken":0,"max_hp_gain":0,"max_hp_loss":0,"event_name":"Upgrade Shrine","floor":22,"gold_loss":0,"cards_upgraded":["Poisoned Strike"]}],"is_beta":false,"boss_relics":[{"not_picked":["Snecko Eye","Kintsugi"],"picked":"Ring of the Serpent"}],"items_purged_floors":[14,21],"is_endless":false,"potions_floor_spawned":[1,5,13,20,23],"killed_by":"Centurion and Healer","ascension_level":1}}