{"host":"7iv10lxbxedtd0qh","time":1612196951,"event":{"mods":["BaseMod","Colored Map","Colored Powertips","Downfall","Minty Spire (QoL Compilation)","StSLib"],"gold_per_floor":[99,110,110,210,226,226,226,260,3,15,15,34,34,63,78,78,78,78],"floor_reached":16,"language":"ENG","playtime":674,"items_purged":[],"score":116,"play_id":"d66d2de6-1d41-43a0-8f82-a6f6e13ae34c","local_time":"20210201172911","is_ascension_mode":true,"campfire_choices":[{"data":"bronze:Repulsor","floor":6,"key":"SMITH"},{"data":"sneckomod:PureSnecko","floor":13,"key":"SMITH"}],"circlet_count":0,"master_deck":["sneckomod:Strike","sneckomod:Strike","sneckomod:Strike","sneckomod:Defend","sneckomod:Defend","sneckomod:Defend","sneckomod:TailWhip+1","sneckomod:SnekBite","sneckomod:Unknown","bronze:Repulsor+1","sneckomod:SoulDraw","sneckomod:UnknownCommonSkill","sneckomod:PureSnecko+1","sneckomod:UnknownUncommonPower","Shockwave","sneckomod:UnknownUncommonPower","sneckomod:UnknownColorless"],"relics":["sneckomod:SneckoSoul","Mercury Hourglass","Akabeko","Gremlin Horn","Dream Catcher"],"acts_visited":["Exordium"],"potions_floor_usage":[15,16],"damage_taken":[{"damage":0,"enemies":"Small Slimes","floor":2,"turns":2},{"damage":4,"enemies":"Cultist","floor":5,"turns":3},{"damage":21,"enemies":"Gremlin Nob","floor":8,"turns":4},{"damage":5,"enemies":"downfall:FleeingMerchant","floor":9,"turns":4},{"damage":8,"enemies":"Jaw Worm","floor":10,"turns":3},{"damage":4,"enemies":"Red Slaver","floor":12,"turns":3},{"damage":13,"enemies":"3 Sentries","floor":14,"turns":6},{"damage":0,"enemies":"Gremlin Gang","floor":15,"turns":1},{"damage":44,"enemies":"SI_SHIV_ARCHETYPE","floor":16,"turns":7}],"seed_played":"-4060220495356810034","potions_obtained":[{"floor":8,"key":"DistilledChaos"},{"floor":10,"key":"ColorlessPotion"},{"floor":14,"key":"Regen Potion"}],"is_trial":false,"path_per_floor":["R","M","?","?","M","R","T","E","$","M","R","M","R","E","M","B"],"character_chosen":"THE_SNECKO","items_purchased":["Gremlin Horn"],"campfire_rested":0,"item_purchase_floors":[9],"current_hp_per_floor":[90,90,95,95,91,91,91,70,65,57,57,53,53,40,40,0,0,0],"gold":78,"neow_bonus":"UPGRADE_CARD","is_daily":false,"chose_seed":false,"campfire_upgraded":2,"win_rate":0.0,"timestamp":1612196951,"path_taken":["R","M","?","?","?","R","T","E","$","M","R","M","R","E","M","BOSS"],"items_purchased_type":["Relic"],"build_version":"2020-12-22","purchased_purges":0,"victory":false,"max_hp_per_floor":[90,90,95,95,95,95,95,95,95,95,95,95,95,95,95,95,95,95],"card_choices":[{"not_picked":["sneckomod:Nope","sneckomod:SerpentIdol"],"picked":"sneckomod:SoulDraw","floor":2},{"not_picked":["sneckomod:MasterEye","sneckomod:Unknown1Cost"],"picked":"sneckomod:UnknownWeak","floor":5},{"not_picked":["sneckomod:DiceCrush","sneckomod:UnknownDraw"],"picked":"sneckomod:UnknownCommonSkill","floor":8},{"not_picked":["sneckomod:ImprovisedAttack","sneckomod:SoulRoll"],"picked":"sneckomod:PureSnecko","floor":9},{"not_picked":["sneckomod:Unknown1Cost","sneckomod:RainOfDice"],"picked":"sneckomod:UnknownUncommonPower","floor":10},{"not_picked":["sneckomod:SoulExchange","sneckomod:UnknownDraw"],"picked":"sneckomod:UnknownUncommonPower","floor":12},{"not_picked":["sneckomod:UnknownStrike","sneckomod:UnknownVulnerable","sneckomod:DefensiveFlair"],"picked":"SKIP","floor":14},{"not_picked":["sneckomod:SnakeSap","sneckomod:RainOfDice"],"picked":"sneckomod:UnknownColorless","floor":15}],"player_experience":777136,"relics_obtained":[{"floor":7,"key":"Mercury Hourglass"},{"floor":8,"key":"Akabeko"},{"floor":14,"key":"Dream Catcher"}],"event_choices":[{"damage_healed":0,"gold_gain":0,"player_choice":"Donut","damage_taken":0,"max_hp_gain":5,"max_hp_loss":0,"event_name":"Big Fish","floor":3,"gold_loss":0}],"is_beta":false,"boss_relics":[],"items_purged_floors":[],"is_endless":false,"potions_floor_spawned":[8,10,14],"killed_by":"SI_SHIV_ARCHETYPE","ascension_level":1}}