{"host":"aj7el8l5kufbk20z","time":1612149786,"event":{"mods":["AchievementEnabler","BaseMod","Colored Map","Colored Powertips","Curses Come First","Highlight Path","Minty Spire (QoL Compilation)","Permanent Neow","Poor People Problems","Quick Restart","Rare Cards Sparkle","Relic Stats","StSLib","SuperFastMode","Waifu the Spire"],"gold_per_floor":[115,115,666,680,680,711,711,711,711],"floor_reached":8,"language":"ZHS","playtime":2911,"items_purged":["Strike_B"],"score":83,"play_id":"a49f3752-008b-45f1-8faa-7531899b3ebc","local_time":"20210201112306","is_ascension_mode":true,"campfire_choices":[{"data":"Dualcast","floor":7,"key":"SMITH"}],"circlet_count":0,"master_deck":["Strike_B","Strike_B+1","Strike_B","Defend_B","Defend_B","Defend_B","Defend_B+1","Zap","Dualcast+1","Scrape","Stack+1","Beam Cell"],"relics":["Cracked Core","NeowsBlessing","Mummified Hand","Tiny Chest"],"acts_visited":["Exordium"],"potions_floor_usage":[],"damage_taken":[{"damage":0,"enemies":"2 Louse","floor":1,"turns":1},{"damage":0,"enemies":"Small Slimes","floor":4,"turns":1},{"damage":0,"enemies":"Lagavulin","floor":6,"turns":1},{"damage":0,"enemies":"3 Sentries","floor":8,"turns":1}],"seed_played":"-7169332481117912258","potions_obtained":[{"floor":1,"key":"SpeedPotion"}],"is_trial":false,"path_per_floor":["M","?","$","M","?","E","R","E"],"character_chosen":"DEFECT","items_purchased":["Mummified Hand"],"campfire_rested":0,"item_purchase_floors":[3],"current_hp_per_floor":[75,60,60,60,60,60,60,60,60],"gold":711,"neow_bonus":"THREE_ENEMY_KILL","is_daily":false,"chose_seed":false,"campfire_upgraded":1,"win_rate":0.0,"timestamp":1612149786,"path_taken":["M","?","$","M","?","E","R","E"],"items_purchased_type":["Relic"],"build_version":"2020-12-22","purchased_purges":1,"victory":false,"max_hp_per_floor":[75,75,75,75,75,75,75,75,75],"relic_stats":{"counters":[4,4],"Mummified Hand":[0],"Tiny Chest":0,"obtain_stats":[{"NeowsBlessing":0,"Mummified Hand":3,"Tiny Chest":6,"Cracked Core":0},{"NeowsBlessing":0,"Mummified Hand":1,"Tiny Chest":3,"Cracked Core":0},{"NeowsBlessing":0,"Mummified Hand":1,"Tiny Chest":3,"Cracked Core":0}]},"card_choices":[{"not_picked":["Turbo","Redo"],"picked":"Scrape","floor":1},{"not_picked":["Hologram","Gash"],"picked":"Stack","floor":4},{"not_picked":["Leap","Stack"],"picked":"Beam Cell","floor":6}],"player_experience":322431,"relics_obtained":[{"floor":6,"key":"Tiny Chest"}],"event_choices":[{"damage_healed":0,"gold_gain":0,"player_choice":"Entered Light","damage_taken":15,"max_hp_gain":0,"max_hp_loss":0,"event_name":"Shining Light","floor":2,"gold_loss":0,"cards_upgraded":["Defend_B","Strike_B"]},{"damage_healed":0,"gold_gain":0,"player_choice":"Upgraded","damage_taken":0,"max_hp_gain":0,"max_hp_loss":0,"event_name":"Upgrade Shrine","floor":5,"gold_loss":0,"cards_upgraded":["Stack"]}],"is_beta":false,"boss_relics":[],"items_purged_floors":[3],"is_endless":false,"potions_floor_spawned":[1],"killed_by":"3 Sentries","ascension_level":1}}