{"host":"btk6hapgokl8j5e3","time":1612195810,"event":{"mods":["Act Like it!","BaseMod","BetterRewards","Colored Powertips","Downfall","Friendly Minions","GifTheSpireLib","Hallownest","Minty Spire (QoL Compilation)","StSLib","The Animator","The Bug Knight","The Necromancer"],"gold_per_floor":[0,41,41,83,124,151,175,175,175,187,50,100,100,135,173,274,274,274,312,412,455,1,38,38,91,142,172,184,253,53,53,98,194,194,94,94,133,133,145,145,145,70,70,125,166,166,191,210,228,228,228,258,6,6,6,6,6,6],"floor_reached":56,"language":"ENG","playtime":5227,"items_purged":["Slimebound:Defend_Slimebound","Slimebound:Defend_Slimebound","Slimebound:Defend_Slimebound"],"score":839,"play_id":"5abe1e69-6322-419e-918c-fb271e3dab65","local_time":"20210201171010","is_ascension_mode":false,"campfire_choices":[{"data":"HandOfGreed","floor":1,"key":"SMITH"},{"data":"Slimebound:CorrosiveSpit","floor":8,"key":"SMITH"},{"floor":13,"key":"REST"},{"data":"Slimebound:Overexert","floor":18,"key":"SMITH"},{"floor":28,"key":"RECALL"},{"data":"Slimebound:Repurpose","floor":30,"key":"SMITH"},{"data":"Slimebound:SelfFormingGoo","floor":35,"key":"SMITH"},{"data":"Slimebound:Split","floor":40,"key":"SMITH"},{"data":"Slimebound:Gluttony","floor":43,"key":"SMITH"},{"data":"Slimebound:GoopSpray","floor":46,"key":"SMITH"},{"data":"expansioncontent:AwakenDeath","floor":54,"key":"SMITH"}],"circlet_count":0,"master_deck":["Slimebound:Strike_Slimebound","Slimebound:Strike_Slimebound","Slimebound:Strike_Slimebound","Slimebound:Tackle","Slimebound:Defend_Slimebound","Slimebound:Split+1","Slimebound:CorrosiveSpit+1","HandOfGreed+1","Slimebound:SplitAcid","Slimebound:Schlurp","Slimebound:ServeAndProtect","Slimebound:SplitMire","Slimebound:TongueLash+1","Slimebound:ItLooksTasty+1","Slimebound:Overexert+1","Slimebound:GoopSpray+1","Slimebound:SlimeSlap+1","Slimebound:GoopSpray+1","Slimebound:LeechingTouch+1","expansioncontent:DashGenerateEvil+1","Slimebound:Repurpose+1","Slimebound:LeechEnergy+1","Slimebound:SelfFormingGoo+1","expansioncontent:YouAreMine","Slimebound:GoopSpray+1","Slimebound:Gluttony+1","expansioncontent:AwakenDeath+1"],"relics":["Slimebound:AbsorbEndCombat","Slimebound:AggressiveSlimeRelic","Molten Egg 2","Regal Pillow","Sundial","SlaversCollar","Toy Ornithopter","Sling","MawBank","Pen Nib","downfall:HeartBlessingRed","downfall:HeartBlessingGreen","Busted Crown","downfall:HeartBlessingBlue","Strawberry","Mango","PreservedInsect","Blue Candle","Torii","Lee\u0027s Waffle"],"acts_visited":["Exordium","TheCity","TheBeyond","TheEnding"],"potions_floor_usage":[11,14,20,22,22,25,26,29,32,37,44,45,48,50,55],"damage_taken":[{"damage":4,"enemies":"Jaw Worm","floor":2,"turns":4},{"damage":0,"enemies":"2 Louse","floor":4,"turns":3},{"damage":3,"enemies":"Cultist","floor":5,"turns":2},{"damage":35,"enemies":"Gremlin Nob","floor":6,"turns":4},{"damage":2,"enemies":"Red Slaver","floor":10,"turns":4},{"damage":8,"enemies":"downfall:FleeingMerchant","floor":11,"turns":4},{"damage":12,"enemies":"3 Sentries","floor":12,"turns":5},{"damage":0,"enemies":"Large Slime","floor":14,"turns":3},{"damage":5,"enemies":"Exordium Thugs","floor":15,"turns":3},{"damage":19,"enemies":"SI_SHIV_ARCHETYPE","floor":16,"turns":7},{"damage":0,"enemies":"Chosen","floor":19,"turns":3},{"damage":17,"enemies":"downfall:LadyInBlue","floor":20,"turns":4},{"damage":14,"enemies":"Centurion and Healer","floor":21,"turns":4},{"damage":0,"enemies":"downfall:FleeingMerchant","floor":22,"turns":4},{"damage":8,"enemies":"Snecko","floor":23,"turns":7},{"damage":2,"enemies":"HollowMod:Nosk","floor":25,"turns":4},{"damage":19,"enemies":"Shelled Parasite and Fungi","floor":26,"turns":4},{"damage":11,"enemies":"Snake Plant","floor":27,"turns":3},{"damage":20,"enemies":"downfall:FleeingMerchant","floor":29,"turns":4},{"damage":9,"enemies":"Centurion and Healer","floor":32,"turns":4},{"damage":9,"enemies":"WA_ARCHETYPE_CALM","floor":33,"turns":5},{"damage":9,"enemies":"3 Shapes","floor":37,"turns":2},{"damage":10,"enemies":"Orb Walker","floor":39,"turns":3},{"damage":0,"enemies":"Reptomancer","floor":44,"turns":4},{"damage":2,"enemies":"4 Shapes","floor":45,"turns":3},{"damage":5,"enemies":"Nemesis","floor":47,"turns":3},{"damage":27,"enemies":"3 Darklings","floor":48,"turns":5},{"damage":0,"enemies":"Transient","floor":49,"turns":5},{"damage":40,"enemies":"DF_ARCHETYPE_ORBS","floor":50,"turns":6},{"damage":67,"enemies":"downfall:CharBossMerchant","floor":52,"turns":7},{"damage":29,"enemies":"downfall:NeowBoss","floor":55,"turns":13},{"damage":219,"enemies":"downfall:NeowBossFinal","floor":56,"turns":9}],"seed_played":"-2120740299549427990","potions_obtained":[{"floor":4,"key":"GamblersBrew"},{"floor":6,"key":"DistilledChaos"},{"floor":12,"key":"Slimebound:SlimedPotion"},{"floor":15,"key":"SteroidPotion"},{"floor":19,"key":"champ:CounterPotion"},{"floor":20,"key":"SpeedPotion"},{"floor":20,"key":"AttackPotion"},{"floor":20,"key":"ColorlessPotion"},{"floor":21,"key":"LiquidBronze"},{"floor":23,"key":"AttackPotion"},{"floor":26,"key":"ColorlessPotion"},{"floor":31,"key":"Fire Potion"},{"floor":31,"key":"SteroidPotion"},{"floor":31,"key":"FairyPotion"},{"floor":33,"key":"LiquidMemories"},{"floor":37,"key":"Slimebound:SlimedPotion"},{"floor":45,"key":"Strength Potion"},{"floor":47,"key":"AttackPotion"},{"floor":52,"key":"Slimebound:SpawnSlimePotion"}],"is_trial":false,"path_per_floor":["R","M","?","M","M","E","T","R","?","M","$","E","R","M","M","B",null,"R","M","?","M","$","M","T","E","M","M","R","$","R","?","M","B",null,"R","?","M","?","M","R","T","$","R","E","M","R","E","M","M","B",null,"E","$","R","B","B"],"character_chosen":"SLIMEBOUND","items_purchased":["Slimebound:ItLooksTasty+1","expansioncontent:DashGenerateEvil","Sling","Pen Nib","Slimebound:Gluttony","Lee\u0027s Waffle","expansioncontent:AwakenDeath"],"campfire_rested":1,"item_purchase_floors":[11,22,22,29,42,53,53],"current_hp_per_floor":[65,63,51,53,52,21,21,21,26,30,30,24,60,66,65,52,70,70,70,59,53,70,64,64,70,53,48,48,41,41,41,45,44,70,80,75,77,84,76,76,90,90,90,101,99,99,98,82,90,63,101,36,108,108,85,0,0,0],"gold":6,"neow_bonus":"RANDOM_COLORLESS_2","is_daily":false,"chose_seed":false,"campfire_upgraded":9,"win_rate":0.0,"timestamp":1612195810,"path_taken":["R","M","?","M","M","E","T","R","?","M","$","E","R","M","M","BOSS","R","M","?","?","$","M","T","E","M","M","R","?","R","?","M","BOSS","R","?","M","?","M","R","T","$","R","E","?","R","E","M","M","BOSS","E","$","R","BOSS","BOSS"],"items_purchased_type":["Card","Card","Relic","Relic","Card","Relic","Card"],"build_version":"2020-12-22","purchased_purges":3,"victory":false,"max_hp_per_floor":[65,65,65,65,65,65,65,65,70,70,70,70,70,70,70,70,70,70,70,70,70,70,70,70,70,70,70,70,70,70,70,70,70,70,80,80,80,87,87,87,101,101,101,101,101,101,101,101,101,101,101,101,108,108,108,108,108,108],"card_choices":[{"not_picked":["Secret Technique","Apotheosis"],"picked":"HandOfGreed","floor":0},{"not_picked":["Slimebound:GrowthPunch","Slimebound:HauntingLick"],"picked":"Slimebound:SplitAcid","floor":2},{"not_picked":["Slimebound:GoopSpray","Slimebound:SplitAcid"],"picked":"Slimebound:Schlurp","floor":4},{"not_picked":["Slimebound:HauntingLick","Slimebound:GoopSpray"],"picked":"Slimebound:ServeAndProtect","floor":5},{"not_picked":["Slimebound:Schlurp","Slimebound:DouseInSlime"],"picked":"Slimebound:SplitMire","floor":6},{"not_picked":["Slimebound:SplitMire","Slimebound:SlimeSpikes","Slimebound:Chomp+1"],"picked":"SKIP","floor":10},{"not_picked":["Slimebound:MegaLick","Slimebound:SplitMire"],"picked":"Slimebound:TongueLash+1","floor":11},{"not_picked":["Slimebound:SplitBruiser","Slimebound:HauntingLick"],"picked":"Slimebound:Overexert","floor":12},{"not_picked":["Slimebound:SplitLeeching","Slimebound:LivingWall"],"picked":"Slimebound:GoopSpray","floor":14},{"not_picked":["Slimebound:Chomp+1","Slimebound:Grow","Slimebound:SplitAcid"],"picked":"SKIP","floor":15},{"not_picked":["Slimebound:MinionMaster","Slimebound:FirmFortitude"],"picked":"Slimebound:SlimeSlap+1","floor":16},{"not_picked":["Slimebound:Gluttony","Slimebound:LivingWall+1"],"picked":"Slimebound:GoopSpray+1","floor":19},{"not_picked":["Slimebound:SpikyOuterGoop+1","Slimebound:PressTheAttack+1"],"picked":"Slimebound:LeechingTouch+1","floor":20},{"not_picked":["Slimebound:ItLooksTasty+1","Slimebound:SplitBruiser","Slimebound:ComboTackle+1"],"picked":"SKIP","floor":21},{"not_picked":["Slimebound:Grow","Slimebound:LeechingTouch+1","Slimebound:FirmFortitude"],"picked":"SKIP","floor":22},{"not_picked":["Slimebound:LevelUp","Slimebound:SplitAcid"],"picked":"Slimebound:Repurpose","floor":23},{"not_picked":["Slimebound:Dissolve","Slimebound:RollThrough+1","Slimebound:SplitLeeching"],"picked":"SKIP","floor":25},{"not_picked":["Slimebound:HauntingLick","Slimebound:PressTheAttack+1","Slimebound:FinishingTackle+1"],"picked":"SKIP","floor":26},{"not_picked":["Slimebound:LivingWall","Slimebound:DisruptingSlam+1","Slimebound:SlimeSpikes+1"],"picked":"SKIP","floor":27},{"not_picked":["Slimebound:GoopSpray+1","Slimebound:GoopTackle+1","Slimebound:Grow"],"picked":"SKIP","floor":29},{"not_picked":["Slimebound:SplitAcid+1","Slimebound:ComboTackle+1"],"picked":"Slimebound:LeechEnergy+1","floor":32},{"not_picked":["Slimebound:MinionMaster","Slimebound:CheckThePlaybook"],"picked":"Slimebound:SelfFormingGoo","floor":33},{"not_picked":["expansioncontent:AwakenDeath","expansioncontent:InvincibleStrength"],"picked":"expansioncontent:YouAreMine","floor":36},{"not_picked":[],"picked":"Slimebound:GoopSpray+1","floor":37},{"not_picked":["Slimebound:HauntingLick"],"picked":"SKIP","floor":39},{"not_picked":["Slimebound:GoopSpray"],"picked":"SKIP","floor":44},{"not_picked":["Slimebound:Gluttony"],"picked":"SKIP","floor":45},{"not_picked":["Slimebound:ItLooksTasty+1"],"picked":"SKIP","floor":47},{"not_picked":["Slimebound:SplitMire"],"picked":"SKIP","floor":48},{"not_picked":["Slimebound:ComboTackle+1"],"picked":"SKIP","floor":49},{"not_picked":["Slimebound:PressTheAttack+1"],"picked":"SKIP","floor":52}],"player_experience":411534,"relics_obtained":[{"floor":6,"key":"Molten Egg 2"},{"floor":7,"key":"Regal Pillow"},{"floor":12,"key":"Sundial"},{"floor":20,"key":"Toy Ornithopter"},{"floor":25,"key":"MawBank"},{"floor":38,"key":"Strawberry"},{"floor":41,"key":"Mango"},{"floor":44,"key":"PreservedInsect"},{"floor":47,"key":"Blue Candle"},{"floor":52,"key":"Torii"}],"event_choices":[{"damage_healed":0,"gold_gain":0,"player_choice":"Success","damage_taken":12,"relics_obtained":["Slimebound:AggressiveSlimeRelic"],"max_hp_gain":0,"max_hp_loss":0,"event_name":"Scrap Ooze","floor":3,"gold_loss":0},{"damage_healed":0,"gold_gain":0,"player_choice":"Donut","damage_taken":0,"max_hp_gain":5,"max_hp_loss":0,"event_name":"Big Fish","floor":9,"gold_loss":0},{"damage_healed":0,"gold_gain":0,"player_choice":"Got Potions","damage_taken":0,"max_hp_gain":0,"max_hp_loss":0,"event_name":"Lab","floor":31,"gold_loss":0},{"damage_healed":0,"gold_gain":0,"player_choice":"Relic","damage_taken":0,"max_hp_gain":0,"max_hp_loss":0,"event_name":"Wheel of Change","floor":38,"gold_loss":0}],"is_beta":false,"boss_relics":[{"not_picked":["Fusion Hammer","Empty Cage"],"picked":"SlaversCollar"},{"not_picked":["Calling Bell","Snecko Eye"],"picked":"Busted Crown"}],"items_purged_floors":[11,22,29],"is_endless":false,"potions_floor_spawned":[4,6,12,15,19,21,23,26,33,37,45,47,52],"killed_by":"downfall:NeowBossFinal","ascension_level":0}}