{"host":"0awa854l6bexpjrv","time":1612162939,"event":{"mods":["BaseMod","Block Reminder","Colored Map","Colored Powertips","Downfall","Highlight Path","Minty Spire (QoL Compilation)","Quick Restart","Rare Cards Sparkle","StSLib","SuperFastMode"],"gold_per_floor":[99,113,128,38,38,38,38,62,84,243,272,272,291,317,336,442,442,442,467,487,135,135,162,216,225,225,242,266,266,266,277,301,409,409,409,434,434,452,474,10,37,37,37,65,86,96,96,155,174,174],"floor_reached":51,"language":"ENG","playtime":4513,"items_purged":["bronze:Strike","downfall:Icky"],"score":599,"play_id":"c93ae20a-93d8-48e3-b1ed-809fa197d251","local_time":"20210131230219","is_ascension_mode":false,"campfire_choices":[{"data":"bronze:Goto","floor":1.0,"key":"SMITH"},{"data":"bronze:Replicate","floor":6.0,"key":"SMITH"},{"data":"bronze:RecursiveStrike","floor":18.0,"key":"SMITH"},{"data":"bronze:InfiniteLoop","floor":26.0,"key":"SMITH"},{"data":"bronze:DigitalCarnage","floor":29.0,"key":"SMITH"},{"floor":35.0,"key":"RECALL"},{"floor":47.0,"key":"REST"}],"circlet_count":0,"master_deck":["bronze:Strike","bronze:Strike","bronze:Defend","bronze:Defend","bronze:Defend","bronze:Defend","bronze:Replicate+1","bronze:Goto+1","bronze:Shield","bronze:ChildClass","bronze:Frontload","bronze:WhirlingStrike","bronze:SpaghettiCode","bronze:Boost","bronze:DelayedSlice","bronze:Branch","bronze:CutThrough","bronze:RecursiveStrike+1","bronze:WildBeam+1","bronze:Repair","bronze:HardenedForm","bronze:Shield+1","bronze:InfiniteLoop+1","bronze:DigitalCarnage+1","bronze:Allocate+1","bronze:BurnOut","bronze:ClassDefault+1","bronze:Deprecate+1","bronze:Return+1","bronze:Separator+1","bronze:HardenedForm","bronze:Invalidate+1"],"relics":["bronze:PlatinumCore","bronze:ProtectiveGoggles","CeramicFish","Shuriken","Nloth\u0027s Gift","Akabeko","Fusion Hammer","Torii","Bronze Scales","Happy Flower","bronze:BottledCode","downfall:ExtraCursedKey","Prayer Wheel"],"acts_visited":["Exordium","TheCity","TheBeyond"],"potions_floor_usage":[50],"damage_taken":[{"damage":0.0,"enemies":"Small Slimes","floor":2.0,"turns":5.0},{"damage":1.0,"enemies":"Jaw Worm","floor":3.0,"turns":4.0},{"damage":0.0,"enemies":"downfall:FleeingMerchant","floor":4.0,"turns":4.0},{"damage":0.0,"enemies":"Cultist","floor":8.0,"turns":4.0},{"damage":6.0,"enemies":"Gremlin Gang","floor":9.0,"turns":3.0},{"damage":3.0,"enemies":"Exordium Wildlife","floor":11.0,"turns":6.0},{"damage":0.0,"enemies":"2 Fungi Beasts","floor":13.0,"turns":2.0},{"damage":2.0,"enemies":"Large Slime","floor":14.0,"turns":6.0},{"damage":0.0,"enemies":"Exordium Wildlife","floor":15.0,"turns":3.0},{"damage":12.0,"enemies":"SI_SHIV_ARCHETYPE","floor":16.0,"turns":5.0},{"damage":0.0,"enemies":"3 Byrds","floor":19.0,"turns":3.0},{"damage":0.0,"enemies":"Snake Plant","floor":20.0,"turns":3.0},{"damage":0.0,"enemies":"downfall:FleeingMerchant","floor":21.0,"turns":4.0},{"damage":0.0,"enemies":"3 Cultists","floor":23.0,"turns":4.0},{"damage":0.0,"enemies":"Snecko","floor":27.0,"turns":2.0},{"damage":0.0,"enemies":"Cultist and Chosen","floor":28.0,"turns":3.0},{"damage":0.0,"enemies":"Sentry and Sphere","floor":31.0,"turns":1.0},{"damage":4.0,"enemies":"Shelled Parasite and Fungi","floor":32.0,"turns":2.0},{"damage":62.0,"enemies":"IC_MUSHROOM_ARCHETYPE","floor":33.0,"turns":6.0},{"damage":0.0,"enemies":"Orb Walker","floor":36.0,"turns":2.0},{"damage":13.0,"enemies":"3 Darklings","floor":38.0,"turns":4.0},{"damage":6.0,"enemies":"Writhing Mass","floor":39.0,"turns":4.0},{"damage":0.0,"enemies":"downfall:FleeingMerchant","floor":40.0,"turns":4.0},{"damage":0.0,"enemies":"Transient","floor":44.0,"turns":5.0},{"damage":1.0,"enemies":"Maw","floor":45.0,"turns":6.0},{"damage":0.0,"enemies":"Sphere and 2 Shapes","floor":46.0,"turns":1.0},{"damage":0.0,"enemies":"Sphere and 2 Shapes","floor":48.0,"turns":3.0},{"damage":0.0,"enemies":"Jaw Worm Horde","floor":49.0,"turns":1.0},{"damage":23,"enemies":"DF_ARCHETYPE_ORBS","floor":50,"turns":5}],"seed_played":"-5091975206520372736","potions_obtained":[{"floor":9.0,"key":"Strength Potion"},{"floor":11.0,"key":"Explosive Potion"},{"floor":13.0,"key":"SkillPotion"},{"floor":15.0,"key":"LiquidBronze"},{"floor":19.0,"key":"Guardian:BlockOnCardUsePotion"},{"floor":27.0,"key":"FearPotion"},{"floor":28.0,"key":"sneckomod:MuddlingPotion"},{"floor":36.0,"key":"bronze:FreeFunctionsPotion"},{"floor":39.0,"key":"sneckomod:MuddlingPotion"},{"floor":45.0,"key":"GamblersBrew"},{"floor":49.0,"key":"bronze:FreeFunctionsPotion"}],"is_trial":false,"path_per_floor":["R","M","M","$","?","R","T","M","M","?","M","?","M","M","M","B",null,"R","M","M","$","?","M","T","?","R","M","M","R","?","M","M","B",null,"R","M","?","M","M","$","T","?","?","M","M","M","R","?","M","B",null],"character_chosen":"THE_AUTOMATON","items_purchased":["Shuriken","Torii","Bronze Scales"],"campfire_rested":1,"item_purchase_floors":[21,40,40],"current_hp_per_floor":[70,70,69,69,69,69,69,69,63,63,60,60,60,58,58,46,70,70,70,70,70,70,70,70,70,70,70,70,70,70,70,66,11,70,70,70,70,64,58,58,58,58,58,58,57,57,60,60,60,44],"gold":174,"neow_bonus":"RANDOM_COMMON_RELIC","is_daily":false,"chose_seed":false,"campfire_upgraded":5,"win_rate":0.0,"timestamp":1612162939,"path_taken":["R","M","M","$","?","R","T","M","M","?","M","?","M","M","M","BOSS","R","M","M","$","?","?","T","?","R","M","M","R","?","M","M","BOSS","R","M","?","M","M","$","T","?","?","M","M","?","R","?","M","BOSS"],"items_purchased_type":["Relic","Relic","Relic"],"build_version":"2020-12-22","purchased_purges":2,"victory":true,"max_hp_per_floor":[70,70,70,70,70,70,70,70,70,70,70,70,70,70,70,70,70,70,70,70,70,70,70,70,70,70,70,70,70,70,70,70,70,70,70,70,70,70,70,70,70,60,60,60,60,60,60,60,60,60],"card_choices":[{"not_picked":["bronze:BugBarrage","bronze:ClassDefault"],"picked":"bronze:Shield","floor":2.0},{"not_picked":["bronze:Safeguard","bronze:Turbo"],"picked":"bronze:ChildClass","floor":3.0},{"not_picked":["bronze:ForceShield","bronze:CutThrough"],"picked":"bronze:Frontload","floor":4.0},{"not_picked":["bronze:FineTuning","bronze:Terminator"],"picked":"bronze:WhirlingStrike","floor":8.0},{"not_picked":["bronze:FollowUp","bronze:Refactor"],"picked":"bronze:SpaghettiCode","floor":9.0},{"not_picked":["bronze:Safeguard","bronze:Turbo"],"picked":"bronze:Boost","floor":11.0},{"not_picked":["bronze:ChildClass","bronze:Deprecate"],"picked":"bronze:DelayedSlice","floor":13.0},{"not_picked":["bronze:ItsAFeature","bronze:Iterate"],"picked":"bronze:Branch","floor":14.0},{"not_picked":["bronze:DelayedGuard","bronze:Backtrace"],"picked":"bronze:CutThrough","floor":15.0},{"not_picked":["bronze:Mutator","bronze:Assembly"],"picked":"bronze:RecursiveStrike","floor":16.0},{"not_picked":["bronze:DelayedGuard","bronze:DigitalCarnage"],"picked":"bronze:WildBeam+1","floor":19.0},{"not_picked":["bronze:Constructor","bronze:InfiniteBeams"],"picked":"bronze:Repair","floor":20.0},{"not_picked":["bronze:CutThrough+1","bronze:BitShift"],"picked":"bronze:HardenedForm","floor":21.0},{"not_picked":["bronze:FineTuning","bronze:GetLatest+1"],"picked":"bronze:Shield+1","floor":23.0},{"not_picked":["bronze:Shield","bronze:DelayedSlice+1","bronze:Virus"],"picked":"SKIP","floor":27.0},{"not_picked":["bronze:NullPointer+1","bronze:WhirlingStrike+1"],"picked":"bronze:DigitalCarnage","floor":28.0},{"not_picked":["bronze:DelayedSlice+1","bronze:DelayedGuard+1","bronze:ChosenStrike"],"picked":"SKIP","floor":31.0},{"not_picked":["bronze:Iterate","bronze:MaxOutput"],"picked":"bronze:Allocate+1","floor":32.0},{"not_picked":["bronze:AlphaBuild","bronze:FindAndReplace"],"picked":"bronze:BurnOut","floor":33.0},{"not_picked":["bronze:Repair","bronze:Terminator+1"],"picked":"bronze:ClassDefault+1","floor":36.0},{"not_picked":["bronze:Safeguard","bronze:Separator+1","bronze:DelayedGuard"],"picked":"SKIP","floor":38.0},{"not_picked":["bronze:OilSpill","bronze:MaxOutput+1"],"picked":"bronze:Deprecate+1","floor":39.0},{"not_picked":["bronze:Refactor+1","bronze:CutThrough","bronze:WhirlingStrike+1"],"picked":"SKIP","floor":40.0},{"not_picked":["bronze:Iterate+1","bronze:Branch+1"],"picked":"bronze:Return+1","floor":44.0},{"not_picked":["bronze:ChildClass+1","bronze:BitShift+1"],"picked":"bronze:Separator+1","floor":45.0},{"not_picked":["bronze:Frontload","bronze:Shield","bronze:MaxOutput"],"picked":"SKIP","floor":46.0},{"not_picked":["bronze:Branch+1","bronze:Invalidate"],"picked":"bronze:HardenedForm","floor":48.0},{"not_picked":["bronze:Boost+1","bronze:WildBeam+1"],"picked":"bronze:Invalidate+1","floor":49.0},{"not_picked":["bronze:OilSpill","bronze:Virus","bronze:Separator+1"],"picked":"SKIP","floor":49.0},{"not_picked":["bronze:OilSpill","bronze:Virus","bronze:Separator+1"],"picked":"SKIP","floor":49.0}],"player_experience":692168,"relics_obtained":[{"floor":7.0,"key":"Ancient Tea Set"},{"floor":24.0,"key":"Akabeko"},{"floor":41.0,"key":"Happy Flower"},{"floor":48.0,"key":"Prayer Wheel"}],"event_choices":[{"damage_healed":0.0,"max_hp_gain":0.0,"max_hp_loss":0.0,"gold_gain":0.0,"event_name":"NoteForYourself","player_choice":"Ignored","floor":12.0,"gold_loss":0.0,"damage_taken":0.0},{"damage_healed":0.0,"max_hp_gain":0.0,"max_hp_loss":0.0,"gold_gain":0.0,"event_name":"The Library","player_choice":"Read","floor":25.0,"gold_loss":0.0,"damage_taken":0.0,"cards_obtained":["bronze:InfiniteLoop"]},{"damage_healed":0.0,"max_hp_gain":0.0,"max_hp_loss":0.0,"gold_gain":0.0,"event_name":"Mysterious Sphere","player_choice":"Ignored","floor":37.0,"gold_loss":0.0,"damage_taken":0.0}],"is_beta":false,"boss_relics":[{"not_picked":["Cursed Key","SlaversCollar"],"picked":"bronze:PlatinumCore"},{"not_picked":["Runic Pyramid","Black Star"],"picked":"Fusion Hammer"}],"items_purged_floors":[4,21],"is_endless":false,"potions_floor_spawned":[9,11,13,15,19,27,28,36,39,45,49],"ascension_level":0}}