{"host":"wfkvcf4y4vkrpwe0","time":1612185104,"event":{"mods":["BaseMod","Conspire","Downfall","Hermit","Minty Spire (QoL Compilation)","StSLib","The Construct","The Cursed","The Disciple","The Hierophant","The Necromancer"],"gold_per_floor":[209,159,159,59,73,73,85,85,85,85,85,85,99,109,109,109,109],"floor_reached":16,"language":"ENG","playtime":495,"items_purged":["construct:AttackMode"],"score":140,"play_id":"18c309b1-9607-48ed-a72a-6533fece3ee5","local_time":"20210201131144","is_ascension_mode":false,"campfire_choices":[{"data":"construct:Autoturret","floor":6,"key":"SMITH"},{"floor":8,"key":"REST"},{"data":"construct:ReactiveShield","floor":10,"key":"SMITH"},{"floor":15,"key":"REST"}],"circlet_count":0,"master_deck":["conspire:GhostlyStrike","conspire:GhostlyStrike","conspire:GhostlyStrike","conspire:GhostlyStrike","conspire:GhostlyDefend","conspire:GhostlyDefend","conspire:GhostlyDefend","conspire:GhostlyDefend","conspire:GhostlyDefend","construct:DefenseMode","construct:Autoturret+1","construct:ReactiveShield+1"],"relics":["construct:Cogwheel","conspire:Dentures","Art of War"],"acts_visited":["Exordium"],"potions_floor_usage":[],"damage_taken":[{"damage":3,"enemies":"Small Slimes","floor":1,"turns":6},{"damage":1,"enemies":"2 Louse","floor":5,"turns":3},{"damage":24,"enemies":"Jaw Worm","floor":7,"turns":4},{"damage":21,"enemies":"Lots of Slimes","floor":13,"turns":6},{"damage":8,"enemies":"Looter","floor":14,"turns":4},{"damage":79,"enemies":"Hexaghost","floor":16,"turns":12}],"seed_played":"-1326110411332107929","potions_obtained":[{"floor":7,"key":"sneckomod:MuddlingPotion"}],"is_trial":false,"path_per_floor":["M","?","?","$","M","R","M","R","T","R","?","$","M","M","R","B"],"character_chosen":"THE_CONSTRUCT_MOD","items_purchased":["construct:Autoturret"],"campfire_rested":2,"item_purchase_floors":[4],"current_hp_per_floor":[82,82,82,82,81,81,57,82,82,82,82,82,61,53,78,0,0],"gold":109,"neow_bonus":"HUNDRED_GOLD","is_daily":false,"chose_seed":false,"campfire_upgraded":2,"win_rate":0.0,"timestamp":1612185104,"path_taken":["M","?","?","?","M","R","?","R","T","R","?","$","?","M","R","BOSS"],"items_purchased_type":["Card"],"build_version":"2020-12-22","purchased_purges":1,"victory":false,"max_hp_per_floor":[85,85,85,85,85,85,85,85,85,85,85,85,85,85,85,85,85],"card_choices":[{"not_picked":["construct:Analyze","construct:FierceBash","construct:SuppressiveFire"],"picked":"SKIP","floor":1},{"not_picked":["construct:HeavyBolt","construct:VentSteam","construct:Chainstrike"],"picked":"SKIP","floor":5},{"not_picked":["construct:FocusedBeam","construct:Missile"],"picked":"construct:ReactiveShield","floor":7},{"not_picked":["construct:ElectricArmor","construct:Stasis","construct:ClockworkEgg"],"picked":"SKIP","floor":13},{"not_picked":["construct:ShiftStrike","construct:Dampening","construct:ScrapCannon"],"picked":"SKIP","floor":14}],"player_experience":571571,"relics_obtained":[{"floor":9,"key":"conspire:Dentures"}],"event_choices":[{"cards_removed":["construct:Strike_Gold"],"damage_healed":0,"gold_gain":0,"player_choice":"Card Removal","damage_taken":0,"max_hp_gain":0,"max_hp_loss":0,"event_name":"The Cleric","floor":2,"gold_loss":50},{"damage_healed":0,"gold_gain":0,"player_choice":"Agree","damage_taken":0,"max_hp_gain":0,"max_hp_loss":0,"event_name":"conspire:LoneGhost","floor":3,"gold_loss":0},{"damage_healed":0,"gold_gain":0,"player_choice":"Gave Potion","damage_taken":0,"relics_obtained":["Art of War"],"max_hp_gain":0,"max_hp_loss":0,"event_name":"WeMeetAgain","floor":11,"gold_loss":0}],"is_beta":false,"boss_relics":[],"items_purged_floors":[4],"is_endless":false,"potions_floor_spawned":[7],"killed_by":"Hexaghost","ascension_level":0}}