{"host":"m6aaltr68g9tvoay","time":1612145779,"event":{"mods":["AchievementEnabler","BaseMod","Colored Map","Downfall","Minty Spire (QoL Compilation)","StSLib"],"gold_per_floor":[99,110,124,16,116,16,40,67,84,84,117,117,127,62,75,173,173,173,190,290,31,43,43,43,43,57,43,43,143,143,15,25,128,128,128,147,165,165,178,194,245,258,277,177,209,209,223,223,236,236,236],"floor_reached":50,"language":"ENG","playtime":1539,"items_purged":["bronze:Strike"],"score":668,"play_id":"1728116b-01db-4a7a-8b8f-d38028ddb1d4","local_time":"20210131181619","is_ascension_mode":true,"campfire_choices":[{"floor":1,"key":"RECALL"},{"data":"bronze:FineTuning","floor":6,"key":"SMITH"},{"data":"bronze:InfiniteBeams","floor":10,"key":"SMITH"},{"floor":12,"key":"REST"},{"data":"bronze:Mutator","floor":18,"key":"SMITH"},{"floor":23,"key":"REST"},{"floor":25,"key":"REST"},{"floor":28,"key":"REST"},{"data":"expansioncontent:QuickStudy","floor":30,"key":"SMITH"},{"floor":35,"key":"REST"},{"floor":44,"key":"REST"},{"floor":46,"key":"REST"},{"floor":48,"key":"REST"}],"circlet_count":0,"master_deck":["bronze:Strike","bronze:Strike","bronze:Strike","bronze:Defend","bronze:Defend","bronze:Defend","bronze:Defend","bronze:Replicate","bronze:Goto","bronze:Iterate","bronze:InfiniteBeams+1","bronze:DelayedSlice","bronze:FineTuning+1","bronze:Branch","bronze:Separator","bronze:Repulsor","bronze:Flail","bronze:Constructor","bronze:Deprecate","bronze:Mutator+1","bronze:WhirlingStrike","bronze:DarkDash+1","bronze:BronzeOrb","bronze:Virus","bronze:Repair+1","bronze:Safeguard+1","expansioncontent:QuickStudy+1","bronze:DecaBeam","bronze:Shield","bronze:ThunderWave","bronze:Overheat+1","bronze:Branch+1","bronze:ItsAFeature+1","bronze:Turbo+1","bronze:ForceShield","bronze:Shield","bronze:Terminator+1"],"relics":["bronze:BronzeCore","downfall:HeartBlessingRed","Nunchaku","Odd Mushroom","Smiling Mask","sneckomod:SneckoTalon","Dead Branch","Question Card","Membership Card","Vajra","Shuriken","Pear","StoneCalendar","Matryoshka","Philosopher\u0027s Stone","Bronze Scales","downfall:HeartBlessingBlue","StrikeDummy"],"acts_visited":["Exordium","TheCity","TheBeyond"],"potions_floor_usage":[4,8,13,16,16,32,33,33,37,45],"damage_taken":[{"damage":2,"enemies":"2 Louse","floor":2,"turns":4},{"damage":0,"enemies":"Small Slimes","floor":3,"turns":2},{"damage":5,"enemies":"downfall:FleeingMerchant","floor":4,"turns":4},{"damage":8,"enemies":"The Mushroom Lair","floor":8,"turns":2},{"damage":2,"enemies":"Jaw Worm","floor":9,"turns":2},{"damage":5,"enemies":"Gremlin Nob","floor":11,"turns":3},{"damage":0,"enemies":"Exordium Wildlife","floor":13,"turns":2},{"damage":6,"enemies":"downfall:FleeingMerchant","floor":14,"turns":4},{"damage":9,"enemies":"Red Slaver","floor":15,"turns":2},{"damage":16,"enemies":"IC_STATUS_ARCHETYPE","floor":16,"turns":4},{"damage":3,"enemies":"Chosen","floor":19,"turns":4},{"damage":41,"enemies":"WA_ARCHETYPE_RETAIN","floor":20,"turns":6},{"damage":14,"enemies":"downfall:FleeingMerchant","floor":21,"turns":4},{"damage":0,"enemies":"Sentry and Sphere","floor":22,"turns":1},{"damage":20,"enemies":"Snake Plant","floor":26,"turns":4},{"damage":0,"enemies":"downfall:FleeingMerchant","floor":27,"turns":2},{"damage":0,"enemies":"downfall:FleeingMerchant","floor":29,"turns":4},{"damage":5,"enemies":"Centurion and Healer","floor":32,"turns":4},{"damage":31,"enemies":"DF_ARCHETYPE_CLAW","floor":33,"turns":6},{"damage":0,"enemies":"Orb Walker","floor":36,"turns":3},{"damage":4,"enemies":"3 Darklings","floor":37,"turns":3},{"damage":0,"enemies":"Transient","floor":39,"turns":5},{"damage":13,"enemies":"Maw","floor":40,"turns":4},{"damage":23,"enemies":"Writhing Mass","floor":42,"turns":5},{"damage":21,"enemies":"4 Shapes","floor":43,"turns":6},{"damage":13,"enemies":"Nemesis","floor":45,"turns":5},{"damage":14,"enemies":"Jaw Worm Horde","floor":47,"turns":3},{"damage":1,"enemies":"Writhing Mass","floor":49,"turns":5},{"damage":95,"enemies":"SI_POISON_ARCHETYPE","floor":50,"turns":4}],"seed_played":"-5882344945493720333","potions_obtained":[{"floor":0,"key":"Strength Potion"},{"floor":0,"key":"AttackPotion"},{"floor":0,"key":"SpeedPotion"},{"floor":2,"key":"Explosive Potion"},{"floor":8,"key":"champ:CounterPotion"},{"floor":11,"key":"ColorlessPotion"},{"floor":19,"key":"bronze:CleanCodePotion"},{"floor":20,"key":"EssenceOfSteel"},{"floor":32,"key":"Strength Potion"},{"floor":36,"key":"Block Potion"},{"floor":39,"key":"SteroidPotion"},{"floor":43,"key":"hexamod:SoulburnPotion"},{"floor":47,"key":"SteroidPotion"}],"is_trial":false,"path_per_floor":["R","M","M","$","?","R","T","?","M","R","E","R","M","$","M","B",null,"R","M","?","$","M","R","T","R","M","$","R","?","R","$","M","B",null,"R","M","M","?","M","M","T","M","M","R","E","R","M","R","M","B"],"character_chosen":"THE_AUTOMATON","items_purchased":["bronze:FineTuning","bronze:Branch","Membership Card","Vajra","Block Potion","Pear","StoneCalendar","expansioncontent:QuickStudy","Matryoshka"],"campfire_rested":8,"item_purchase_floors":[4,4,21,21,21,27,27,27,31],"current_hp_per_floor":[70,68,68,63,63,63,63,55,53,53,48,69,69,63,54,38,62,62,59,18,4,4,25,25,46,26,46,70,80,80,80,75,54,74,80,80,79,79,79,67,67,54,43,80,67,90,76,90,89,0,0],"gold":236,"neow_bonus":"THREE_SMALL_POTIONS","is_daily":false,"chose_seed":false,"campfire_upgraded":4,"win_rate":0.0,"timestamp":1612145779,"path_taken":["R","M","M","$","?","R","T","?","M","R","E","R","M","$","M","BOSS","R","M","?","$","M","R","T","R","M","$","R","?","R","?","M","BOSS","R","M","M","?","M","M","T","M","M","R","E","R","?","R","M","BOSS"],"items_purchased_type":["Card","Card","Relic","Relic","Potion","Relic","Relic","Card","Relic"],"build_version":"2020-12-22","purchased_purges":1,"victory":false,"max_hp_per_floor":[70,70,70,70,70,70,70,70,70,70,70,70,70,70,70,70,70,70,70,70,70,70,70,70,70,70,80,80,80,80,80,80,80,80,80,80,80,80,80,80,80,80,80,90,90,90,90,90,90,90,90],"card_choices":[{"not_picked":["bronze:Backtrace","bronze:FineTuning"],"picked":"bronze:Iterate","floor":2},{"not_picked":["bronze:GetLatest","bronze:NullPointer"],"picked":"bronze:InfiniteBeams","floor":3},{"not_picked":["bronze:Turbo","bronze:Safeguard"],"picked":"bronze:DelayedSlice","floor":4},{"not_picked":["bronze:CutThrough","bronze:DelayedSlice"],"picked":"bronze:Separator","floor":8},{"not_picked":["bronze:Branch","bronze:OilSpill","bronze:Refactor"],"picked":"SKIP","floor":9},{"not_picked":["bronze:WildBeam","bronze:GetLatest"],"picked":"bronze:Repulsor","floor":11},{"not_picked":["bronze:ClassDefault","bronze:Separator"],"picked":"bronze:Flail","floor":13},{"not_picked":["bronze:Branch","bronze:Invalidate"],"picked":"bronze:Constructor","floor":14},{"not_picked":["bronze:ChosenStrike","bronze:BitShift"],"picked":"bronze:Deprecate","floor":15},{"not_picked":["bronze:Break","bronze:Assembly"],"picked":"bronze:Mutator","floor":16},{"not_picked":["bronze:Return","bronze:FineTuning"],"picked":"bronze:WhirlingStrike","floor":19},{"not_picked":["bronze:DelayedSlice+1","bronze:BuggyMess"],"picked":"bronze:DarkDash+1","floor":20},{"not_picked":["bronze:Branch","bronze:Turbo","bronze:Frontload"],"picked":"bronze:BronzeOrb","floor":21},{"not_picked":["bronze:OilSpill","bronze:Deprecate","bronze:Branch+1"],"picked":"bronze:Virus","floor":22},{"not_picked":["bronze:GetLatest","bronze:Shell+1","bronze:Frontload+1"],"picked":"bronze:Repair+1","floor":26},{"not_picked":["bronze:Invalidate+1","bronze:ChosenStrike","bronze:Constructor"],"picked":"bronze:Safeguard+1","floor":27},{"not_picked":[],"picked":"bronze:DecaBeam","floor":29},{"not_picked":["bronze:Iterate","bronze:ChildClass","bronze:Repair+1"],"picked":"bronze:Shield","floor":29},{"not_picked":["bronze:Backtrace","bronze:DelayedSlice","bronze:Branch","bronze:MaxOutput"],"picked":"SKIP","floor":32},{"not_picked":["bronze:TinkerersToolbox","bronze:SpaghettiCode","bronze:Break"],"picked":"bronze:ThunderWave","floor":33},{"not_picked":["bronze:Separator","bronze:Backtrace","bronze:ForLoop"],"picked":"bronze:Overheat+1","floor":36},{"not_picked":["bronze:FineTuning","bronze:DarkDash+1","bronze:Shell+1"],"picked":"bronze:Branch+1","floor":37},{"not_picked":["bronze:CutThrough+1","bronze:ForceShield+1","bronze:Deprecate+1"],"picked":"bronze:ItsAFeature+1","floor":39},{"not_picked":["bronze:Iterate+1","bronze:BitShift","bronze:Boost","bronze:DelayedGuard+1"],"picked":"SKIP","floor":40},{"not_picked":["bronze:Fortify+1","bronze:InfiniteBeams+1","bronze:BugBarrage+1"],"picked":"bronze:Turbo+1","floor":42},{"not_picked":["bronze:WhirlingStrike","bronze:Invalidate+1","bronze:OilSpill+1","bronze:Repulsor+1"],"picked":"SKIP","floor":43},{"not_picked":["bronze:GetLatest","bronze:ClassDefault+1","bronze:Overload+1"],"picked":"bronze:ForceShield","floor":45},{"not_picked":["bronze:OilSpill+1","bronze:ClassDefault+1","bronze:BitShift+1"],"picked":"bronze:Shield","floor":47},{"not_picked":["bronze:Overload+1","bronze:Repair","bronze:RecursiveStrike"],"picked":"bronze:Terminator+1","floor":49}],"player_experience":1815616,"relics_obtained":[{"floor":7,"key":"Nunchaku"},{"floor":8,"key":"Odd Mushroom"},{"floor":11,"key":"Smiling Mask"},{"floor":20,"key":"Dead Branch"},{"floor":20,"key":"Question Card"},{"floor":24,"key":"Shuriken"},{"floor":41,"key":"Bronze Scales"},{"floor":45,"key":"StrikeDummy"}],"event_choices":[{"damage_healed":0,"gold_gain":0,"player_choice":"Fought Mushrooms","damage_taken":0,"max_hp_gain":0,"max_hp_loss":0,"event_name":"Mushrooms","floor":8,"gold_loss":0}],"is_beta":false,"boss_relics":[{"not_picked":["Pandora\u0027s Box","Velvet Choker"],"picked":"sneckomod:SneckoTalon"},{"not_picked":["Astrolabe","Snecko Eye"],"picked":"Philosopher\u0027s Stone"}],"items_purged_floors":[14],"is_endless":false,"potions_floor_spawned":[2,3,8,11,19,20,32,36,39,43,47,49],"killed_by":"SI_POISON_ARCHETYPE","ascension_level":5}}