{"host":"eeb412nj2w7f9cz8","time":1612148681,"event":{"mods":["Act Like it!","BaseMod","Gensokyo","GungeonMod","Minty Spire (QoL Compilation)","Ryuuou¡˙Õı","StSLib"],"gold_per_floor":[114,114,114,114,133,133,145,160,184,202,212,225,237,43,43,142,142,161,182,182,182],"floor_reached":20,"language":"ZHS","playtime":1462,"items_purged":[],"score":170,"play_id":"4cbd599f-f47b-4239-a184-b206b70b4db9","local_time":"20210201110441","is_ascension_mode":false,"campfire_choices":[{"data":"DemoMod:ConditionalReflex","floor":6,"key":"SMITH"},{"data":"DemoMod:TableSutra","floor":15,"key":"SMITH"}],"circlet_count":0,"master_deck":["DemoMod:Strike_Huntress","DemoMod:Strike_Huntress","DemoMod:Defend_Huntress","DemoMod:Defend_Huntress","DemoMod:Defend_Huntress","DemoMod:Defend_Huntress","DemoMod:Roll","DemoMod:ManualReload","DemoMod:RustySidearm","DemoMod:CrossBow","Magnetism","DemoMod:ConditionalReflex","Gensokyo:CrescentMoonSlash","Clumsy","DemoMod:ConditionalReflex+1","DemoMod:TableSutra+1","DemoMod:HuntsMan","DemoMod:Evolver","DemoMod:PotionOfGunFriendShip","DemoMod:HuntsMan","DemoMod:FightSabre","DemoMod:FastSwitch"],"relics":["DemoMod:Dog","Gensokyo:NagashiBinaDoll","Lantern","DemoMod:GnawedKey","Black Star"],"acts_visited":["Gensokyo:Gensokyo","Gensokyo:Gensokyoer"],"potions_floor_usage":[11,12,12,13,16,19],"damage_taken":[{"damage":4,"enemies":"Gensokyo:Gryphon","floor":1,"turns":5},{"damage":0,"enemies":"Gensokyo:3_Fairies","floor":5,"turns":4},{"damage":3,"enemies":"Gensokyo:2_Kodama","floor":7,"turns":3},{"damage":0,"enemies":"Gensokyo:2_Rabbits","floor":8,"turns":3},{"damage":4,"enemies":"Gensokyo:CorruptedTreant","floor":10,"turns":4},{"damage":0,"enemies":"Gensokyo:Kitsune","floor":11,"turns":4},{"damage":0,"enemies":"Gensokyo:Gryphon_and_Rabbit","floor":12,"turns":6},{"damage":0,"enemies":"Gensokyo:2_Rabbits","floor":13,"turns":3},{"damage":23,"enemies":"Gensokyo:Yukari","floor":16,"turns":10},{"damage":27,"enemies":"Gensokyo:AngelMirror","floor":18,"turns":5},{"damage":26,"enemies":"Gensokyo:CosmicMonolith","floor":19,"turns":6},{"damage":20,"enemies":"Gensokyo:Swordslinger","floor":20,"turns":1}],"seed_played":"6924088017895364488","potions_obtained":[{"floor":8,"key":"FearPotion"},{"floor":10,"key":"LiquidMemories"},{"floor":11,"key":"Weak Potion"},{"floor":12,"key":"Energy Potion"},{"floor":13,"key":"SkillPotion"},{"floor":18,"key":"DemoMod:BlankPotion"}],"is_trial":false,"path_per_floor":["M","?","?","?","M","R","M","M","T","M","M","M","M","$","R","B",null,"M","M","M"],"character_chosen":"HUNTRESS","items_purchased":["DemoMod:GnawedKey","DemoMod:PotionOfGunFriendShip","DemoMod:HuntsMan"],"campfire_rested":0,"item_purchase_floors":[14,14,14],"current_hp_per_floor":[45,35,35,35,35,35,32,32,32,28,28,28,28,28,28,5,70,43,17,0,0],"gold":182,"neow_bonus":"RANDOM_COLORLESS_2","is_daily":false,"chose_seed":false,"campfire_upgraded":2,"win_rate":0.0,"timestamp":1612148681,"path_taken":["M","?","?","?","M","R","M","M","T","?","M","M","M","$","R","BOSS","M","M","M"],"items_purchased_type":["Relic","Card","Card"],"build_version":"2020-12-22","purchased_purges":0,"victory":false,"max_hp_per_floor":[70,70,70,70,70,70,70,70,70,70,70,70,70,70,70,70,70,70,70,70,70],"card_choices":[{"not_picked":["Metamorphosis","The Bomb"],"picked":"Magnetism","floor":0},{"not_picked":["DemoMod:ChanceBullets","DemoMod:Camera"],"picked":"DemoMod:ConditionalReflex","floor":1},{"not_picked":["DemoMod:TeaPot","DemoMod:ShadowBullets"],"picked":"DemoMod:ConditionalReflex","floor":5},{"not_picked":["DemoMod:ShadowBullets","DemoMod:HardPowerCard"],"picked":"DemoMod:TableSutra","floor":7},{"not_picked":["DemoMod:Ejector","DemoMod:DoubleSwitch","DemoMod:ShadowBullets"],"picked":"SKIP","floor":8},{"not_picked":["DemoMod:ConditionalReflex","DemoMod:DoubleVision","DemoMod:Unity"],"picked":"SKIP","floor":10},{"not_picked":["DemoMod:FeignSurrender","DemoMod:DirectionalPad"],"picked":"DemoMod:HuntsMan","floor":11},{"not_picked":["DemoMod:ShadowBullets","DemoMod:RadGun","DemoMod:SpreadAmmo"],"picked":"SKIP","floor":12},{"not_picked":["DemoMod:BattleInHaste","DemoMod:CursedBullets"],"picked":"DemoMod:Evolver","floor":13},{"not_picked":["DemoMod:BlackHoleGun","DemoMod:Desperate"],"picked":"DemoMod:FightSabre","floor":16},{"not_picked":["DemoMod:Camera","DemoMod:AC15"],"picked":"DemoMod:FastSwitch","floor":18},{"not_picked":["DemoMod:SkilledReload","DemoMod:LifeOrb+1","DemoMod:HuntsMan"],"picked":"SKIP","floor":19}],"player_experience":104071,"relics_obtained":[{"floor":9,"key":"Lantern"}],"event_choices":[],"is_beta":false,"boss_relics":[{"not_picked":["SacredBark","Runic Dome"],"picked":"Black Star"}],"items_purged_floors":[],"is_endless":false,"potions_floor_spawned":[8,10,11,12,13,18],"killed_by":"Gensokyo:Swordslinger","ascension_level":0}}