{"host":"b9sas8jv6tsy9swm","time":1612184514,"event":{"mods":["AchievementEnabler","BaseMod","Minty Spire (QoL Compilation)","Permanent Neow","Quick Restart","Replay The Spire","StSLib"],"gold_per_floor":[117,132,144,69,82,102,131,131,200,210,210,235,235,267,267,367,367,380,305,205,222,239,239,253,283,306,306,306,323,355,355,355,355,355],"floor_reached":33,"language":"ZHS","playtime":1185,"items_purged":["Strike_R","Strike_R"],"score":399,"play_id":"07d90ee9-d83c-4efd-aab5-e5990545b27e","local_time":"20210201210154","is_ascension_mode":true,"campfire_choices":[{"data":"Bash","floor":8.0,"key":"SMITH"},{"data":"Fire Breathing","floor":11.0,"key":"SMITH"},{"floor":15.0,"key":"DIG"},{"data":"Fire Breathing","floor":23.0,"key":"SMITH"},{"data":"Power Through","floor":28.0,"key":"SMITH"},{"data":"Offering","floor":32.0,"key":"SMITH"}],"circlet_count":0,"master_deck":["Strike_R","Strike_R","Defend_R","Defend_R","Defend_R","Defend_R","Bash+1","Run Through","Power Through+1","Cleave","Fire Breathing+1","Offering+1","Feed","Fire Breathing+1","Wild Strike+1","Blood for Blood+1","Hemokinesis"],"relics":["Burning Blood","Replay:WaspNest","Meat on the Bone","Replay:Towering Pillar of Hats","Akabeko","Orichalcum","ChewingGum","Shuriken","HornCleat","ReplayTheSpireMod:Spearhead"],"acts_visited":["Exordium","TheCity"],"potions_floor_usage":[33],"damage_taken":[{"damage":0.0,"enemies":"Small Slimes","floor":1.0,"turns":2.0},{"damage":0.0,"enemies":"2 Louse","floor":2.0,"turns":2.0},{"damage":14.0,"enemies":"Jaw Worm","floor":3.0,"turns":3.0},{"damage":10.0,"enemies":"3 Louse","floor":5.0,"turns":4.0},{"damage":11.0,"enemies":"Looter","floor":6.0,"turns":2.0},{"damage":45.0,"enemies":"Lagavulin","floor":7.0,"turns":8.0},{"damage":0.0,"enemies":"Large Slime","floor":10.0,"turns":4.0},{"damage":15.0,"enemies":"3 Sentries","floor":12.0,"turns":4.0},{"damage":33.0,"enemies":"Gremlin Nob","floor":14.0,"turns":4.0},{"damage":28.0,"enemies":"The Guardian","floor":16.0,"turns":11.0},{"damage":8.0,"enemies":"3 Byrds","floor":18.0,"turns":2.0},{"damage":8.0,"enemies":"Chosen","floor":21.0,"turns":4.0},{"damage":17.0,"enemies":"Sentry and Sphere","floor":22.0,"turns":3.0},{"damage":25.0,"enemies":"Snake Plant","floor":24.0,"turns":3.0},{"damage":21.0,"enemies":"Slavers","floor":25.0,"turns":4.0},{"damage":27.0,"enemies":"Snecko","floor":29.0,"turns":4.0},{"damage":18.0,"enemies":"Replay:Snechameleon","floor":30.0,"turns":4.0},{"damage":43,"enemies":"Automaton","floor":33,"turns":6}],"seed_played":"3620679112051782977","potions_obtained":[{"floor":3.0,"key":"DuplicationPotion"},{"floor":5.0,"key":"Death Potion"},{"floor":6.0,"key":"Languid Potion"},{"floor":16.0,"key":"EssenceOfSteel"}],"is_trial":false,"path_per_floor":["M","M","M","$","M","M","E","R","T","M","R","E","?","E","R","B",null,"M","?","$","M","M","R","M","E","T","?","R","M","E","T","R","B"],"character_chosen":"IRONCLAD","items_purchased":[],"campfire_rested":0,"item_purchase_floors":[],"current_hp_per_floor":[78,80,72,72,68,63,24,24,24,42,42,45,45,30,30,20,65,63,63,63,61,50,50,43,40,40,40,40,31,34,34,34,0,0],"gold":355,"neow_bonus":"THREE_CARDS","is_daily":false,"chose_seed":false,"campfire_upgraded":5,"win_rate":0.0,"timestamp":1612184514,"path_taken":["M","M","M","$","M","M","E","R","T","M","R","E","?","E","R","BOSS","M","?","$","M","M","R","M","E","T","?","R","M","E","?","R","BOSS"],"items_purchased_type":[],"build_version":"2020-12-22","purchased_purges":2,"victory":false,"max_hp_per_floor":[80,80,80,80,80,80,80,80,80,80,80,80,80,80,80,80,80,80,80,80,80,80,80,80,80,80,80,80,80,83,83,83,83,83],"card_choices":[{"not_picked":["Warcry","Blood for Blood"],"picked":"Run Through","floor":0.0},{"not_picked":["Inflame","Shrug It Off"],"picked":"ReplayTheSpireMod:Strike From Hell","floor":1.0},{"not_picked":["Flex","Battle Trance","Clash"],"picked":"SKIP","floor":2.0},{"not_picked":["ReplayTheSpireMod:Strike From Hell","Evolve"],"picked":"Power Through","floor":3.0},{"not_picked":["Clothesline","Pommel Strike","Havoc"],"picked":"SKIP","floor":5.0},{"not_picked":["Evolve","Sword Boomerang","ReplayTheSpireMod:Strike From Hell"],"picked":"SKIP","floor":6.0},{"not_picked":["Dual Wield","Iron Wave"],"picked":"Cleave","floor":7.0},{"not_picked":["Rupture","Perfected Strike"],"picked":"Fire Breathing","floor":10.0},{"not_picked":["Iron Wave","Cleave"],"picked":"Offering","floor":12.0},{"not_picked":["Rampage","Rupture","Clash"],"picked":"SKIP","floor":14.0},{"not_picked":["Bludgeon","Reaper"],"picked":"Feed","floor":16.0},{"not_picked":["Wild Strike","Headbutt","Life Link"],"picked":"SKIP","floor":18.0},{"not_picked":["Clothesline+1","Sentinel+1","Perfected Strike"],"picked":"SKIP","floor":21.0},{"not_picked":["Thunderclap","Heavy Blade+1"],"picked":"Fire Breathing","floor":22.0},{"not_picked":["Cleave+1","Replay:Undeath\u0027s Touch"],"picked":"Wild Strike+1","floor":24.0},{"not_picked":["Impervious","Iron Wave","Sword Boomerang"],"picked":"SKIP","floor":25.0},{"not_picked":["Heavy Blade+1","Twin Strike"],"picked":"Blood for Blood+1","floor":29.0},{"not_picked":["Sever Soul","Run Through"],"picked":"Hemokinesis","floor":30.0}],"player_experience":423237,"relics_obtained":[{"floor":7.0,"key":"Replay:WaspNest"},{"floor":9.0,"key":"Meat on the Bone"},{"floor":12.0,"key":"Replay:Towering Pillar of Hats"},{"floor":14.0,"key":"Akabeko"},{"floor":15.0,"key":"Orichalcum"},{"floor":25.0,"key":"Shuriken"},{"floor":30.0,"key":"HornCleat"},{"floor":31.0,"key":"ReplayTheSpireMod:Spearhead"}],"event_choices":[{"cards_removed":["ReplayTheSpireMod:Strike From Hell"],"damage_healed":0.0,"max_hp_gain":0.0,"max_hp_loss":0.0,"gold_gain":0.0,"event_name":"Beggar","player_choice":"Gave Gold","floor":19.0,"gold_loss":75.0,"damage_taken":0.0},{"damage_healed":0.0,"max_hp_gain":0.0,"max_hp_loss":0.0,"gold_gain":0.0,"event_name":"Vampires","player_choice":"Ignored","floor":27.0,"gold_loss":0.0,"damage_taken":0.0}],"is_beta":false,"boss_relics":[{"not_picked":["ReplayTheSpireMod:DimensionalGlitch","Replay:Ancient Bell"],"picked":"ChewingGum"}],"items_purged_floors":[4,20],"is_endless":false,"potions_floor_spawned":[3,5,6,10,16,21,29],"killed_by":"Automaton","ascension_level":6}}