{"host":"plbsiuh3vwan8ocg","time":1612219644,"event":{"mods":["BaseMod","Downfall","Minty Spire (QoL Compilation)","Quick Restart","StSLib"],"gold_per_floor":[99,118,132,144,144,144,144,161,61,236,266,285,285,312,330,427,427,327,343,363,376,376,376,376,376,376,50,35,45,45,45,56,161,161,61,81,81,81,81,81,131,148,148,159,170,180,180,180,180,180,180],"floor_reached":49,"language":"ENG","playtime":4899,"items_purged":[],"score":647,"play_id":"753fa813-c544-4ea2-9e43-4c734e5693ba","local_time":"20210201174724","is_ascension_mode":false,"campfire_choices":[{"floor":1.0,"key":"RECALL"},{"data":"champ:TripleStrike","floor":9.0,"key":"SMITH"},{"data":"champ:ShieldWall","floor":18.0,"key":"SMITH"},{"floor":30.0,"key":"REST"},{"data":"downfall:Bewildered","floor":35.0,"key":"PURGE"},{"data":"champ:SteelEdge","floor":39.0,"key":"SMITH"},{"floor":43,"key":"REST"}],"circlet_count":0,"master_deck":["champ:Strike","champ:Strike","champ:Strike","champ:Defend","champ:Defend","champ:Defend","champ:Defend","champ:Execute","champ:Taunt","champ:StanceDance","champ:Backstep","champ:FaceSlap","champ:TripleStrike+1","champ:BerserkersShout","champ:ShieldWall+1","champ:CalledShot","champ:IgnorePain+1","champ:FocusedBerserking+1","champ:MurderStrike","champ:IronFortress+1","champ:BringItOn+1","champ:ShieldThrow","RitualDagger","champ:GutPunch+1","champ:Parry+1","champ:SetATrap+1","champ:CrookedStrike+1","champ:SteelEdge+1","champ:Shatter+1","Clumsy","champ:FanOfKnives+1","champ:Encircle+1","champ:ShieldWall","Parasite","champ:ShieldSlam+1","champ:ArenaPreparation+1"],"relics":["champ:ChampionCrown","champ:LiftRelic","Juzu Bracelet","downfall:HeartBlessingRed","Peace Pipe","Turnip","Toxic Egg 2","SacredBark","downfall:HeartBlessingGreen","sneckomod:BabySnecko","Medical Kit","MealTicket","champ:FightingForDummies","Cursed Key","downfall:HeartBlessingBlue","downfall:TeleportStone","Letter Opener","Girya"],"acts_visited":["Exordium","TheCity","TheBeyond","TheEnding"],"potions_floor_usage":[47,47],"damage_taken":[{"damage":23.0,"enemies":"Jaw Worm","floor":2.0,"turns":4.0},{"damage":20.0,"enemies":"Cultist","floor":3.0,"turns":3.0},{"damage":10.0,"enemies":"2 Louse","floor":4.0,"turns":2.0},{"damage":25.0,"enemies":"Exordium Wildlife","floor":8.0,"turns":2.0},{"damage":56.0,"enemies":"3 Sentries","floor":11.0,"turns":5.0},{"damage":15.0,"enemies":"3 Louse","floor":12.0,"turns":2.0},{"damage":44.0,"enemies":"Lagavulin","floor":14.0,"turns":4.0},{"damage":38.0,"enemies":"Large Slime","floor":15.0,"turns":5.0},{"damage":36.0,"enemies":"SI_SHIV_ARCHETYPE","floor":16.0,"turns":7.0},{"damage":33.0,"enemies":"Shell Parasite","floor":19.0,"turns":5.0},{"damage":19.0,"enemies":"Chosen","floor":20.0,"turns":3.0},{"damage":49.0,"enemies":"Centurion and Healer","floor":21.0,"turns":6.0},{"damage":40.0,"enemies":"downfall:FleeingMerchant","floor":27.0,"turns":4.0},{"damage":30.0,"enemies":"downfall:FleeingMerchant","floor":28.0,"turns":4.0},{"damage":24.0,"enemies":"Cultist and Chosen","floor":29.0,"turns":5.0},{"damage":21.0,"enemies":"Chosen and Byrds","floor":32.0,"turns":4.0},{"damage":48.0,"enemies":"WA_ARCHETYPE_CALM","floor":33.0,"turns":7.0},{"damage":25.0,"enemies":"Orb Walker","floor":36.0,"turns":2.0},{"damage":66.0,"enemies":"Orb Walker","floor":41.0,"turns":6.0},{"damage":23,"enemies":"3 Shapes","floor":42,"turns":4},{"damage":49,"enemies":"Spire Growth","floor":44,"turns":4},{"damage":36,"enemies":"Writhing Mass","floor":45,"turns":5},{"damage":15,"enemies":"Sphere and 2 Shapes","floor":46,"turns":3},{"damage":67,"enemies":"DF_ARCHETYPE_ORBS","floor":47,"turns":8},{"damage":164,"enemies":"downfall:CharBossMerchant","floor":49,"turns":6}],"seed_played":"-3912878352263315825","potions_obtained":[{"floor":3.0,"key":"Swift Potion"},{"floor":11.0,"key":"FearPotion"},{"floor":15.0,"key":"EssenceOfSteel"},{"floor":16.0,"key":"Fire Potion"},{"floor":19.0,"key":"FairyPotion"},{"floor":32.0,"key":"Guardian:BlockOnCardUsePotion"},{"floor":33.0,"key":"SteroidPotion"},{"floor":42,"key":"champ:OpenerPotion"},{"floor":45,"key":"bronze:BurnAndBuffPotion"}],"is_trial":false,"path_per_floor":["R","M","M","M","?","?","T","M","R","?","E","M","T","E","M","B",null,"R","M","M","M","?","?","T","?","?","$","$","M","R","?","M","B",null,"R","M","?","T","R","?","?","M","R","M","M","M","B",null,"E"],"character_chosen":"THE_CHAMP","items_purchased":["Medical Kit","MealTicket"],"campfire_rested":2,"item_purchase_floors":[27,27],"current_hp_per_floor":[99,96,96,96,96,96,96,86,86,86,70,70,70,51,48,42,99,99,86,82,68,68,68,68,68,62,52,67,53,82,82,61,53,99,109,99,99,99,99,99,73,65,97,68,32,32,53,109,0,0,0],"gold":180,"neow_bonus":"TEN_PERCENT_HP_BONUS","is_daily":false,"chose_seed":false,"campfire_upgraded":3,"win_rate":0.0,"timestamp":1612219644,"path_taken":["R","M","M","M","?","?","T","M","R","?","E","M","?","E","M","BOSS","R","M","M","M","?","?","T","?","?","?","$","M","R","?","M","BOSS","R","M","?","T","R","?","?","M","R","M","M","M","BOSS","E"],"items_purchased_type":["Relic","Relic"],"build_version":"2020-12-22","purchased_purges":0,"victory":false,"max_hp_per_floor":[99,99,99,99,99,99,99,99,99,99,99,99,99,99,99,99,99,99,99,99,99,99,99,99,99,99,99,99,99,99,99,99,99,99,109,109,109,109,109,109,109,109,109,109,109,109,109,109,109,109,109],"card_choices":[{"not_picked":["champ:PreciseThrust","champ:Haymaker"],"picked":"champ:StanceDance","floor":2.0},{"not_picked":["champ:BringItOn","champ:Circumvent"],"picked":"champ:Backstep","floor":3.0},{"not_picked":["champ:Backstep","champ:DeathBlow"],"picked":"champ:FaceSlap","floor":4.0},{"not_picked":["champ:FancyFootwork","champ:AdrenalArmor"],"picked":"champ:BerserkersShout","floor":8.0},{"not_picked":["champ:IronFortress","champ:Circumvent"],"picked":"champ:ShieldWall","floor":11.0},{"not_picked":["champ:Circumvent","champ:FocusedBerserking"],"picked":"champ:CalledShot","floor":12.0},{"not_picked":["champ:BringItOn+1","champ:StanceDance+1"],"picked":"champ:IgnorePain+1","floor":14.0},{"not_picked":["champ:Haymaker","champ:AdrenalArmor+1"],"picked":"champ:FocusedBerserking+1","floor":15.0},{"not_picked":["champ:IgnorePain+1","champ:StrikeOfGenius"],"picked":"champ:MurderStrike","floor":16.0},{"not_picked":["champ:FanOfKnives","champ:StanceDance+1"],"picked":"champ:IronFortress+1","floor":19.0},{"not_picked":["champ:CrownThrow+1","champ:PreciseThrust"],"picked":"champ:BringItOn+1","floor":20.0},{"not_picked":["champ:IronFortress+1","champ:FocusedBerserking+1"],"picked":"champ:ShieldThrow","floor":21.0},{"not_picked":["champ:Duel","champ:Circumvent+1"],"picked":"champ:GutPunch+1","floor":27.0},{"not_picked":["champ:IronFortress","champ:CalledShot+1"],"picked":"champ:Parry+1","floor":28.0},{"not_picked":["champ:TornadoPunch","champ:BringItOn+1"],"picked":"champ:SetATrap+1","floor":29.0},{"not_picked":["champ:Backstep+1","champ:RecklessLeap"],"picked":"champ:CrookedStrike+1","floor":32.0},{"not_picked":["champ:IgnorePain+1","champ:ShieldThrow"],"picked":"champ:SteelEdge","floor":33.0},{"not_picked":["champ:RisingSlash+1","champ:BringItOn+1"],"picked":"champ:Shatter+1","floor":36.0},{"not_picked":["champ:DeathBlow","champ:Parry+1"],"picked":"champ:FanOfKnives+1","floor":41.0},{"not_picked":["champ:Shatter","champ:IronFortress"],"picked":"champ:Encircle+1","floor":42},{"not_picked":["champ:EnGarde+1","champ:PerfectedStrike+1"],"picked":"champ:ShieldWall","floor":44},{"not_picked":["champ:TornadoPunch+1","champ:PerfectedStrike"],"picked":"champ:ShieldSlam+1","floor":45},{"not_picked":["champ:FocusedBerserking+1","champ:DeathBlow+1"],"picked":"champ:ArenaPreparation+1","floor":46}],"player_experience":492177,"relics_obtained":[{"floor":7.0,"key":"Juzu Bracelet"},{"floor":11.0,"key":"Peace Pipe"},{"floor":13.0,"key":"Turnip"},{"floor":14.0,"key":"Toxic Egg 2"},{"floor":38.0,"key":"Letter Opener"},{"floor":41.0,"key":"Girya"}],"event_choices":[{"damage_healed":0.0,"max_hp_gain":0.0,"max_hp_loss":0.0,"gold_gain":0.0,"event_name":"Vampires","player_choice":"Ignored","floor":22.0,"gold_loss":0.0,"damage_taken":0.0},{"damage_healed":0.0,"max_hp_gain":0.0,"max_hp_loss":0.0,"gold_gain":0.0,"event_name":"NoteForYourself","player_choice":"Ignored","floor":40.0,"gold_loss":0.0,"damage_taken":0.0}],"is_beta":false,"boss_relics":[{"not_picked":["bronze:MakeshiftBattery","Fusion Hammer"],"picked":"SacredBark"},{"not_picked":["Black Star","Empty Cage"],"picked":"Cursed Key"}],"items_purged_floors":[],"is_endless":false,"potions_floor_spawned":[3,11,15,16,19,32,33,42,44,45],"killed_by":"downfall:CharBossMerchant","ascension_level":0}}