{"host":"25fn74ijs2305xd4","time":1612205626,"event":{"mods":["AchievementEnabler","BaseMod","Colored Map","Colored Powertips","Dark Map","Minty Spire (QoL Compilation)","Relic Stats","StSLib"],"gold_per_floor":[114,134,209,227,243,243,277,297,297,325,336,336,348,12,12,114,114,131,142,156,14,24,40,67,67,116,150,150,110,110,123,123,228,228,244,244,257,307,322,322,347,347,373,373,373,726,182,195,195,195,195,195,11,44,44],"floor_reached":56,"language":"POL","playtime":3269,"items_purged":["Defend_B","Strike_B","Defend_B"],"score":1493,"play_id":"7700f0d8-c6c0-4061-b10a-7732343fee01","local_time":"20210201195346","is_ascension_mode":true,"campfire_choices":[{"floor":6,"key":"REST"},{"data":"Capacitor","floor":12,"key":"SMITH"},{"data":"Static Discharge","floor":15,"key":"SMITH"},{"data":"Fission","floor":25,"key":"SMITH"},{"floor":32,"key":"REST"},{"data":"Seek","floor":42,"key":"SMITH"},{"floor":44,"key":"RECALL"},{"floor":49,"key":"REST"},{"data":"Biased Cognition","floor":52,"key":"SMITH"}],"circlet_count":0,"master_deck":["Strike_B","Defend_B","Zap","Dualcast+1","Ball Lightning+1","Glacier+1","Go for the Eyes+1","Biased Cognition+1","Static Discharge+1","Ball Lightning","Capacitor+1","White Noise","Coolheaded","Consume+1","Core Surge","Sweeping Beam","Fission+1","Turbo","Stack","Rainbow","Barrage+1","Seek+1","CurseOfTheBell","Consume","Hologram","Heatsinks+1","Echo Form","Skim","Master of Strategy"],"relics":["Astrolabe","Art of War","The Courier","Pen Nib","Runic Capacitor","War Paint","Nuclear Battery","Ice Cream","Juzu Bracelet","Du-Vu Doll","Calling Bell","Nunchaku","Symbiotic Virus","Calipers","Thread and Needle","Smiling Mask","Dream Catcher","Old Coin","Orichalcum","MealTicket","Meat on the Bone","Lantern"],"acts_visited":["Exordium","TheCity","TheBeyond","TheEnding"],"potions_floor_usage":[24,27,27,27,30,31,31,33,50,55,55,55,55,55,55],"damage_taken":[{"damage":0,"enemies":"Cultist","floor":1,"turns":4},{"damage":4,"enemies":"Jaw Worm","floor":2,"turns":3},{"damage":2,"enemies":"2 Louse","floor":4,"turns":3},{"damage":11,"enemies":"Red Slaver","floor":5,"turns":3},{"damage":2,"enemies":"Lagavulin","floor":7,"turns":7},{"damage":0,"enemies":"Blue Slaver","floor":8,"turns":5},{"damage":14,"enemies":"Gremlin Nob","floor":10,"turns":4},{"damage":1,"enemies":"Looter","floor":11,"turns":4},{"damage":13,"enemies":"2 Fungi Beasts","floor":13,"turns":3},{"damage":20,"enemies":"Hexaghost","floor":16,"turns":9},{"damage":9,"enemies":"2 Thieves","floor":18,"turns":4},{"damage":5,"enemies":"Spheric Guardian","floor":19,"turns":3},{"damage":11,"enemies":"3 Cultists","floor":20,"turns":4},{"damage":9,"enemies":"Shelled Parasite and Fungi","floor":22,"turns":5},{"damage":3,"enemies":"Cultist and Chosen","floor":23,"turns":7},{"damage":7,"enemies":"Gremlin Leader","floor":24,"turns":6},{"damage":48,"enemies":"Slavers","floor":27,"turns":4},{"damage":0,"enemies":"Colosseum Slavers","floor":30,"turns":4},{"damage":0,"enemies":"3 Cultists","floor":31,"turns":4},{"damage":4,"enemies":"Collector","floor":33,"turns":9},{"damage":0,"enemies":"Orb Walker","floor":35,"turns":1},{"damage":12,"enemies":"3 Shapes","floor":37,"turns":3},{"damage":0,"enemies":"Mind Bloom Boss Battle","floor":38,"turns":5},{"damage":1,"enemies":"Jaw Worm Horde","floor":39,"turns":6},{"damage":12,"enemies":"Nemesis","floor":41,"turns":9},{"damage":47,"enemies":"2 Orb Walkers","floor":46,"turns":4},{"damage":4,"enemies":"Sphere and 2 Shapes","floor":48,"turns":5},{"damage":0,"enemies":"Awakened One","floor":50,"turns":11},{"damage":18,"enemies":"Shield and Spear","floor":54,"turns":6},{"damage":25,"enemies":"The Heart","floor":55,"turns":8}],"seed_played":"1367522493014663836","potions_obtained":[{"floor":1,"key":"BlessingOfTheForge"},{"floor":8,"key":"Ancient Potion"},{"floor":11,"key":"DistilledChaos"},{"floor":13,"key":"FearPotion"},{"floor":24,"key":"AttackPotion"},{"floor":29,"key":"Fire Potion"},{"floor":29,"key":"Fire Potion"},{"floor":29,"key":"Block Potion"},{"floor":31,"key":"SkillPotion"},{"floor":33,"key":"Energy Potion"},{"floor":35,"key":"DuplicationPotion"},{"floor":37,"key":"CultistPotion"},{"floor":48,"key":"EntropicBrew"}],"is_trial":false,"path_per_floor":["M","M","?","M","M","R","E","M","T","E","M","R","M","$","R","B",null,"M","M","M","$","M","M","E","R","T","E","?","?","?","M","R","B",null,"M","?","M","?","M","T","E","R","T","R","?","?","$","M","R","B",null,"R","$","E","B",null],"character_chosen":"DEFECT","items_purchased":["Consume","Runic Capacitor","War Paint","LiquidMemories","Skim","Orichalcum","MealTicket","Meat on the Bone","Master of Strategy","SkillPotion"],"campfire_rested":3,"item_purchase_floors":[14,14,14,21,47,47,47,47,53,53],"current_hp_per_floor":[75,71,60,58,54,75,75,75,75,68,74,74,61,61,61,48,68,66,68,64,64,55,59,59,59,59,11,2,2,9,9,31,34,65,65,65,60,67,73,73,68,68,68,68,68,21,21,29,51,51,69,69,75,57,44],"gold":44,"neow_bonus":"BOSS_RELIC","is_daily":false,"chose_seed":false,"campfire_upgraded":5,"win_rate":0.0,"timestamp":1612205626,"path_taken":["M","?","?","M","M","R","E","M","T","E","M","R","M","$","R","BOSS","M","M","M","$","M","M","E","R","T","E","?","?","?","M","R","BOSS","M","?","M","?","M","?","E","R","T","R","?","?","$","M","R","BOSS","R","$","E","BOSS"],"items_purchased_type":["Card","Relic","Relic","Potion","Card","Relic","Relic","Relic","Card","Potion"],"build_version":"2020-12-22","purchased_purges":3,"victory":true,"max_hp_per_floor":[75,75,75,75,75,75,75,75,75,75,75,75,75,75,75,75,75,75,75,75,75,75,75,75,75,75,75,75,75,75,75,75,75,75,75,75,75,75,75,75,75,75,75,75,75,75,75,75,75,75,75,75,75,75,75],"relic_stats":{"counters":[30,153],"Astrolabe":["Ball Lightning","Glacier","Go for the Eyes"],"Pen Nib":[17],"Juzu Bracelet":1,"War Paint":["Dualcast","Consume"],"Orichalcum":[36],"Smiling Mask":50,"Nunchaku":[7],"Dream Catcher":1,"MealTicket":6,"Art of War":[31],"obtain_stats":[{"Ice Cream":24,"Lantern":54,"Calipers":34,"Astrolabe":0,"Thread and Needle":38,"The Courier":9,"Pen Nib":10,"Runic Capacitor":14,"Juzu Bracelet":26,"War Paint":14,"Orichalcum":47,"Smiling Mask":41,"Nuclear Battery":17,"Old Coin":46,"Du-Vu Doll":27,"Calling Bell":34,"Nunchaku":34,"Dream Catcher":43,"MealTicket":47,"Art of War":7,"Cracked Core":0,"Symbiotic Virus":34,"Meat on the Bone":47},{"Ice Cream":16,"Lantern":29,"Calipers":20,"Astrolabe":0,"Thread and Needle":23,"The Courier":6,"Pen Nib":7,"Runic Capacitor":9,"Juzu Bracelet":16,"War Paint":9,"Orichalcum":26,"Smiling Mask":25,"Nuclear Battery":10,"Old Coin":26,"Du-Vu Doll":17,"Calling Bell":20,"Nunchaku":20,"Dream Catcher":25,"MealTicket":26,"Art of War":5,"Cracked Core":0,"Symbiotic Virus":20,"Meat on the Bone":26},{"Ice Cream":74,"Lantern":145,"Calipers":95,"Astrolabe":0,"Thread and Needle":104,"The Courier":25,"Pen Nib":29,"Runic Capacitor":36,"Juzu Bracelet":74,"War Paint":36,"Orichalcum":123,"Smiling Mask":119,"Nuclear Battery":45,"Old Coin":123,"Du-Vu Doll":78,"Calling Bell":95,"Nunchaku":95,"Dream Catcher":119,"MealTicket":123,"Art of War":20,"Cracked Core":0,"Symbiotic Virus":95,"Meat on the Bone":123}],"Meat on the Bone":24},"card_choices":[{"not_picked":["Double Energy","Compile Driver","Steam"],"picked":"SKIP","floor":1},{"not_picked":["Double Energy","Heatsinks","Compile Driver"],"picked":"SKIP","floor":2},{"not_picked":["Stack","Conserve Battery"],"picked":"Self Repair","floor":4},{"not_picked":["Turbo","Leap"],"picked":"Biased Cognition","floor":5},{"not_picked":["Leap","Compile Driver"],"picked":"Static Discharge","floor":7},{"not_picked":["Force Field","Barrage"],"picked":"Ball Lightning","floor":8},{"not_picked":["White Noise","Melter"],"picked":"Capacitor","floor":10},{"not_picked":["Cold Snap","Leap"],"picked":"White Noise","floor":11},{"not_picked":["Go for the Eyes","Reprogram"],"picked":"Coolheaded","floor":13},{"not_picked":["Fission","Machine Learning"],"picked":"Core Surge","floor":16},{"not_picked":["Streamline","Undo"],"picked":"Sweeping Beam","floor":18},{"not_picked":["Redo","Conserve Battery","Beam Cell+1"],"picked":"SKIP","floor":19},{"not_picked":["Cold Snap+1","Turbo+1"],"picked":"Fission","floor":20},{"not_picked":["Double Energy","Conserve Battery"],"picked":"Turbo","floor":22},{"not_picked":["Tempest","Go for the Eyes"],"picked":"Stack","floor":23},{"not_picked":["Go for the Eyes","Doom and Gloom"],"picked":"Rainbow","floor":24},{"not_picked":["Ball Lightning","Sweeping Beam","Beam Cell+1"],"picked":"SKIP","floor":27},{"not_picked":["Rebound+1","Cold Snap+1"],"picked":"Barrage+1","floor":31},{"not_picked":["Rainbow","Electrodynamics"],"picked":"Seek","floor":33},{"not_picked":["Conserve Battery+1","Redo+1"],"picked":"Consume","floor":35},{"not_picked":["Undo","Redo","Capacitor"],"picked":"SKIP","floor":37},{"not_picked":["Cold Snap","Conserve Battery"],"picked":"Hologram","floor":38},{"not_picked":["Streamline+1","Stack"],"picked":"Heatsinks+1","floor":39},{"not_picked":["Sunder+1","Blizzard+1"],"picked":"Echo Form","floor":41},{"not_picked":["Darkness+1","Go for the Eyes","Redo"],"picked":"SKIP","floor":48},{"not_picked":["Redo+1","Chaos+1","Sweeping Beam"],"picked":"SKIP","floor":54}],"player_experience":65700,"relics_obtained":[{"floor":7,"key":"Art of War"},{"floor":9,"key":"The Courier"},{"floor":10,"key":"Pen Nib"},{"floor":24,"key":"Ice Cream"},{"floor":26,"key":"Juzu Bracelet"},{"floor":27,"key":"Du-Vu Doll"},{"floor":34,"key":"Nunchaku"},{"floor":34,"key":"Symbiotic Virus"},{"floor":34,"key":"Calipers"},{"floor":38,"key":"Thread and Needle"},{"floor":41,"key":"Smiling Mask"},{"floor":43,"key":"Dream Catcher"},{"floor":46,"key":"Old Coin"},{"floor":54,"key":"Lantern"}],"event_choices":[{"damage_healed":0,"gold_gain":75,"player_choice":"Gather Gold","damage_taken":11,"max_hp_gain":0,"max_hp_loss":0,"event_name":"World of Goop","floor":3,"gold_loss":0},{"damage_healed":0,"gold_gain":0,"player_choice":"Stopped","damage_taken":9,"max_hp_gain":0,"max_hp_loss":0,"event_name":"Cursed Tome","floor":28,"gold_loss":0},{"damage_healed":0,"gold_gain":0,"player_choice":"Bought 3 Potions","damage_taken":0,"max_hp_gain":0,"max_hp_loss":0,"event_name":"The Woman in Blue","floor":29,"gold_loss":0},{"damage_healed":0,"gold_gain":0,"player_choice":"Fight","damage_taken":0,"max_hp_gain":0,"max_hp_loss":0,"event_name":"Colosseum","floor":30,"gold_loss":0},{"damage_healed":0,"gold_gain":0,"player_choice":"Fled From Nobs","damage_taken":0,"max_hp_gain":0,"max_hp_loss":0,"event_name":"Colosseum","floor":30,"gold_loss":0},{"damage_healed":0,"gold_gain":0,"player_choice":"Ignored","damage_taken":0,"max_hp_gain":0,"max_hp_loss":0,"event_name":"Tomb of Lord Red Mask","floor":36,"gold_loss":0},{"damage_healed":0,"gold_gain":0,"player_choice":"Fight","damage_taken":0,"max_hp_gain":0,"max_hp_loss":0,"event_name":"MindBloom","floor":38,"gold_loss":0},{"cards_removed":["Self Repair"],"damage_healed":0,"gold_gain":0,"player_choice":"Removed Power","damage_taken":0,"max_hp_gain":0,"max_hp_loss":0,"event_name":"Falling","floor":45,"gold_loss":0},{"damage_healed":0,"gold_gain":0,"player_choice":"Fight","damage_taken":0,"max_hp_gain":0,"max_hp_loss":0,"event_name":"Mysterious Sphere","floor":46,"gold_loss":0}],"is_beta":false,"boss_relics":[{"not_picked":["Ectoplasm","Sozu"],"picked":"Nuclear Battery"},{"not_picked":["Inserter","Velvet Choker"],"picked":"Calling Bell"}],"items_purged_floors":[14,21,47],"is_endless":false,"potions_floor_spawned":[1,8,11,13,23,24,31,33,35,37,48],"ascension_level":5}}