{"host":"kmq7aw60w430zvtx","time":1612170612,"event":{"mods":["BaseMod","Downfall","GifTheSpireLib","Hermit","Hubris","Minty Spire (QoL Compilation)","Reliquary","StSLib","The Construct","The Cursed","The Hierophant","The Jungle","The Necromancer","The Runesmith"],"gold_per_floor":[109,109,109,109,125,125,140,174,197,31,64,89,89,103,103,224,224,240,14,14,14,38,38,52,52,123,141,0,0,39,139,139,268,268,292,315,72,97,97,97,136,136,136,136,155,178,193,212,212,212,212],"floor_reached":50,"language":"ENG","playtime":3041,"items_purged":["Defend_G"],"score":808,"play_id":"3cb05299-658f-4ebd-a022-a9806a65b005","local_time":"20210201101012","is_ascension_mode":true,"campfire_choices":[{"floor":6,"key":"RECALL"},{"floor":13,"key":"REST"},{"floor":15,"key":"REST"},{"data":"Envenom","floor":23,"key":"SMITH"},{"data":"Metamorphosis","floor":25,"key":"SMITH"},{"floor":29,"key":"REST"},{"data":"Distraction","floor":32,"key":"SMITH"},{"floor":40,"key":"REST"},{"floor":42,"key":"REST"},{"floor":49,"key":"REST"}],"circlet_count":0,"master_deck":["Strike_G","Strike_G","Strike_G","Strike_G","Defend_G","Defend_G","Defend_G","Defend_G","Survivor","Neutralize","Poisoned Stab","Distraction+1","PiercingWail","Venomology+1","Metamorphosis+1","Noxious Fumes+1","Noxious Fumes","Envenom+1","Deflect","PiercingWail","Footwork+1","Dash+1","Discovery+1","Slice","hermit:Coalescence","Bullet Time","Backflip+1","Backstab+1","Escape Plan+1","Deflect+1","Deadly Poison+1"],"relics":["Ring of the Snake","Akabeko","hubris:Towel","Golden Idol","Singing Bowl","Pen Nib","construct:ClawGrip","reliquary:Buckler","hubris:DisguiseKit","hubris:CuriousFeather","Fusion Hammer","reliquary:PurpleTingedLeaf","Shovel","Ornamental Fan"],"acts_visited":["Exordium","theJungle:Jungle","TheBeyond"],"potions_floor_usage":[8,16,16,18,24,27,30,30,30,30,30,30,33,38,38,38,38,45,45,48,48],"damage_taken":[{"damage":0,"enemies":"Cultist","floor":1,"turns":3},{"damage":0,"enemies":"2 Louse","floor":5,"turns":2},{"damage":0,"enemies":"Small Slimes","floor":7,"turns":4},{"damage":29,"enemies":"Gremlin Nob","floor":8,"turns":4},{"damage":11,"enemies":"Lagavulin","floor":11,"turns":6},{"damage":1,"enemies":"Exordium Wildlife","floor":12,"turns":2},{"damage":0,"enemies":"2 Fungi Beasts","floor":14,"turns":4},{"damage":0,"enemies":"Hexaghost","floor":16,"turns":9},{"damage":14,"enemies":"theJungle:GiantWrat","floor":18,"turns":6},{"damage":10,"enemies":"theJungle:5_Spyders","floor":22,"turns":7},{"damage":2,"enemies":"Snake Plant","floor":24,"turns":5},{"damage":11,"enemies":"theJungle:JungleHuntersEncounter","floor":27,"turns":6},{"damage":0,"enemies":"theJungle:MamaSnecko","floor":30,"turns":6},{"damage":40,"enemies":"theJungle:FunGuy","floor":33,"turns":8},{"damage":2,"enemies":"3 Shapes","floor":35,"turns":5},{"damage":13,"enemies":"Orb Walker","floor":36,"turns":5},{"damage":35,"enemies":"3 Darklings","floor":38,"turns":5},{"damage":38,"enemies":"Giant Head","floor":41,"turns":7},{"damage":15,"enemies":"Jaw Worm Horde","floor":45,"turns":5},{"damage":10,"enemies":"Spire Growth","floor":46,"turns":5},{"damage":0,"enemies":"4 Shapes","floor":47,"turns":8},{"damage":0,"enemies":"Transient","floor":48,"turns":5},{"damage":51,"enemies":"Awakened One","floor":50,"turns":3}],"seed_played":"-7718252161950018462","potions_obtained":[{"floor":7,"key":"Fire Potion"},{"floor":11,"key":"FearPotion"},{"floor":12,"key":"PowerPotion"},{"floor":16,"key":"CunningPotion"},{"floor":18,"key":"Ancient Potion"},{"floor":24,"key":"bronze:BurnAndBuffPotion"},{"floor":33,"key":"SteroidPotion"},{"floor":35,"key":"SteroidPotion"},{"floor":41,"key":"Guardian:BlockOnCardUsePotion"},{"floor":46,"key":"Ancient Potion"}],"is_trial":false,"path_per_floor":["M","?","?","?","M","R","M","E","T","$","E","M","R","M","R","B",null,"M","$","?","?","M","R","M","R","T","M","$","R","E","?","R","B",null,"M","M","$","M","?","R","E","R","T","?","M","M","M","M","R","B"],"character_chosen":"THE_SILENT","items_purchased":["Metamorphosis","reliquary:Buckler","Discovery","Slice","reliquary:PurpleTingedLeaf"],"campfire_rested":6,"item_purchase_floors":[10,19,28,28,37],"current_hp_per_floor":[63,63,63,56,56,56,56,27,27,27,18,17,37,37,57,57,65,51,51,51,51,41,41,41,41,41,30,30,50,50,50,50,10,54,52,39,39,7,62,62,26,44,44,44,30,20,22,25,44,0,0],"gold":212,"neow_bonus":"RANDOM_COMMON_RELIC","is_daily":false,"chose_seed":false,"campfire_upgraded":3,"win_rate":0.0,"timestamp":1612170612,"path_taken":["M","?","?","?","M","R","M","E","T","$","E","M","R","M","R","BOSS","M","$","?","?","?","R","M","R","T","M","?","R","E","?","R","BOSS","M","M","$","?","?","R","E","R","T","?","M","M","?","M","R","BOSS"],"items_purchased_type":["Card","Relic","Card","Card","Relic"],"build_version":"2020-12-22","purchased_purges":1,"victory":false,"max_hp_per_floor":[70,70,65,65,65,65,65,65,65,65,67,67,67,67,67,67,67,67,67,67,67,67,67,69,69,69,69,69,69,69,69,69,69,69,69,69,69,71,62,62,62,62,62,62,62,62,64,66,66,66,66],"card_choices":[{"not_picked":["Masterful Stab","Footwork"],"picked":"Poisoned Stab","floor":1},{"not_picked":["Backflip","All Out Attack"],"picked":"Distraction","floor":5},{"not_picked":["Distraction","Quick Slash"],"picked":"PiercingWail","floor":7},{"not_picked":["Bouncing Flask","Acrobatics"],"picked":"Venomology","floor":8},{"not_picked":["hubris:TrickCloak","Dagger Spray","Outmaneuver"],"picked":"Singing Bowl","floor":11},{"not_picked":["Poisoned Stab","Flying Knee"],"picked":"Noxious Fumes","floor":12},{"not_picked":["Bane","Flechettes"],"picked":"Noxious Fumes","floor":14},{"not_picked":["Wraith Form v2","Venomology"],"picked":"Envenom","floor":16},{"not_picked":["Dagger Throw","Quick Slash"],"picked":"Deflect","floor":18},{"not_picked":["Distraction","Accuracy"],"picked":"Footwork+1","floor":22},{"not_picked":["PiercingWail","Expertise","Finisher"],"picked":"Singing Bowl","floor":24},{"not_picked":["Expertise+1","hubris:Sniper","hermit:HoleUp"],"picked":"Dash+1","floor":27},{"not_picked":["Dagger Throw","Finisher+1","Slice"],"picked":"hermit:Coalescence","floor":30},{"not_picked":["Die Die Die","After Image","hermit:Roughhouse"],"picked":"Bullet Time","floor":33},{"not_picked":["Sucker Punch","Outmaneuver+1","hermit:BigShot"],"picked":"Backflip+1","floor":35},{"not_picked":["Outmaneuver","Backflip+1","hermit:Feint"],"picked":"Backstab+1","floor":36},{"not_picked":["Heel Hook","Outmaneuver+1","Calculated Gamble+1","hermit:Misfire"],"picked":"Singing Bowl","floor":38},{"not_picked":["Quick Slash+1","Backstab+1","hermit:CalledShot"],"picked":"Escape Plan+1","floor":41},{"not_picked":["Bane+1","Backflip+1","hermit:Feint"],"picked":"Deflect+1","floor":45},{"not_picked":["Underhanded Strike+1","Riddle With Holes+1","hermit:Ricochet"],"picked":"Deadly Poison+1","floor":46},{"not_picked":["Quick Slash+1","Deadly Poison","Underhanded Strike","hermit:FullyLoaded"],"picked":"Singing Bowl","floor":47},{"not_picked":["Flying Knee+1","Backflip","hubris:SlightOfHand+1","hermit:Quickdraw"],"picked":"Singing Bowl","floor":48}],"player_experience":321588,"relics_obtained":[{"floor":8,"key":"Singing Bowl"},{"floor":11,"key":"Pen Nib"},{"floor":26,"key":"hubris:DisguiseKit"},{"floor":30,"key":"hubris:CuriousFeather"},{"floor":41,"key":"Shovel"},{"floor":43,"key":"Ornamental Fan"}],"event_choices":[{"damage_healed":0,"gold_gain":0,"player_choice":"Lose Max HP","damage_taken":0,"relics_obtained":["Golden Idol"],"max_hp_gain":0,"max_hp_loss":5,"event_name":"Golden Idol","floor":3,"gold_loss":0},{"cards_removed":["Strike_G"],"damage_healed":0,"gold_gain":0,"player_choice":"Card Removal","damage_taken":7,"max_hp_gain":0,"max_hp_loss":0,"event_name":"Golden Wing","floor":4,"gold_loss":0},{"damage_healed":0,"gold_gain":0,"player_choice":"1 cards matched","damage_taken":0,"max_hp_gain":0,"max_hp_loss":0,"event_name":"Match and Keep!","floor":21,"gold_loss":0,"cards_obtained":["PiercingWail"]},{"damage_healed":0,"gold_gain":100,"player_choice":"Pray","damage_taken":0,"max_hp_gain":0,"max_hp_loss":0,"event_name":"Golden Shrine","floor":31,"gold_loss":0},{"damage_healed":62,"gold_gain":0,"player_choice":"Heal","damage_taken":0,"max_hp_gain":0,"max_hp_loss":9,"event_name":"The Moai Head","floor":39,"gold_loss":0},{"damage_healed":0,"gold_gain":0,"player_choice":"Forge","damage_taken":0,"max_hp_gain":0,"max_hp_loss":0,"event_name":"Accursed Blacksmith","floor":44,"gold_loss":0,"cards_upgraded":["Discovery"]}],"is_beta":false,"boss_relics":[{"not_picked":["Calling Bell","hubris:Stopwatch"],"picked":"construct:ClawGrip"},{"not_picked":["WristBlade","hubris:GrandSneckoEye"],"picked":"Fusion Hammer"}],"items_purged_floors":[19],"is_endless":false,"potions_floor_spawned":[7,11,12,16,18,24,33,35,36,41,46],"killed_by":"Awakened One","ascension_level":8}}