{"host":"h77azxdx0evtsxw5","time":1612200014,"event":{"mods":["AchievementEnabler","BaseMod","Better Vampires","Minty Spire (QoL Compilation)","Quick Restart","Rare Cards Sparkle","Relic Stats"],"gold_per_floor":[114,127,137,153,43,43,75,75,75,75,107,107,139,149,149,149,149],"floor_reached":16,"language":"ENG","playtime":799,"items_purged":["Injury"],"score":156,"play_id":"0af240a9-74ad-4a26-9316-28116146b620","local_time":"20210201122014","is_ascension_mode":true,"campfire_choices":[{"data":"Immolate","floor":6.0,"key":"SMITH"},{"data":"Double Tap","floor":8.0,"key":"SMITH"},{"floor":12.0,"key":"REST"},{"floor":15.0,"key":"REST"}],"circlet_count":0,"master_deck":["Strike_R+1","Strike_R","Strike_R+1","Strike_R","Strike_R","Defend_R","Defend_R","Defend_R","Defend_R","Bash","Immolate+1","Burning Pact","Inflame+1","Double Tap+1"],"relics":["Burning Blood","Whetstone","Anchor","Letter Opener","Molten Egg 2"],"acts_visited":["Exordium"],"potions_floor_usage":[16],"damage_taken":[{"damage":1.0,"enemies":"Cultist","floor":1.0,"turns":3.0},{"damage":11.0,"enemies":"2 Louse","floor":2.0,"turns":3.0},{"damage":2.0,"enemies":"Jaw Worm","floor":3.0,"turns":3.0},{"damage":0.0,"enemies":"Red Slaver","floor":4.0,"turns":1.0},{"damage":55.0,"enemies":"Gremlin Nob","floor":7.0,"turns":5.0},{"damage":20.0,"enemies":"Lagavulin","floor":11.0,"turns":5.0},{"damage":10.0,"enemies":"3 Sentries","floor":13.0,"turns":3.0},{"damage":0.0,"enemies":"Gremlin Gang","floor":14.0,"turns":1.0},{"damage":70,"enemies":"The Guardian","floor":16,"turns":11}],"seed_played":"374866640199605032","potions_obtained":[{"floor":1.0,"key":"SpeedPotion"},{"floor":3.0,"key":"Fire Potion"},{"floor":4.0,"key":"ColorlessPotion"},{"floor":13.0,"key":"PowerPotion"}],"is_trial":false,"path_per_floor":["M","M","M","M","$","R","E","R","T","?","E","R","E","M","R","B"],"character_chosen":"IRONCLAD","items_purchased":["Inflame"],"campfire_rested":2,"item_purchase_floors":[5],"current_hp_per_floor":[77,72,76,80,80,80,31,31,31,31,17,41,37,43,67,0,0],"gold":149,"neow_bonus":"THREE_RARE_CARDS","is_daily":false,"chose_seed":false,"campfire_upgraded":2,"win_rate":0.0,"timestamp":1612200014,"path_taken":["M","M","?","?","$","R","E","R","T","?","E","R","E","M","R","BOSS"],"items_purchased_type":["Card"],"build_version":"2020-12-22","purchased_purges":1,"victory":false,"max_hp_per_floor":[80,80,80,80,80,80,80,80,80,80,80,80,80,80,80,80,80],"relic_stats":{"counters":[9,35],"Whetstone":["Strike_R","Strike_R"],"Letter Opener":[0],"obtain_stats":[{"Anchor":9,"Molten Egg 2":13,"Whetstone":7,"Letter Opener":11,"Burning Blood":0},{"Anchor":5,"Molten Egg 2":7,"Whetstone":5,"Letter Opener":6,"Burning Blood":0},{"Anchor":15,"Molten Egg 2":23,"Whetstone":15,"Letter Opener":20,"Burning Blood":0}],"Burning Blood":46},"card_choices":[{"not_picked":["Fiend Fire","Demon Form"],"picked":"Immolate","floor":0.0},{"not_picked":["Perfected Strike","Headbutt","Spot Weakness"],"picked":"SKIP","floor":1.0},{"not_picked":["Sword Boomerang","Whirlwind","Dropkick"],"picked":"SKIP","floor":2.0},{"not_picked":["Pommel Strike","Clothesline"],"picked":"Burning Pact","floor":3.0},{"not_picked":["Ghostly Armor","Cleave","Havoc"],"picked":"SKIP","floor":4.0},{"not_picked":["Rampage","Thunderclap"],"picked":"Double Tap","floor":7.0},{"not_picked":["Offering","Clothesline","Dark Embrace"],"picked":"SKIP","floor":11.0},{"not_picked":["Bloodletting","Perfected Strike+1","Inflame"],"picked":"SKIP","floor":13.0},{"not_picked":["Sword Boomerang+1","Uppercut+1","Perfected Strike+1"],"picked":"SKIP","floor":14.0}],"player_experience":283986,"relics_obtained":[{"floor":7.0,"key":"Whetstone"},{"floor":9.0,"key":"Anchor"},{"floor":11.0,"key":"Letter Opener"},{"floor":13.0,"key":"Molten Egg 2"}],"event_choices":[{"damage_healed":0.0,"max_hp_gain":0.0,"max_hp_loss":0.0,"gold_gain":0.0,"event_name":"Living Wall","player_choice":"Grow","floor":10.0,"gold_loss":0.0,"damage_taken":0.0,"cards_upgraded":["Inflame"]}],"is_beta":false,"boss_relics":[],"items_purged_floors":[5],"is_endless":false,"potions_floor_spawned":[1,3,4,13],"killed_by":"The Guardian","ascension_level":6}}