{"host":"zs3tguvuxkh90jf4","time":1612149691,"event":{"mods":["AchievementEnabler","BaseMod","Better-Laid Plans","BetterRewards","Block Reminder","Colored Map","Colored Powertips","Gold Saver","Minty Spire (QoL Compilation)","Shop Mod","StSLib","Transform Curses"],"gold_per_floor":[6987,6987,6987,7002,5990,6030,6042,6089,6177,6189,6225,6255,6267,6279,6291,6423,6435,6435,6350,6350,6350,6350,6350,6350,6350,6350,6350,6350,6350,6350,6350,6350,6350,6350,6350,6350,6350,6350,6350,6350,6350,5718,5718,5718,5718,5718,53,53,53,53],"floor_reached":51,"language":"ENG","playtime":2728,"items_purged":["Strike_R","Regret","Strike_R"],"score":1585,"play_id":"010f0b50-7c4a-44d7-b821-b0925d1586d9","local_time":"20210131192131","is_ascension_mode":true,"campfire_choices":[{"floor":13,"key":"REST"},{"data":"Madness","floor":15,"key":"SMITH"},{"floor":24,"key":"REST"},{"data":"Infernal Blade","floor":32,"key":"SMITH"},{"data":"Barricade","floor":45,"key":"SMITH"},{"data":"Entrench","floor":49,"key":"SMITH"}],"circlet_count":0,"master_deck":["AscendersBane","Strike_R+1","Strike_R+1","Defend_R","Defend_R","Defend_R","Defend_R","Fire Breathing","Enlightenment+1","Thunderclap+1","Metallicize","Shrug It Off+1","Madness+1","Iron Wave","Dropkick","Immolate","Flex","Cleave","Juggernaut","Shrug It Off+1","Entrench+1","RitualDagger","Entrench+1","Rage","Infernal Blade+1","Body Slam+1","Barricade+1","Body Slam+1","Uppercut+1","Reaper","Shrug It Off+1","Offering","Iron Wave+1","Panacea+1","Flame Barrier+1"],"relics":["Burning Blood","Self Forming Clay","Lee\u0027s Waffle","Bloody Idol","PreservedInsect","Kunai","ClockworkSouvenir","MerchantsRug","MawBank","Question Card","Meat on the Bone","Letter Opener","Nunchaku","Ectoplasm","CaptainsWheel","Bag of Marbles","Lantern","Ornamental Fan","Art of War","Centennial Puzzle","SlaversCollar","Vajra","Mango","Whetstone","Regal Pillow","Orrery","The Courier","Eternal Feather","Pear","Mercury Hourglass","Paper Frog","Bottled Flame","Medical Kit","Bottled Tornado","War Paint","Calipers","Singing Bowl","Toy Ornithopter","Omamori","Toxic Egg 2","InkBottle","Darkstone Periapt","Boot","Pantograph","White Beast Statue","Frozen Egg 2","MealTicket","Shovel","Bottled Lightning","Torii","Champion Belt","Sundial","HornCleat","Lizard Tail","Dead Branch","Dream Catcher"],"acts_visited":["Exordium","TheCity","TheBeyond"],"potions_floor_usage":[6,8,16,27,31,40,41,50,50,50],"damage_taken":[{"damage":7,"enemies":"Jaw Worm","floor":1,"turns":4},{"damage":14,"enemies":"Small Slimes","floor":4,"turns":4},{"damage":18,"enemies":"Lagavulin","floor":6,"turns":8},{"damage":29,"enemies":"Gremlin Nob","floor":8,"turns":5},{"damage":5,"enemies":"2 Louse","floor":11,"turns":3},{"damage":0,"enemies":"Exordium Wildlife","floor":12,"turns":1},{"damage":37,"enemies":"Hexaghost","floor":16,"turns":13},{"damage":20,"enemies":"Chosen","floor":18,"turns":5},{"damage":10,"enemies":"Spheric Guardian","floor":21,"turns":4},{"damage":31,"enemies":"Gremlin Leader","floor":23,"turns":5},{"damage":18,"enemies":"Centurion and Healer","floor":25,"turns":4},{"damage":21,"enemies":"Book of Stabbing","floor":27,"turns":5},{"damage":7,"enemies":"Chosen and Byrds","floor":28,"turns":4},{"damage":18,"enemies":"Slavers","floor":29,"turns":2},{"damage":6,"enemies":"Snecko","floor":30,"turns":4},{"damage":2,"enemies":"Book of Stabbing","floor":31,"turns":4},{"damage":23,"enemies":"Champ","floor":33,"turns":12},{"damage":3,"enemies":"3 Shapes","floor":35,"turns":1},{"damage":0,"enemies":"Orb Walker","floor":37,"turns":2},{"damage":16,"enemies":"Maw","floor":38,"turns":7},{"damage":14,"enemies":"3 Darklings","floor":39,"turns":4},{"damage":23,"enemies":"Reptomancer","floor":40,"turns":5},{"damage":22,"enemies":"2 Orb Walkers","floor":41,"turns":3},{"damage":7,"enemies":"4 Shapes","floor":46,"turns":3},{"damage":12,"enemies":"Transient","floor":48,"turns":5},{"damage":15,"enemies":"Awakened One","floor":50,"turns":4}],"seed_played":"-2069590259488212443","potions_obtained":[{"floor":6,"key":"Fruit Juice"},{"floor":12,"key":"BloodPotion"},{"floor":18,"key":"SpeedPotion"},{"floor":23,"key":"Regen Potion"},{"floor":30,"key":"Dexterity Potion"},{"floor":31,"key":"BlessingOfTheForge"},{"floor":33,"key":"Fire Potion"},{"floor":35,"key":"SkillPotion"},{"floor":38,"key":"BloodPotion"},{"floor":41,"key":"ColorlessPotion"},{"floor":48,"key":"LiquidMemories"}],"is_trial":false,"path_per_floor":["M","?","?","M","$","E","?","E","T","?","M","M","R","T","R","B",null,"M","?","?","M","?","E","R","M","T","E","M","E","M","E","R","B",null,"M","?","M","M","M","E","?","$","T","?","R","M","$","M","R","B",null],"character_chosen":"IRONCLAD","items_purchased":["Self Forming Clay","Lee\u0027s Waffle","Fire Breathing","Enlightenment","PreservedInsect","Kunai","ClockworkSouvenir","Shrug It Off","Madness","MerchantsRug","AttackPotion","Iron Wave","Whetstone","Regal Pillow","Orrery","Panacea","Eternal Feather","Pear","Mercury Hourglass","Paper Frog","Bottled Flame","Medical Kit","Bottled Tornado","War Paint","Calipers","Singing Bowl","Toy Ornithopter","Omamori","Toxic Egg 2","InkBottle","Darkstone Periapt","Boot","Pantograph","Flame Barrier+1","White Beast Statue","Frozen Egg 2","MealTicket","Shovel","Bottled Lightning","Torii","Champion Belt","Sundial","HornCleat","Lizard Tail","Dead Branch","Dream Catcher"],"campfire_rested":2,"item_purchase_floors":[0,0,0,0,5,5,5,5,5,5,5,5,42,42,42,42,47,47,47,47,47,47,47,47,47,47,47,47,47,47,47,47,47,47,47,47,47,47,47,47,47,47,47,47,47,47],"current_hp_per_floor":[86,86,65,57,57,50,50,27,27,9,22,40,67,67,67,54,83,69,69,69,65,59,46,73,61,61,60,59,59,59,63,63,58,84,87,87,92,82,74,75,83,83,83,83,83,105,115,118,118,114],"gold":53,"neow_bonus":"","is_daily":false,"chose_seed":false,"campfire_upgraded":4,"win_rate":0.0,"timestamp":1612149691,"path_taken":["M","?","?","M","$","E","?","E","T","?","?","M","R","?","R","BOSS","M","?","?","M","?","E","R","M","T","E","?","E","M","E","R","BOSS","M","?","M","?","M","E","?","$","T","?","R","?","$","M","R","BOSS"],"items_purchased_type":["Relic","Relic","Card","Card","Relic","Relic","Relic","Card","Card","Relic","Potion","Card","Relic","Relic","Relic","Card","Relic","Relic","Relic","Relic","Relic","Relic","Relic","Relic","Relic","Relic","Relic","Relic","Relic","Relic","Relic","Relic","Relic","Card","Relic","Relic","Relic","Relic","Relic","Relic","Relic","Relic","Relic","Relic","Relic","Relic"],"build_version":"2020-12-22","purchased_purges":3,"victory":true,"max_hp_per_floor":[87,87,87,87,87,92,92,92,92,92,92,92,92,92,92,92,92,92,92,92,92,92,92,92,92,92,92,92,92,92,92,92,92,92,92,92,92,92,92,92,106,106,106,106,106,106,116,118,118,118],"card_choices":[{"not_picked":["Anger","Havoc"],"picked":"Thunderclap","floor":1},{"not_picked":["Perfected Strike","Inflame"],"picked":"Metallicize","floor":4},{"not_picked":["Perfected Strike","Headbutt"],"picked":"Dropkick","floor":6},{"not_picked":["Burning Pact","Second Wind","Shrug It Off"],"picked":"Immolate","floor":8},{"not_picked":["Twin Strike","True Grit","Pommel Strike"],"picked":"Flex","floor":11},{"not_picked":["Dropkick","Shrug It Off","Clothesline"],"picked":"Cleave","floor":12},{"not_picked":["Berserk","Exhume","Brutality"],"picked":"Juggernaut","floor":16},{"not_picked":["Cleave+1","Perfected Strike","Armaments"],"picked":"Shrug It Off+1","floor":18},{"not_picked":["Evolve","Headbutt","Havoc"],"picked":"Entrench+1","floor":21},{"not_picked":["Twin Strike","Dual Wield","Warcry"],"picked":"Entrench","floor":23},{"not_picked":["Reckless Charge","Dropkick","Bludgeon","Sword Boomerang+1"],"picked":"SKIP","floor":25},{"not_picked":["Berserk","Pommel Strike","Havoc"],"picked":"Rage","floor":27},{"not_picked":["Dual Wield","Power Through","Searing Blow","Havoc"],"picked":"SKIP","floor":28},{"not_picked":["Seeing Red+1","Disarm","Entrench+1"],"picked":"Infernal Blade","floor":29},{"not_picked":["Uppercut+1","Warcry","True Grit"],"picked":"Body Slam+1","floor":30},{"not_picked":["Pommel Strike+1","Reckless Charge","Twin Strike","True Grit"],"picked":"SKIP","floor":31},{"not_picked":["Bludgeon","Berserk","Offering"],"picked":"Barricade","floor":33},{"not_picked":["Shrug It Off+1","Flame Barrier","Warcry+1"],"picked":"Body Slam+1","floor":35},{"not_picked":["Havoc+1","Headbutt+1","Body Slam","Heavy Blade"],"picked":"SKIP","floor":37},{"not_picked":["Warcry","Metallicize+1","Second Wind"],"picked":"Uppercut+1","floor":38},{"not_picked":["Twin Strike","Warcry","Wild Strike","Anger"],"picked":"SKIP","floor":39},{"not_picked":["Flame Barrier","Thunderclap","Anger+1"],"picked":"Reaper","floor":40},{"not_picked":["Pommel Strike","Heavy Blade+1","Anger+1"],"picked":"Shrug It Off+1","floor":42},{"not_picked":["Carnage","Clash","True Grit+1"],"picked":"Offering","floor":42},{"not_picked":["Brutality","Infernal Blade","Perfected Strike"],"picked":"Iron Wave+1","floor":42},{"not_picked":["Clothesline+1","Feel No Pain+1","Battle Trance+1","Perfected Strike+1"],"picked":"SKIP","floor":46},{"not_picked":["Wild Strike","Warcry+1","Feel No Pain+1","True Grit+1"],"picked":"Singing Bowl","floor":48}],"player_experience":499231,"relics_obtained":[{"floor":6,"key":"MawBank"},{"floor":8,"key":"Meat on the Bone"},{"floor":9,"key":"Letter Opener"},{"floor":14,"key":"Nunchaku"},{"floor":23,"key":"Bag of Marbles"},{"floor":26,"key":"Lantern"},{"floor":27,"key":"Ornamental Fan"},{"floor":29,"key":"Art of War"},{"floor":31,"key":"Centennial Puzzle"},{"floor":40,"key":"Vajra"},{"floor":41,"key":"Mango"},{"floor":43,"key":"The Courier"}],"event_choices":[{"cards_removed":["Strike_R"],"damage_healed":0,"gold_gain":0,"player_choice":"Forget","damage_taken":0,"max_hp_gain":0,"max_hp_loss":0,"event_name":"Living Wall","floor":2,"gold_loss":0},{"damage_healed":0,"gold_gain":0,"player_choice":"Take Damage","damage_taken":21,"relics_obtained":["Golden Idol"],"max_hp_gain":0,"max_hp_loss":0,"event_name":"Golden Idol","floor":3,"gold_loss":0},{"damage_healed":0,"gold_gain":0,"player_choice":"Box","damage_taken":0,"relics_obtained":["Question Card"],"max_hp_gain":0,"max_hp_loss":0,"event_name":"Big Fish","floor":7,"gold_loss":0,"cards_obtained":["Regret"]},{"damage_healed":0,"gold_gain":0,"player_choice":"Entered Light","damage_taken":18,"max_hp_gain":0,"max_hp_loss":0,"event_name":"Shining Light","floor":10,"gold_loss":0,"cards_upgraded":["Strike_R","Enlightenment"]},{"damage_healed":0,"gold_gain":0,"player_choice":"Obtained Relic","damage_taken":0,"relics_obtained":["CaptainsWheel"],"max_hp_gain":0,"max_hp_loss":0,"event_name":"Addict","floor":19,"gold_loss":85},{"damage_healed":0,"gold_gain":0,"player_choice":"Gave Idol","damage_taken":0,"relics_obtained":["Bloody Idol"],"max_hp_gain":0,"max_hp_loss":0,"event_name":"Forgotten Altar","floor":20,"relics_lost":["Golden Idol"],"gold_loss":0},{"damage_healed":0,"gold_gain":0,"player_choice":"Joined the Cult","damage_taken":6,"max_hp_gain":0,"max_hp_loss":0,"event_name":"Nest","floor":22,"gold_loss":0,"cards_obtained":["RitualDagger"]},{"damage_healed":0,"gold_gain":0,"player_choice":"Ignored","damage_taken":0,"max_hp_gain":0,"max_hp_loss":0,"event_name":"NoteForYourself","floor":36,"gold_loss":0},{"damage_healed":0,"gold_gain":0,"player_choice":"Fight","damage_taken":0,"max_hp_gain":0,"max_hp_loss":0,"event_name":"Mysterious Sphere","floor":41,"gold_loss":0},{"cards_removed":["Bash"],"damage_healed":0,"gold_gain":0,"player_choice":"Removed Attack","damage_taken":0,"max_hp_gain":0,"max_hp_loss":0,"event_name":"Falling","floor":44,"gold_loss":0}],"is_beta":false,"boss_relics":[{"not_picked":["Mark of Pain","Snecko Eye"],"picked":"Ectoplasm"},{"not_picked":["Fusion Hammer","Runic Pyramid"],"picked":"SlaversCollar"}],"items_purged_floors":[5,42,47],"is_endless":false,"potions_floor_spawned":[6,12,18,23,30,31,33,35,38,41,48],"ascension_level":10}}