{"host":"1nniobf0g4s2td4e","time":1612203431,"event":{"mods":["2.2 Compatiblity","BaseMod","Minty Spire (QoL Compilation)","StSLib","SuperFastMode"],"gold_per_floor":[116,129,141,151,161,161,179,179,179,239,259,259,293,308,308,308,308],"floor_reached":16,"language":"ENG","playtime":676,"items_purged":[],"score":131,"play_id":"c205a4c4-f630-447a-a6be-c82044113dae","local_time":"20210201121711","is_ascension_mode":false,"campfire_choices":[{"data":"Shockwave","floor":6,"key":"SMITH"},{"data":"Battle Trance","floor":8,"key":"SMITH"},{"data":"Metallicize","floor":12,"key":"SMITH"},{"data":"Disarm","floor":15,"key":"SMITH"}],"circlet_count":0,"master_deck":["Strike_R","Strike_R","Strike_R","Strike_R","Strike_R","Defend_R","Defend_R","Defend_R","Defend_R","Bash","Disarm+1","Shockwave+1","Burning Pact+1","Heavy Blade","Thunderclap","Battle Trance+1","Metallicize+1","Disarm+1"],"relics":["Burning Blood","Du-Vu Doll","Toy Ornithopter","War Paint","Art of War"],"acts_visited":["Exordium"],"potions_floor_usage":[10,14],"damage_taken":[{"damage":6,"enemies":"Jaw Worm","floor":1,"turns":3},{"damage":4,"enemies":"2 Louse","floor":2,"turns":3},{"damage":8,"enemies":"Cultist","floor":3,"turns":4},{"damage":23,"enemies":"Large Slime","floor":4,"turns":7},{"damage":17,"enemies":"Red Slaver","floor":5,"turns":4},{"damage":6,"enemies":"2 Fungi Beasts","floor":7,"turns":3},{"damage":0,"enemies":"3 Sentries","floor":10,"turns":1},{"damage":13,"enemies":"3 Louse","floor":11,"turns":4},{"damage":25,"enemies":"Gremlin Nob","floor":13,"turns":6},{"damage":5,"enemies":"Red Slaver","floor":14,"turns":3},{"damage":1000,"enemies":"Hexaghost","floor":16,"turns":11}],"seed_played":"-4595879712265880965","potions_obtained":[{"floor":1,"key":"BloodPotion"},{"floor":3,"key":"BloodPotion"},{"floor":7,"key":"SkillPotion"},{"floor":10,"key":"CultistPotion"},{"floor":14,"key":"SpeedPotion"}],"is_trial":false,"path_per_floor":["M","M","M","M","M","R","M","R","T","?","M","R","E","M","R","B"],"character_chosen":"IRONCLAD","items_purchased":[],"campfire_rested":0,"item_purchase_floors":[],"current_hp_per_floor":[56,58,56,39,28,28,28,28,28,55,48,48,29,51,51,0,0],"gold":308,"neow_bonus":"ONE_RARE_RELIC","is_daily":false,"chose_seed":false,"campfire_upgraded":4,"win_rate":0.0,"timestamp":1612203431,"path_taken":["M","M","M","M","M","R","M","R","T","?","M","R","E","M","R","BOSS"],"items_purchased_type":[],"build_version":"2020-12-22","purchased_purges":0,"victory":false,"max_hp_per_floor":[80,80,80,80,80,80,80,80,80,80,80,80,80,80,80,80,80],"card_choices":[{"not_picked":["Second Wind","Twin Strike"],"picked":"Disarm","floor":1},{"not_picked":["Cleave","Dropkick"],"picked":"Shockwave","floor":2},{"not_picked":["Iron Wave","Clothesline"],"picked":"Burning Pact","floor":3},{"not_picked":["Armaments","Clothesline"],"picked":"Heavy Blade","floor":4},{"not_picked":["Dark Embrace","Headbutt"],"picked":"Thunderclap","floor":5},{"not_picked":["Infernal Blade","Thunderclap"],"picked":"Battle Trance","floor":7},{"not_picked":["Sword Boomerang","Wild Strike"],"picked":"Metallicize","floor":10},{"not_picked":["Blood for Blood","Dual Wield","Uppercut"],"picked":"SKIP","floor":11},{"not_picked":["Rampage","Wild Strike"],"picked":"Disarm","floor":13},{"not_picked":["Twin Strike","Sentinel","Evolve"],"picked":"SKIP","floor":14}],"player_experience":729053,"relics_obtained":[{"floor":9,"key":"Toy Ornithopter"},{"floor":10,"key":"War Paint"},{"floor":13,"key":"Art of War"}],"event_choices":[{"damage_healed":0,"gold_gain":0,"player_choice":"Searched \u00272\u0027 times","damage_taken":0,"max_hp_gain":0,"max_hp_loss":0,"event_name":"Dead Adventurer","floor":10,"gold_loss":0}],"is_beta":false,"boss_relics":[],"items_purged_floors":[],"is_endless":false,"potions_floor_spawned":[1,3,7,10,14],"killed_by":"Hexaghost","ascension_level":0}}