{"host":"3twtdwjpiqhvvn5s","time":1612217022,"event":{"mods":["AchievementEnabler","Act Like it!","Aspiration","BaseMod","BetterRewards","Colored Map","Colored Powertips","Downfall","Duelist Mod","Friendly Minions","GifTheSpireLib","Hallownest","Hermit","Hubris","Infinite Spire","Jorbs\u0027s Wanderer Trilogy","Koishi","KomeijiMod","Marisa????????","Minty Spire (QoL Compilation)","Quick Restart","Rare Cards Sparkle","Replay The Spire","Shop Mod","StSLib","Td1madao Mod","The Administrix","The Animator","The Bug Knight","The Caster","The Cursed","The Disciple","The Hierophant","The Necromancer","The Poker Player","The Runesmith","The Servant 0.9.4"],"gold_per_floor":[110,129,140,158,168,168,183,183,183],"floor_reached":8,"language":"ENG","playtime":2221,"items_purged":[],"score":102,"play_id":"81561b84-46fe-4bb3-8239-b4bf0bd18694","local_time":"20210201160342","daily_mods":["downfall:ExchangeController"],"is_ascension_mode":false,"campfire_choices":[{"floor":6,"key":"REST"}],"circlet_count":0,"master_deck":["Strike_W","Strike_W","Strike_W","Strike_W","Defend_W","Defend_W","Defend_W","Defend_W","Negative_Energy_Arrows","Bone_Wall","Koishi:LastRemote","Blood_Magic"],"relics":["Unceasing Top","downfall:NeowBlessing_Player"],"acts_visited":["Exordium"],"potions_floor_usage":[],"damage_taken":[{"damage":11,"enemies":"2 Louse","floor":1,"turns":7},{"damage":14,"enemies":"Jaw Worm","floor":2,"turns":10},{"damage":21,"enemies":"Cultist","floor":3,"turns":5},{"damage":21,"enemies":"Exordium Wildlife","floor":4,"turns":10},{"damage":17,"enemies":"2 Fungi Beasts","floor":5,"turns":7},{"damage":89,"enemies":"Exordium Thugs","floor":7,"turns":11},{"damage":68,"enemies":"Lagavulin","floor":8,"turns":9}],"seed_played":"-8128251479781991551","potions_obtained":[{"floor":2,"key":"Elixir"},{"floor":4,"key":"Explosive Potion"},{"floor":5,"key":"sneckomod:MuddlingPotion"},{"floor":7,"key":"Weak Potion"}],"is_trial":true,"path_per_floor":["M","M","M","M","M","R","M","E"],"character_chosen":"NECROMANCER","items_purchased":[],"campfire_rested":1,"item_purchase_floors":[],"current_hp_per_floor":[164,150,129,108,91,143,54,0,0],"gold":183,"neow_bonus":"","is_daily":false,"chose_seed":false,"campfire_upgraded":0,"win_rate":0.0,"timestamp":1612217022,"path_taken":["M","M","M","M","M","R","M","E"],"items_purchased_type":[],"build_version":"2020-12-22","purchased_purges":0,"victory":false,"max_hp_per_floor":[175,175,175,175,175,175,175,175,175],"card_choices":[{"not_picked":["Negative_Energy_Shield","Koishi:PhantomBarrier","Koishi:MindNumbingTerror"],"picked":"SKIP","floor":1},{"not_picked":["Bones_to_Steel","Koishi:RacingHeart","Koishi:PhantomBarrier"],"picked":"SKIP","floor":2},{"not_picked":["Finger_Of_Death","Bone_Armory","Koishi:BloodcurdlingScream"],"picked":"SKIP","floor":3},{"not_picked":["Scare","Flesh_Made_Foul","Koishi:SubterraneanRose"],"picked":"SKIP","floor":4},{"not_picked":["Koishi:PredatoryInstincts","Koishi:EmbryosDream"],"picked":"Koishi:LastRemote","floor":5},{"not_picked":["Blood_for_Blood","Negative_Energy_Javelin"],"picked":"Blood_Magic","floor":7}],"player_experience":2419086,"relics_obtained":[],"event_choices":[],"is_beta":false,"boss_relics":[],"items_purged_floors":[],"is_endless":false,"potions_floor_spawned":[2,4,5,7],"killed_by":"Lagavulin","ascension_level":0}}