{"host":"72j3if4hls1tefkc","time":1612211307,"event":{"mods":["AchievementEnabler","Always Whale","Aspiration","BaseMod","Colored Map","Conspire","FetchMod","Halation","Hubris","Infinite Spire","Minty Spire (QoL Compilation)","Reliquary","Replay The Spire","Shop Mod","StSLib","The Construct","The Jungle"],"gold_per_floor":[119,131,56,68,68,68,100,100,100,131,131,146,156,175,175,273,273,286,305,13,23,23,23,23],"floor_reached":24,"language":"ENG","playtime":973,"items_purged":["Strike_R"],"score":250,"play_id":"47d998ee-acd8-476a-9114-687d3531830f","local_time":"20210201132827","is_ascension_mode":true,"campfire_choices":[{"data":"Uppercut","floor":6,"key":"SMITH"},{"data":"Cleave","floor":8,"key":"SMITH"},{"data":"Metallicize","floor":11,"key":"SMITH"},{"data":"Inflame","floor":15,"key":"SMITH"}],"circlet_count":0,"master_deck":["Strike_R","Strike_R","Strike_R","Defend_R","Defend_R","Bash","Uppercut+1","Cleave+1","Shrug It Off","Limit Break","Rage","Metallicize+1","Inflame+1","conspire:Purge","Rupture","Twin Strike","conspire:Banana","Armaments+1","Decay"],"relics":["Burning Blood","hubris:Teleporter","infinitespire:Broken Mirror","ReplayFunnel","aspiration:RitualDagger","Replay:Wax Seal","Toolbox"],"acts_visited":["Exordium","TheCity"],"potions_floor_usage":[7,13,16,24,24],"damage_taken":[{"damage":12,"enemies":"Jaw Worm","floor":1,"turns":2},{"damage":0,"enemies":"Cultist","floor":2,"turns":3},{"damage":3,"enemies":"conspire:RoseBush","floor":4,"turns":3},{"damage":24,"enemies":"Gremlin Nob","floor":7,"turns":4},{"damage":24,"enemies":"3 Sentries","floor":10,"turns":7},{"damage":2,"enemies":"Looter","floor":12,"turns":3},{"damage":0,"enemies":"Large Slime","floor":13,"turns":4},{"damage":4,"enemies":"Exordium Thugs","floor":14,"turns":3},{"damage":27,"enemies":"Slime Boss","floor":16,"turns":10},{"damage":62,"enemies":"2 Thieves","floor":18,"turns":5},{"damage":55,"enemies":"Shell Parasite","floor":19,"turns":7},{"damage":53,"enemies":"Centurion and Healer","floor":21,"turns":7},{"damage":56,"enemies":"Book of Stabbing","floor":24,"turns":5}],"seed_played":"7034018059014922918","potions_obtained":[{"floor":1,"key":"Venom Potion"},{"floor":10,"key":"Block Potion"},{"floor":13,"key":"AttackPotion"},{"floor":19,"key":"Block Potion"},{"floor":21,"key":"Weak Potion"}],"is_trial":false,"path_per_floor":["M","M","$","M","?","R","E","R","T","E","R","M","M","M","R","B",null,"M","M","$","M","?","E"],"character_chosen":"IRONCLAD","items_purchased":["Replay:Wax Seal","conspire:Banana","Toolbox"],"campfire_rested":0,"item_purchase_floors":[20,20,20],"current_hp_per_floor":[74,80,80,80,80,80,62,62,62,44,44,48,54,56,56,35,80,24,66,66,40,40,0,0],"gold":23,"neow_bonus":"REMOVE_CARD","is_daily":false,"chose_seed":false,"campfire_upgraded":4,"win_rate":0.0,"timestamp":1612211307,"path_taken":["M","M","$","M","?","R","E","R","T","E","R","?","M","M","R","BOSS","M","?","$","M","?","E"],"items_purchased_type":["Relic","Card","Relic"],"build_version":"2020-12-22","purchased_purges":1,"victory":false,"max_hp_per_floor":[80,80,80,80,80,80,80,80,80,80,80,80,80,80,80,80,80,80,80,80,81,81,82,82],"card_choices":[{"not_picked":["Warcry","Clothesline"],"picked":"Uppercut","floor":1},{"not_picked":["Armaments","Headbutt"],"picked":"Cleave","floor":2},{"not_picked":["Armaments","Clash"],"picked":"Shrug It Off","floor":4},{"not_picked":["Clothesline","Carnage"],"picked":"Rage","floor":7},{"not_picked":["hubris:StunningStrike","Dark Embrace"],"picked":"Metallicize","floor":10},{"not_picked":["hubris:ReadiedAction","Body Slam","Replay:Undeath\u0027s Touch"],"picked":"SKIP","floor":12},{"not_picked":["Havoc","Warcry","Replay:Undeath\u0027s Touch"],"picked":"SKIP","floor":13},{"not_picked":["Shrug It Off","Sword Boomerang"],"picked":"Inflame","floor":14},{"not_picked":["Juggernaut","Eclipse"],"picked":"conspire:Purge","floor":16},{"not_picked":["Whirlwind","infinitespire:OneForAll"],"picked":"Rupture","floor":18},{"not_picked":["Havoc+1","Abandon"],"picked":"Twin Strike","floor":19},{"not_picked":["Thunderclap","Cleave"],"picked":"Armaments+1","floor":21}],"player_experience":322744,"relics_obtained":[{"floor":7,"key":"hubris:Teleporter"},{"floor":9,"key":"infinitespire:Broken Mirror"},{"floor":10,"key":"ReplayFunnel"}],"event_choices":[{"damage_healed":0,"gold_gain":0,"cards_transformed":["Strike_R"],"player_choice":"Transformed","damage_taken":0,"max_hp_gain":0,"max_hp_loss":0,"event_name":"Transmorgrifier","floor":5,"gold_loss":0,"cards_obtained":["Limit Break"]},{"damage_healed":0,"gold_gain":0,"player_choice":"Smashed Altar","damage_taken":0,"max_hp_gain":0,"max_hp_loss":0,"event_name":"Forgotten Altar","floor":23,"gold_loss":0,"cards_obtained":["Decay"]}],"is_beta":false,"boss_relics":[{"not_picked":["conspire:SpecialSausage","Black Star"],"picked":"aspiration:RitualDagger"}],"items_purged_floors":[3],"is_endless":false,"potions_floor_spawned":[1,10,13,19,21],"killed_by":"Book of Stabbing","ascension_level":4}}