{"host":"gl0s6s7rfaszb64r","time":1612139300,"event":{"mods":["100% Spire Juice","2.2 Compatiblity","AchievementEnabler","Act Like it!","AlwaysNeverKeys","Arknights","Ascension Reborn","Aspiration","Astrologer","BaseMod","Bestiary","Better Altar","Better Match","Better Note","Better Sensory Stone","Better Skull","Better Third Choice","BetterRewards","Block Reminder","Challenge The Spire","Colored Map","Colored Powertips","Conspire","Curses Come First","DeckTracker","Downfall","Duelist Mod","Elementarium","Energized Spire","Fox Events","Gensokyo","GifTheSpireLib","GungeonMod","Halation","Hallownest","Hermit","HololiveMod","Hubris","Infinite Spire","Jedi Mod","Menagerie","Minty Spire (QoL Compilation)","Pale of the Ancients","Permanent Neow","Random Character Button","Relic Stats","Reliquary","Replay The Spire","Robot Space Explorer","Shade Mod","Shop Mod","Spicy Shops","StSLib","Stuff the Spire","SuperFastMode","The Animator","The Blackbeard","The Blue Laboratory","The Bug Knight","The Construct","The Cursed","The Disciple","The Dragon Tamer","The Exalted","The Forsaken","The Gatherer","The Hierophant","The Jungle","The Marked","The Necromancer","The Poker Player","The Runesmith","The Servant 0.9.4","TheFirefly","Treasure Hunter","UnlockEverythingMod","Wandering Minibosses","Weighted Paths"],"gold_per_floor":[137,151,168,185,200,200,200,235,289,318,334,117,117,132,132,132,132],"floor_reached":16,"language":"ENG","playtime":1454,"items_purged":[],"score":114,"play_id":"b962fc73-05a0-47b5-a853-af25545a780e","local_time":"20210131192820","is_ascension_mode":true,"campfire_choices":[{"data":"theDuelist:BigFire","floor":7,"key":"SMITH"},{"data":"theDuelist:Mathematician","floor":15,"key":"PURGE"}],"circlet_count":0,"master_deck":["theDuelist:BeaverWarrior","theDuelist:BeaverWarrior","theDuelist:CastleWalls","theDuelist:CastleWalls","theDuelist:FinalFlame","theDuelist:GiantSoldier","theDuelist:GiantSoldier","theDuelist:ScrapFactory","theDuelist:Sparks","theDuelist:Sparks","theDuelist:ChangeHeart","theDuelist:Wildfire","theDuelist:BigFire+1","theDuelist:BigFire","theDuelist:GreenGraveOni","theDuelist:CrystalRaigeki","theDuelist:RainbowNeos","theDuelist:PowerKaishin","theDuelist:DoubleTool","theDuelist:PowerKaishin","theDuelist:SolarWindJammer","theDuelist:GiantTrunade","theDuelist:PotForbidden"],"relics":["theDuelist:MillenniumPuzzle","theDuelist:CardPoolRelic","theDuelist:CardPoolBasicRelic","theDuelist:BoosterPackPoolRelic","theDuelist:CardPoolAddRelic","theDuelist:CardPoolMinusRelic","theDuelist:CardPoolSaveRelic","theDuelist:CardPoolOptionsRelic","Gatherer:MistGenerator","theDuelist:MetronomeRelicD","hubris:SoftwareUpdate","reliquary:SilkGlove","jedi:firstaidkit","halation:BottledHappiness","hubris:DisguiseKit"],"acts_visited":["Hallownest:Greenpath"],"potions_floor_usage":[],"damage_taken":[{"damage":2,"enemies":"Hallownest:2_MossCreeps","floor":1,"turns":7},{"damage":2,"enemies":"Hallownest:monsterHuskWarrior","floor":2,"turns":5},{"damage":20,"enemies":"2_ Uuma","floor":3,"turns":6},{"damage":5,"enemies":"Hallownest:Wandering_and_Horned","floor":4,"turns":7},{"damage":4,"enemies":"Hallownest:monsterMossCharger","floor":5,"turns":4},{"damage":5,"enemies":"Hallownest:eliteVengeflyKing","floor":8,"turns":5},{"damage":11,"enemies":"Hallownest:eliteCrystalGuardian","floor":10,"turns":6},{"damage":0,"enemies":"Hallownest:monsterFoolEater","floor":11,"turns":2},{"damage":0,"enemies":"Hallownest:monsterAspidMother","floor":14,"turns":4},{"damage":29,"enemies":"Hallownest:BossHornet","floor":16,"turns":3}],"seed_played":"-3053054918827711381","potions_obtained":[{"floor":2,"key":"blueLaboratory:FrostheartPotion"},{"floor":3,"key":"SpeedPotion"},{"floor":8,"key":"BlessingOfTheForge"}],"is_trial":false,"path_per_floor":["M","M","M","M","M","?","R","E","T","E","M","$","T","M","R_BF","B"],"character_chosen":"THE_DUELIST","items_purchased":["theDuelist:SolarWindJammer","halation:BottledHappiness"],"campfire_rested":0,"item_purchase_floors":[12,12],"current_hp_per_floor":[78,76,56,51,47,41,41,36,36,25,25,25,25,25,25,0,0],"gold":132,"neow_bonus":"RANDOM_COMMON_RELIC","is_daily":false,"chose_seed":false,"campfire_upgraded":1,"win_rate":0.0,"timestamp":1612139300,"path_taken":["M","?","M","M","M","?","R","E","T","E","M","$","?","M","R_BF","BOSS"],"items_purchased_type":["Card","Relic"],"build_version":"2020-12-22","purchased_purges":0,"victory":false,"max_hp_per_floor":[80,80,80,80,80,80,80,80,80,80,80,80,80,80,80,80,80],"relic_stats":{"counters":[10,49],"obtain_stats":[{"hubris:DisguiseKit":13,"reliquary:SilkGlove":9,"hubris:SoftwareUpdate":8,"Gatherer:MistGenerator":0,"DemoMod:GlassGuonStoneRelic":3,"halation:BottledHappiness":12,"theDuelist:MillenniumPuzzle":0,"theDuelist:CardPoolSaveRelic":0,"theDuelist:BoosterPackPoolRelic":0,"theDuelist:CardPoolMinusRelic":0,"jedi:firstaidkit":10,"theDuelist:CardPoolBasicRelic":0,"theDuelist:CardPoolAddRelic":0,"theDuelist:MetronomeRelicD":6,"theDuelist:CardPoolOptionsRelic":0,"theDuelist:CardPoolRelic":0},{"hubris:DisguiseKit":8,"reliquary:SilkGlove":6,"hubris:SoftwareUpdate":6,"Gatherer:MistGenerator":0,"DemoMod:GlassGuonStoneRelic":3,"halation:BottledHappiness":8,"theDuelist:MillenniumPuzzle":0,"theDuelist:CardPoolSaveRelic":0,"theDuelist:BoosterPackPoolRelic":0,"theDuelist:CardPoolMinusRelic":0,"jedi:firstaidkit":7,"theDuelist:CardPoolBasicRelic":0,"theDuelist:CardPoolAddRelic":0,"theDuelist:MetronomeRelicD":5,"theDuelist:CardPoolOptionsRelic":0,"theDuelist:CardPoolRelic":0},{"hubris:DisguiseKit":42,"reliquary:SilkGlove":34,"hubris:SoftwareUpdate":34,"Gatherer:MistGenerator":0,"DemoMod:GlassGuonStoneRelic":18,"halation:BottledHappiness":42,"theDuelist:MillenniumPuzzle":0,"theDuelist:CardPoolSaveRelic":0,"theDuelist:BoosterPackPoolRelic":0,"theDuelist:CardPoolMinusRelic":0,"jedi:firstaidkit":40,"theDuelist:CardPoolBasicRelic":0,"theDuelist:CardPoolAddRelic":0,"theDuelist:MetronomeRelicD":29,"theDuelist:CardPoolOptionsRelic":0,"theDuelist:CardPoolRelic":0}]},"card_choices":[{"not_picked":["theDuelist:PineappleBlast","theDuelist:FusionFire","theDuelist:WhiteNinja","theDuelist:ElectromagneticShield"],"picked":"theDuelist:Mathematician","floor":1},{"not_picked":["theDuelist:DarklordSuperbia","theDuelist:RainbowLife","theDuelist:FlameTiger","theDuelist:StrayLambs"],"picked":"theDuelist:ChangeHeart","floor":2},{"not_picked":["theDuelist:StarBlast","theDuelist:Sangan","theDuelist:FuryFire","theDuelist:BerserkerCrush"],"picked":"theDuelist:Wildfire","floor":3},{"not_picked":["theDuelist:MeteorDestruction","theDuelist:ScrapFactory","theDuelist:EgoBoost","theDuelist:CrystalBlessing"],"picked":"theDuelist:BigFire","floor":4},{"not_picked":["theDuelist:DoubleTool","theDuelist:CoreBlaster","theDuelist:CombinationAttack","theDuelist:Hinotama"],"picked":"theDuelist:BigFire","floor":5},{"not_picked":["theDuelist:HammerShot","theDuelist:Sangan","theDuelist:BlackPendant","theDuelist:RockSunrise"],"picked":"theDuelist:GreenGraveOni","floor":8},{"not_picked":["theDuelist:MeteorDestruction","theDuelist:CoreBlaster","theDuelist:SilentDoom","theDuelist:LegendarySword"],"picked":"theDuelist:CrystalRaigeki","floor":8},{"not_picked":["theDuelist:CoreBlaster","theDuelist:SwordDeepSeated","theDuelist:Tuningware","theDuelist:MiracleFertilizer"],"picked":"theDuelist:RainbowNeos","floor":9},{"not_picked":["theDuelist:CrossAttack","theDuelist:BerserkerCrush","theDuelist:Downbeat","theDuelist:DeltaAttacker"],"picked":"theDuelist:PowerKaishin","floor":10},{"not_picked":["theDuelist:CoreBlaster","theDuelist:Invigoration","theDuelist:Downbeat","theDuelist:ScrapFactory"],"picked":"theDuelist:DoubleTool","floor":10},{"not_picked":["theDuelist:DoubleTool","theDuelist:SwordDeepSeated","theDuelist:RainbowNeos","theDuelist:SpiritHarp"],"picked":"theDuelist:PowerKaishin","floor":11},{"not_picked":["theDuelist:MeteorDestruction","theDuelist:RainbowNeos","theDuelist:FluteKuriboh","theDuelist:Tuningware"],"picked":"theDuelist:GiantTrunade","floor":13},{"not_picked":["theDuelist:RainbowNeos","theDuelist:KamionTimelord","theDuelist:HappyLover","theDuelist:Eva"],"picked":"theDuelist:PotForbidden","floor":14}],"player_experience":283,"relics_obtained":[{"floor":8,"key":"hubris:SoftwareUpdate"},{"floor":9,"key":"reliquary:SilkGlove"},{"floor":10,"key":"jedi:firstaidkit"},{"floor":13,"key":"hubris:DisguiseKit"}],"event_choices":[{"damage_healed":0,"gold_gain":0,"player_choice":"Dig - random Duelist relic","duelist":true,"damage_taken":0,"max_hp_gain":0,"max_hp_loss":0,"event_name":"Aknamkanon\u0027s Tomb","floor":6,"gold_loss":0}],"is_beta":false,"boss_relics":[],"items_purged_floors":[],"is_endless":false,"potions_floor_spawned":[2,3,8],"killed_by":"Hallownest:BossHornet","ascension_level":0}}