{"host":"hpn0uxah5qjr7pa6","time":1612150322,"event":{"mods":["Act Like it!","Aspiration","BaseMod","Better Third Choice","BetterRewards","Challenge The Spire","Colored Powertips","Conspire","Downfall","Energized Spire","Hallownest","Hermit","Hubris","Infinite Spire","Minty Spire (QoL Compilation)","Permanent Neow","Quick Restart","Rare Cards Sparkle","Replay The Spire","Spicy Shops","StSLib","The Bug Knight","The Jungle"],"gold_per_floor":[118,137,137,153,153,153,164,181,181,198,198,198,198,210,210,210,210],"floor_reached":16,"language":"ENG","playtime":616,"items_purged":[],"score":99,"play_id":"c0e34f34-6951-4348-b4b9-6429728d29ac","local_time":"20210131193202","is_ascension_mode":true,"campfire_choices":[{"data":"Strike_R","floor":6,"key":"SMITH"},{"data":"Shrug It Off","floor":11,"key":"SMITH"},{"data":"Shrug It Off","floor":13,"key":"SMITH"},{"floor":15,"key":"REST"}],"circlet_count":0,"master_deck":["Strike_R","Strike_R","Strike_R","Strike_R+1","Strike_R+1","Defend_R","Defend_R","Defend_R","Defend_R","Bash","Shrug It Off+1","Shrug It Off+1"],"relics":["Burning Blood","hubris:TinFlute"],"acts_visited":["Exordium"],"potions_floor_usage":[8],"damage_taken":[{"damage":12,"enemies":"Small Slimes","floor":1,"turns":5},{"damage":7,"enemies":"2 Louse","floor":2,"turns":3},{"damage":2,"enemies":"conspire:RoseBush","floor":4,"turns":4},{"damage":7,"enemies":"Gremlin Gang","floor":7,"turns":6},{"damage":5,"enemies":"3 Louse","floor":8,"turns":3},{"damage":13,"enemies":"Red Slaver","floor":10,"turns":3},{"damage":5,"enemies":"Looter","floor":14,"turns":3},{"damage":90,"enemies":"Hexaghost","floor":16,"turns":14}],"seed_played":"4006738894967922878","potions_obtained":[{"floor":2,"key":"Adrenaline Potion"},{"floor":10,"key":"FearPotion"}],"is_trial":false,"path_per_floor":["M","M","?","M","?","R","M","M","T","M","R","?","R","M","R","B"],"character_chosen":"IRONCLAD","items_purchased":[],"campfire_rested":1,"item_purchase_floors":[],"current_hp_per_floor":[74,73,78,82,82,82,81,82,82,75,75,75,75,76,85,0,0],"gold":210,"neow_bonus":"UPGRADE_CARD","is_daily":false,"chose_seed":false,"campfire_upgraded":3,"win_rate":0.0,"timestamp":1612150322,"path_taken":["M","M","?","M","?","R","M","M","T","M","R","?","R","M","R","BOSS"],"items_purchased_type":[],"build_version":"2020-12-22","purchased_purges":0,"victory":false,"max_hp_per_floor":[80,80,85,85,85,85,85,85,85,85,85,85,85,85,85,85,85],"card_choices":[{"not_picked":["Replay:Undeath\u0027s Touch","Anger","ReplayTheSpireMod:LeadingStrike"],"picked":"SKIP","floor":1},{"not_picked":["Shockwave","Burning Pact","Thunderclap"],"picked":"SKIP","floor":2},{"not_picked":["Armaments","ReplayTheSpireMod:Strike From Hell","Twin Strike"],"picked":"SKIP","floor":4},{"not_picked":["True Grit","Cleave","Replay:Undeath\u0027s Touch"],"picked":"SKIP","floor":7},{"not_picked":["hubris:ReadiedAction","Fire Breathing"],"picked":"Shrug It Off","floor":8},{"not_picked":["Run Through","Body Slam"],"picked":"Shrug It Off","floor":10},{"not_picked":["Clash","Headbutt","conspire:Charge"],"picked":"SKIP","floor":14}],"player_experience":145460,"relics_obtained":[{"floor":9,"key":"hubris:TinFlute"}],"event_choices":[{"damage_healed":0,"gold_gain":0,"player_choice":"Donut","damage_taken":0,"max_hp_gain":5,"max_hp_loss":0,"event_name":"Big Fish","floor":3,"gold_loss":0},{"damage_healed":0,"gold_gain":0,"player_choice":"Disagree","damage_taken":0,"max_hp_gain":0,"max_hp_loss":0,"event_name":"conspire:LoneGhost","floor":5,"gold_loss":0}],"is_beta":false,"boss_relics":[],"items_purged_floors":[],"is_endless":false,"potions_floor_spawned":[2,10],"killed_by":"Hexaghost","ascension_level":1}}