{"host":"mnpd8gh7cwxsn5kh","time":1612216614,"event":{"mods":["BaseMod","Bestiary","Block Reminder","Colored Map","Colored Powertips","Highlight Path","Minty Spire (QoL Compilation)","Relic Sorter","Relic Stats"],"gold_per_floor":[412,412,177,188,198,198,225,225,251,251,264,290,5,5,5,104,104,122,156,12,12,12,30,55,74,99,99,125,200,215,230,230,332,332,342,359,581,354,369,369,398,410,422,434,1,51,66,85,85,85,85,85,85,120,120],"floor_reached":56,"language":"ENG","playtime":7659,"items_purged":["Strike_B","Strike_B+1"],"score":1521,"play_id":"f86654e5-b622-4517-a0c6-6a687fbec0f1","local_time":"20210201225654","is_ascension_mode":true,"campfire_choices":[{"data":"Dualcast","floor":6,"key":"SMITH"},{"data":"Hologram","floor":8,"key":"SMITH"},{"data":"Self Repair","floor":10,"key":"SMITH"},{"data":"Glacier","floor":15,"key":"SMITH"},{"data":"Creative AI","floor":27,"key":"SMITH"},{"data":"Seek","floor":32,"key":"SMITH"},{"floor":40,"key":"RECALL"},{"data":"Defragment","floor":42,"key":"SMITH"},{"data":"Capacitor","floor":49,"key":"SMITH"},{"data":"Seek","floor":52,"key":"SMITH"}],"circlet_count":0,"master_deck":["Strike_B+1","Defend_B+1","Defend_B+1","Defend_B+1","Defend_B+1","Zap+1","Dualcast+1","CurseOfTheBell","Steam","Self Repair+1","Go for the Eyes","Hologram+1","Good Instincts+1","Coolheaded","All For One","Glacier+1","Streamline","Seek+1","Capacitor+1","Creative AI+1","Steam+1","Barrage","Echo Form","Conserve Battery","Ball Lightning+1","Seek+1","Defragment+1","Biased Cognition","White Noise+1","Conserve Battery","Heatsinks+1","Defragment"],"relics":["Calling Bell","Old Coin","Symbiotic Virus","Toy Ornithopter","Boot","Pen Nib","Bag of Preparation","PreservedInsect","Nuclear Battery","Red Mask","Vajra","Orichalcum","HornCleat","Busted Crown","Omamori","MawBank","War Paint","Lee\u0027s Waffle","Thread and Needle","Pantograph"],"acts_visited":["Exordium","TheCity","TheBeyond","TheEnding"],"potions_floor_usage":[7,19,55,55,55],"damage_taken":[{"damage":6,"enemies":"2 Louse","floor":1,"turns":2},{"damage":4,"enemies":"Cultist","floor":4,"turns":5},{"damage":0,"enemies":"Jaw Worm","floor":5,"turns":4},{"damage":35,"enemies":"Gremlin Nob","floor":7,"turns":5},{"damage":0,"enemies":"Blue Slaver","floor":11,"turns":3},{"damage":11,"enemies":"Lagavulin","floor":12,"turns":6},{"damage":37,"enemies":"Hexaghost","floor":16,"turns":11},{"damage":5,"enemies":"Chosen","floor":18,"turns":6},{"damage":20,"enemies":"Masked Bandits","floor":19,"turns":5},{"damage":0,"enemies":"Shell Parasite","floor":23,"turns":5},{"damage":39,"enemies":"Gremlin Leader","floor":24,"turns":7},{"damage":7,"enemies":"Centurion and Healer","floor":25,"turns":7},{"damage":0,"enemies":"Slavers","floor":28,"turns":7},{"damage":0,"enemies":"Snecko","floor":30,"turns":6},{"damage":4,"enemies":"Snake Plant","floor":31,"turns":6},{"damage":34,"enemies":"Automaton","floor":33,"turns":12},{"damage":0,"enemies":"3 Shapes","floor":35,"turns":6},{"damage":12,"enemies":"3 Darklings","floor":36,"turns":6},{"damage":4,"enemies":"Spire Growth","floor":39,"turns":6},{"damage":10,"enemies":"Nemesis","floor":41,"turns":9},{"damage":0,"enemies":"Mind Bloom Boss Battle","floor":46,"turns":7},{"damage":0,"enemies":"Sphere and 2 Shapes","floor":47,"turns":5},{"damage":27,"enemies":"Transient","floor":48,"turns":5},{"damage":28,"enemies":"Time Eater","floor":50,"turns":13},{"damage":23,"enemies":"Shield and Spear","floor":54,"turns":7},{"damage":54,"enemies":"The Heart","floor":55,"turns":12}],"seed_played":"-1068275179847713438","potions_obtained":[{"floor":4,"key":"SkillPotion"},{"floor":5,"key":"AttackPotion"},{"floor":16,"key":"DuplicationPotion"},{"floor":23,"key":"SkillPotion"},{"floor":25,"key":"SneckoOil"},{"floor":39,"key":"EssenceOfSteel"},{"floor":41,"key":"FocusPotion"}],"is_trial":false,"path_per_floor":["M","?","$","M","M","R","E","R","T","R","M","E","$","?","R","B",null,"M","?","$","?","?","M","E","M","T","R","E","?","M","M","R","B",null,"M","M","?","$","M","R","E","R","T","?","$","?","M","M","R","B",null,"R","$","E","B",null],"character_chosen":"DEFECT","items_purchased":["Self Repair","Go for the Eyes","Hologram","Good Instincts","Seek","Capacitor","Echo Form","Omamori","White Noise","War Paint","Conserve Battery","Lee\u0027s Waffle"],"campfire_rested":0,"item_purchase_floors":[3,3,3,3,13,13,20,38,38,45,45,45],"current_hp_per_floor":[62,62,62,65,72,72,49,49,49,49,59,58,58,51,51,24,62,67,62,62,62,62,72,43,56,56,56,75,68,75,75,75,61,72,75,63,63,63,69,69,75,75,75,75,82,82,82,75,75,67,78,78,78,75,44],"gold":120,"neow_bonus":"BOSS_RELIC","is_daily":false,"chose_seed":false,"campfire_upgraded":9,"win_rate":0.0,"timestamp":1612216614,"path_taken":["M","?","$","M","?","R","E","R","T","R","M","E","?","?","R","BOSS","M","?","$","?","?","M","E","M","T","R","E","?","?","M","R","BOSS","M","M","?","$","M","R","E","R","T","?","$","?","M","M","R","BOSS","R","$","E","BOSS"],"items_purchased_type":["Card","Card","Card","Card","Card","Card","Card","Relic","Card","Relic","Card","Relic"],"build_version":"2020-12-22","purchased_purges":2,"victory":true,"max_hp_per_floor":[75,75,75,75,75,75,75,75,75,75,75,75,75,75,75,75,75,75,75,75,75,75,75,75,75,75,75,75,75,75,75,75,75,75,75,75,75,75,75,75,75,75,75,75,82,82,82,82,82,82,82,82,82,82,82],"relic_stats":{"Lee\u0027s Waffle":7,"counters":[26,173],"Pen Nib":[20],"PreservedInsect":204,"Bag of Preparation":[40],"Orichalcum":[66],"War Paint":["White Noise","Good Instincts"],"Boot":[111],"MawBank":48,"Busted Crown":16,"Pantograph":7,"obtain_stats":[{"Lee\u0027s Waffle":45,"Vajra":24,"Thread and Needle":46,"Pen Nib":9,"PreservedInsect":14,"Bag of Preparation":12,"Omamori":38,"Orichalcum":26,"War Paint":45,"Boot":7,"MawBank":41,"Old Coin":0,"Nuclear Battery":17,"Calling Bell":0,"HornCleat":28,"Busted Crown":34,"Pantograph":54,"Red Mask":19,"Cracked Core":0,"Symbiotic Virus":0,"Toy Ornithopter":0},{"Lee\u0027s Waffle":20,"Vajra":11,"Thread and Needle":21,"Pen Nib":4,"PreservedInsect":6,"Bag of Preparation":6,"Omamori":18,"Orichalcum":12,"War Paint":20,"Boot":4,"MawBank":20,"Old Coin":0,"Nuclear Battery":7,"Calling Bell":0,"HornCleat":13,"Busted Crown":16,"Pantograph":25,"Red Mask":9,"Cracked Core":0,"Symbiotic Virus":0,"Toy Ornithopter":0},{"Lee\u0027s Waffle":124,"Vajra":59,"Thread and Needle":131,"Pen Nib":16,"PreservedInsect":25,"Bag of Preparation":25,"Omamori":109,"Orichalcum":66,"War Paint":124,"Boot":16,"MawBank":124,"Old Coin":0,"Nuclear Battery":36,"Calling Bell":0,"HornCleat":73,"Busted Crown":97,"Pantograph":161,"Red Mask":47,"Cracked Core":0,"Symbiotic Virus":0,"Toy Ornithopter":0}],"Toy Ornithopter":16},"card_choices":[{"not_picked":["Rebound","Leap"],"picked":"Steam","floor":1},{"not_picked":["Reprogram","Blizzard","Thunder Strike"],"picked":"SKIP","floor":4},{"not_picked":["Sweeping Beam","Rebound"],"picked":"Coolheaded","floor":5},{"not_picked":["Gash","Rebound"],"picked":"All For One","floor":7},{"not_picked":["Cold Snap","Aggregate"],"picked":"Glacier","floor":11},{"not_picked":["Sweeping Beam","Leap"],"picked":"Streamline","floor":12},{"not_picked":["Hyperbeam","Fission"],"picked":"Creative AI","floor":16},{"not_picked":["Turbo+1","Blizzard+1"],"picked":"Steam+1","floor":18},{"not_picked":["Steam","Doom and Gloom"],"picked":"Barrage","floor":19},{"not_picked":["Cold Snap","Meteor Strike"],"picked":"Conserve Battery","floor":23},{"not_picked":["Streamline","Loop"],"picked":"Ball Lightning+1","floor":24},{"not_picked":["Compile Driver","Leap+1","Steam+1"],"picked":"SKIP","floor":25},{"not_picked":["Blizzard","Doom and Gloom"],"picked":"Seek","floor":28},{"not_picked":["Static Discharge+1","Turbo+1"],"picked":"Defragment","floor":30},{"not_picked":["Barrage","Darkness+1","Rebound"],"picked":"SKIP","floor":31},{"not_picked":["Seek","Meteor Strike"],"picked":"Biased Cognition","floor":33},{"not_picked":["Redo+1"],"picked":"SKIP","floor":35},{"not_picked":["Fusion+1"],"picked":"SKIP","floor":36},{"not_picked":["Sweeping Beam+1"],"picked":"SKIP","floor":39},{"not_picked":["Steam"],"picked":"SKIP","floor":41},{"not_picked":[],"picked":"Heatsinks+1","floor":46},{"not_picked":["Leap+1"],"picked":"SKIP","floor":47},{"not_picked":["Hologram"],"picked":"SKIP","floor":48},{"not_picked":[],"picked":"Defragment","floor":54}],"player_experience":250502,"relics_obtained":[{"floor":0,"key":"Old Coin"},{"floor":0,"key":"Symbiotic Virus"},{"floor":0,"key":"Toy Ornithopter"},{"floor":7,"key":"Boot"},{"floor":9,"key":"Pen Nib"},{"floor":12,"key":"Bag of Preparation"},{"floor":19,"key":"Red Mask"},{"floor":24,"key":"Vajra"},{"floor":26,"key":"Orichalcum"},{"floor":28,"key":"HornCleat"},{"floor":41,"key":"MawBank"},{"floor":46,"key":"Thread and Needle"},{"floor":54,"key":"Pantograph"}],"event_choices":[{"damage_healed":0,"gold_gain":0,"player_choice":"Forge","damage_taken":0,"max_hp_gain":0,"max_hp_loss":0,"event_name":"Accursed Blacksmith","floor":2,"gold_loss":0,"cards_upgraded":["Zap"]},{"damage_healed":0,"gold_gain":0,"player_choice":"Success","damage_taken":7,"relics_obtained":["PreservedInsect"],"max_hp_gain":0,"max_hp_loss":0,"event_name":"Scrap Ooze","floor":14,"gold_loss":0},{"damage_healed":0,"gold_gain":0,"player_choice":"Fought Bandits","damage_taken":0,"max_hp_gain":0,"max_hp_loss":0,"event_name":"Masked Bandits","floor":19,"gold_loss":0},{"damage_healed":0,"gold_gain":0,"player_choice":"Simplicity","damage_taken":0,"max_hp_gain":0,"max_hp_loss":0,"event_name":"Back to Basics","floor":21,"gold_loss":0,"cards_upgraded":["Strike_B","Strike_B","Strike_B","Defend_B","Defend_B","Defend_B","Defend_B"]},{"damage_healed":0,"gold_gain":75,"player_choice":"Touch","damage_taken":7,"max_hp_gain":0,"max_hp_loss":0,"event_name":"FaceTrader","floor":29,"gold_loss":0},{"damage_healed":0,"gold_gain":222,"player_choice":"Wore Mask","damage_taken":0,"max_hp_gain":0,"max_hp_loss":0,"event_name":"Tomb of Lord Red Mask","floor":37,"gold_loss":0},{"cards_removed":["Strike_B"],"damage_healed":0,"gold_gain":0,"player_choice":"Removed Attack","damage_taken":0,"max_hp_gain":0,"max_hp_loss":0,"event_name":"Falling","floor":44,"gold_loss":0},{"damage_healed":0,"gold_gain":0,"player_choice":"Fight","damage_taken":0,"max_hp_gain":0,"max_hp_loss":0,"event_name":"MindBloom","floor":46,"gold_loss":0}],"is_beta":false,"boss_relics":[{"not_picked":["Tiny House","Ectoplasm"],"picked":"Nuclear Battery"},{"not_picked":["Snecko Eye","Black Star"],"picked":"Busted Crown"}],"items_purged_floors":[13,45],"is_endless":false,"potions_floor_spawned":[4,5,16,23,25,33,39,41,48],"ascension_level":7}}