{"host":"Vegetablebread","time":1612214544,"event":{"mods":["BaseMod","Bestiary","Minty Spire (QoL Compilation)","Relic Stats","Slay the Relics Exporter"],"gold_per_floor":[111,128,141,159,179,508,548,591,591,591,620,467,504,504,504,590,590,602,378,396,416,431,431,472,472,472,516,542,570,594,610,610,698,698,720,720,738,762,613,652,669,709,709,172,207,235,253,286,286,286,286,286,286,68,109,109],"floor_reached":57,"language":"ENG","playtime":17924,"items_purged":["Defend_P","Defend_P","Defend_P","Defend_P","Strike_P"],"score":3854,"play_id":"fb309031-530e-4246-97f1-e0654b15dc1f","local_time":"20210201132224","is_ascension_mode":true,"campfire_choices":[{"floor":10,"key":"REST"},{"data":"TalkToTheHand","floor":15,"key":"SMITH"},{"floor":23,"key":"REST"},{"data":"TalkToTheHand","floor":25,"key":"SMITH"},{"data":"EmptyMind","floor":32,"key":"SMITH"},{"floor":49,"key":"RECALL"},{"floor":53,"key":"REST"}],"circlet_count":0,"master_deck":["AscendersBane","Strike_P+1","Strike_P+1","Strike_P+1","Eruption+1","Vigilance+1","FlurryOfBlows+1","EmptyFist+1","WheelKick+1","FlurryOfBlows+1","Crescendo+1","SandsOfTime+1","MentalFortress+1","Vengeance+1","MentalFortress+1","TalkToTheHand+1","LessonLearned+1","ClearTheMind","EmptyMind+1","TalkToTheHand+1","Evaluate+1","WaveOfTheHand+1","FlurryOfBlows+1","FearNoEvil+1","Scrawl","EmptyMind+1","Master of Strategy+1","Dark Shackles+1","Meditate","Panacea+1","Halt+1","Tantrum+1","Adaptation+1","DeceiveReality"],"relics":["Black Star","WingedGreaves","Old Coin","Juzu Bracelet","CeramicFish","Mango","Regal Pillow","Bottled Lightning","Ornamental Fan","Thread and Needle","Omamori","Smiling Mask","Calling Bell","Strawberry","Pantograph","CaptainsWheel","InkBottle","Pear","Matryoshka","Yang","Toy Ornithopter","Mercury Hourglass","Lantern","Fusion Hammer","Centennial Puzzle","Blood Vial","Potion Belt","The Courier","Mummified Hand","Medical Kit","Happy Flower","Anchor","Pen Nib","Bird Faced Urn","CloakClasp","PreservedInsect","Bottled Flame","HornCleat","TeardropLocket","Nunchaku","Art of War"],"acts_visited":["Exordium","TheCity","TheBeyond","TheEnding"],"potions_floor_usage":[5,6,11,16,20,21,21,27,28,33,40,42,51,51],"damage_taken":[{"damage":0,"enemies":"Cultist","floor":1,"turns":4},{"damage":2,"enemies":"Jaw Worm","floor":2,"turns":3},{"damage":1,"enemies":"Small Slimes","floor":3,"turns":3},{"damage":0,"enemies":"2 Fungi Beasts","floor":4,"turns":3},{"damage":2,"enemies":"Blue Slaver","floor":5,"turns":4},{"damage":0,"enemies":"Lagavulin","floor":6,"turns":4},{"damage":32,"enemies":"3 Sentries","floor":7,"turns":6},{"damage":0,"enemies":"Gremlin Nob","floor":8,"turns":2},{"damage":3,"enemies":"Lagavulin","floor":11,"turns":6},{"damage":11,"enemies":"3 Sentries","floor":13,"turns":5},{"damage":0,"enemies":"Hexaghost","floor":16,"turns":9},{"damage":5,"enemies":"Spheric Guardian","floor":18,"turns":7},{"damage":16,"enemies":"3 Byrds","floor":20,"turns":4},{"damage":15,"enemies":"Snake Plant","floor":21,"turns":2},{"damage":9,"enemies":"Sentry and Sphere","floor":22,"turns":5},{"damage":0,"enemies":"Gremlin Leader","floor":24,"turns":6},{"damage":9,"enemies":"Slavers","floor":27,"turns":5},{"damage":7,"enemies":"Shelled Parasite and Fungi","floor":28,"turns":3},{"damage":1,"enemies":"Gremlin Leader","floor":29,"turns":6},{"damage":0,"enemies":"Chosen and Byrds","floor":30,"turns":4},{"damage":14,"enemies":"Snecko","floor":31,"turns":5},{"damage":0,"enemies":"Collector","floor":33,"turns":8},{"damage":0,"enemies":"Orb Walker","floor":35,"turns":2},{"damage":0,"enemies":"3 Darklings","floor":38,"turns":4},{"damage":0,"enemies":"Giant Head","floor":40,"turns":5},{"damage":0,"enemies":"Jaw Worm Horde","floor":41,"turns":3},{"damage":22,"enemies":"Nemesis","floor":42,"turns":3},{"damage":11,"enemies":"Giant Head","floor":45,"turns":7},{"damage":0,"enemies":"Nemesis","floor":46,"turns":5},{"damage":0,"enemies":"Spire Growth","floor":47,"turns":4},{"damage":0,"enemies":"Giant Head","floor":48,"turns":3},{"damage":0,"enemies":"Donu and Deca","floor":50,"turns":5},{"damage":3,"enemies":"Time Eater","floor":51,"turns":8},{"damage":0,"enemies":"Shield and Spear","floor":55,"turns":5},{"damage":0,"enemies":"The Heart","floor":56,"turns":7}],"seed_played":"5411421819902927008","potions_obtained":[{"floor":1,"key":"Block Potion"},{"floor":2,"key":"Dexterity Potion"},{"floor":4,"key":"Weak Potion"},{"floor":5,"key":"StancePotion"},{"floor":11,"key":"BlessingOfTheForge"},{"floor":16,"key":"Strength Potion"},{"floor":20,"key":"Energy Potion"},{"floor":22,"key":"ColorlessPotion"},{"floor":27,"key":"Energy Potion"},{"floor":30,"key":"Strength Potion"},{"floor":31,"key":"PowerPotion"},{"floor":35,"key":"Strength Potion"},{"floor":40,"key":"Strength Potion"},{"floor":45,"key":"BlessingOfTheForge"},{"floor":46,"key":"BottledMiracle"},{"floor":47,"key":"PowerPotion"},{"floor":55,"key":"SkillPotion"}],"is_trial":false,"path_per_floor":["M","M","M","M","M","E","E","E","T","R","E","$","E","?","R","B",null,"M","$","M","M","M","R","E","R","T","E","M","E","M","M","R","B",null,"M","?","?","M","$","E","M","E","T","$","E","E","M","E","R","B","B",null,"R","$","E","B",null],"character_chosen":"WATCHER","items_purchased":["MentalFortress","ClearTheMind","EmptyMind","Block Potion","Panacea","Medical Kit","Happy Flower","Anchor","Pen Nib","Weak Potion","FairyPotion","ColorlessPotion"],"campfire_rested":3,"item_purchase_floors":[12,19,19,19,39,44,44,44,44,54,54,54],"current_hp_per_floor":[61,59,58,58,56,56,24,38,38,77,74,74,63,38,38,38,78,73,73,57,42,33,74,84,84,84,75,73,72,72,58,58,88,96,96,96,86,86,86,91,93,77,77,77,68,76,82,90,90,99,99,99,99,99,99,99],"gold":109,"neow_bonus":"BOSS_RELIC","is_daily":false,"chose_seed":false,"campfire_upgraded":3,"win_rate":0.0,"timestamp":1612214544,"path_taken":["M","M","?","M","M","E","E","E","T","R","E","?","E","?","R","BOSS","M","$","M","M","M","R","E","R","T","E","M","E","M","M","R","BOSS","M","?","?","M","$","E","M","E","T","$","E","E","M","E","R","BOSS","BOSS","R","$","E","BOSS"],"items_purchased_type":["Card","Card","Card","Potion","Card","Relic","Relic","Relic","Relic","Potion","Potion","Potion"],"build_version":"2020-12-18","purchased_purges":5,"victory":true,"max_hp_per_floor":[68,68,68,68,68,68,68,82,82,82,82,82,82,82,82,82,89,89,89,89,89,89,89,99,99,99,99,99,99,99,99,99,99,99,99,99,99,99,99,99,99,99,99,99,99,99,99,99,99,99,99,99,99,99,99,99],"relic_stats":{"Regal Pillow":30,"Happy Flower":[14],"counters":[35,164],"CeramicFish":198,"Yang":[397],"Pen Nib":[21],"PreservedInsect":207,"Juzu Bracelet":1,"CloakClasp":[160],"Smiling Mask":285,"Medical Kit":[10],"Mercury Hourglass":[262],"Blood Vial":14,"Centennial Puzzle":[9],"Nunchaku":[6],"Ornamental Fan":[508],"Mummified Hand":[32],"Pantograph":32,"Bird Faced Urn":[18],"Black Star":14,"Art of War":[0],"obtain_stats":[{"Regal Pillow":8,"Lantern":29,"CeramicFish":7,"Mango":8,"Yang":27,"Juzu Bracelet":7,"CloakClasp":45,"TeardropLocket":48,"Smiling Mask":13,"Old Coin":6,"Blood Vial":40,"Centennial Puzzle":40,"Nunchaku":55,"Matryoshka":26,"HornCleat":48,"Mummified Hand":43,"Strawberry":17,"Pantograph":17,"WingedGreaves":6,"Fusion Hammer":34,"InkBottle":24,"Potion Belt":42,"Pear":24,"Happy Flower":44,"Thread and Needle":11,"The Courier":42,"Pen Nib":44,"PreservedInsect":46,"Omamori":13,"Medical Kit":44,"Mercury Hourglass":29,"Calling Bell":17,"CaptainsWheel":17,"Anchor":44,"Bottled Flame":46,"Ornamental Fan":11,"Bird Faced Urn":45,"Black Star":0,"Art of War":55,"Bottled Lightning":9,"PureWater":0,"Toy Ornithopter":27},{"Regal Pillow":8,"Lantern":19,"CeramicFish":7,"Mango":8,"Yang":17,"Juzu Bracelet":7,"CloakClasp":28,"TeardropLocket":31,"Smiling Mask":10,"Old Coin":6,"Blood Vial":25,"Centennial Puzzle":25,"Nunchaku":34,"Matryoshka":16,"HornCleat":31,"Mummified Hand":27,"Strawberry":11,"Pantograph":11,"WingedGreaves":6,"Fusion Hammer":22,"InkBottle":16,"Potion Belt":27,"Pear":16,"Happy Flower":27,"Thread and Needle":9,"The Courier":27,"Pen Nib":27,"PreservedInsect":29,"Omamori":10,"Medical Kit":27,"Mercury Hourglass":19,"Calling Bell":11,"CaptainsWheel":11,"Anchor":27,"Bottled Flame":29,"Ornamental Fan":9,"Bird Faced Urn":28,"Black Star":0,"Art of War":34,"Bottled Lightning":8,"PureWater":0,"Toy Ornithopter":17},{"Regal Pillow":29,"Lantern":87,"CeramicFish":27,"Mango":29,"Yang":78,"Juzu Bracelet":27,"CloakClasp":128,"TeardropLocket":139,"Smiling Mask":40,"Old Coin":21,"Blood Vial":115,"Centennial Puzzle":115,"Nunchaku":157,"Matryoshka":73,"HornCleat":139,"Mummified Hand":121,"Strawberry":49,"Pantograph":49,"WingedGreaves":21,"Fusion Hammer":104,"InkBottle":73,"Potion Belt":121,"Pear":73,"Happy Flower":121,"Thread and Needle":35,"The Courier":121,"Pen Nib":121,"PreservedInsect":132,"Omamori":40,"Medical Kit":121,"Mercury Hourglass":87,"Calling Bell":49,"CaptainsWheel":49,"Anchor":121,"Bottled Flame":132,"Ornamental Fan":35,"Bird Faced Urn":128,"Black Star":0,"Art of War":157,"Bottled Lightning":29,"PureWater":0,"Toy Ornithopter":78}],"InkBottle":[61],"Toy Ornithopter":20},"card_choices":[{"not_picked":["ForeignInfluence","Wireheading"],"picked":"FlurryOfBlows","floor":1},{"not_picked":["ClearTheMind","CrushJoints"],"picked":"EmptyFist","floor":2},{"not_picked":["LikeWater","WindmillStrike"],"picked":"WheelKick","floor":3},{"not_picked":["EmptyBody","Evaluate"],"picked":"FlurryOfBlows","floor":4},{"not_picked":["SashWhip","CarveReality"],"picked":"Crescendo","floor":5},{"not_picked":["ClearTheMind","MasterReality"],"picked":"SandsOfTime","floor":6},{"not_picked":["EmptyBody","Prostrate"],"picked":"MentalFortress","floor":7},{"not_picked":["Brilliance","Omniscience"],"picked":"Vengeance","floor":8},{"not_picked":["WreathOfFlame","Worship","Indignation"],"picked":"SKIP","floor":11},{"not_picked":["WreathOfFlame","Worship","Indignation"],"picked":"SKIP","floor":11},{"not_picked":["Study","Protect"],"picked":"TalkToTheHand","floor":13},{"not_picked":["Alpha","ConjureBlade"],"picked":"LessonLearned","floor":16},{"not_picked":["PathToVictory","Collect+1","SashWhip"],"picked":"SKIP","floor":18},{"not_picked":["BowlingBash","SignatureMove","PathToVictory"],"picked":"SKIP","floor":20},{"not_picked":["EmptyBody","SashWhip"],"picked":"TalkToTheHand","floor":21},{"not_picked":["BowlingBash","Protect","Crescendo"],"picked":"SKIP","floor":22},{"not_picked":["Judgement","Consecrate"],"picked":"Evaluate+1","floor":24},{"not_picked":["Protect","CarveReality"],"picked":"WaveOfTheHand","floor":27},{"not_picked":["Collect","Halt"],"picked":"FlurryOfBlows","floor":28},{"not_picked":["CrushJoints+1","Vengeance","ReachHeaven"],"picked":"SKIP","floor":29},{"not_picked":["CrushJoints+1","Vengeance","ReachHeaven"],"picked":"SKIP","floor":29},{"not_picked":["CrushJoints+1","Vengeance","ReachHeaven"],"picked":"SKIP","floor":29},{"not_picked":["Fasting2+1","Prostrate+1"],"picked":"FearNoEvil","floor":30},{"not_picked":["CrushJoints","Crescendo","BattleHymn"],"picked":"SKIP","floor":31},{"not_picked":["Establishment","Brilliance"],"picked":"Scrawl","floor":33},{"not_picked":["Prostrate","Wallop+1"],"picked":"EmptyMind","floor":35},{"not_picked":["Enlightenment","Discovery"],"picked":"Master of Strategy","floor":37},{"not_picked":["Finesse","Dramatic Entrance"],"picked":"Dark Shackles","floor":37},{"not_picked":["Perseverance","Protect+1"],"picked":"Meditate","floor":38},{"not_picked":["Worship+1","CrushJoints+1"],"picked":"Halt+1","floor":40},{"not_picked":["FlyingSleeves","Consecrate","FollowUp"],"picked":"SKIP","floor":41},{"not_picked":["CutThroughFate","WaveOfTheHand+1"],"picked":"Tantrum+1","floor":42},{"not_picked":["Prostrate","Indignation+1"],"picked":"Adaptation","floor":45},{"not_picked":["Crescendo","CrushJoints","Protect"],"picked":"SKIP","floor":46},{"not_picked":["FlurryOfBlows+1","Evaluate","SashWhip+1"],"picked":"SKIP","floor":47},{"not_picked":["ReachHeaven","ThirdEye+1","Halt"],"picked":"SKIP","floor":48},{"not_picked":["Devotion","Blasphemy"],"picked":"DeceiveReality","floor":55}],"player_experience":10391406,"relics_obtained":[{"floor":6,"key":"WingedGreaves"},{"floor":6,"key":"Old Coin"},{"floor":7,"key":"Juzu Bracelet"},{"floor":7,"key":"CeramicFish"},{"floor":8,"key":"Mango"},{"floor":8,"key":"Regal Pillow"},{"floor":9,"key":"Bottled Lightning"},{"floor":11,"key":"Ornamental Fan"},{"floor":11,"key":"Thread and Needle"},{"floor":13,"key":"Omamori"},{"floor":13,"key":"Smiling Mask"},{"floor":17,"key":"Strawberry"},{"floor":17,"key":"Pantograph"},{"floor":17,"key":"CaptainsWheel"},{"floor":24,"key":"InkBottle"},{"floor":24,"key":"Pear"},{"floor":26,"key":"Matryoshka"},{"floor":27,"key":"Yang"},{"floor":27,"key":"Toy Ornithopter"},{"floor":29,"key":"Mercury Hourglass"},{"floor":29,"key":"Lantern"},{"floor":40,"key":"Centennial Puzzle"},{"floor":40,"key":"Blood Vial"},{"floor":42,"key":"Potion Belt"},{"floor":42,"key":"The Courier"},{"floor":43,"key":"Mummified Hand"},{"floor":45,"key":"Bird Faced Urn"},{"floor":45,"key":"CloakClasp"},{"floor":46,"key":"PreservedInsect"},{"floor":46,"key":"Bottled Flame"},{"floor":48,"key":"HornCleat"},{"floor":48,"key":"TeardropLocket"},{"floor":55,"key":"Nunchaku"},{"floor":55,"key":"Art of War"}],"event_choices":[{"damage_healed":0,"gold_gain":0,"player_choice":"Entered Light","damage_taken":25,"max_hp_gain":0,"max_hp_loss":0,"event_name":"Shining Light","floor":14,"gold_loss":0,"cards_upgraded":["Crescendo","MentalFortress"]},{"damage_healed":0,"gold_gain":0,"player_choice":"Ignored","damage_taken":0,"max_hp_gain":0,"max_hp_loss":0,"event_name":"Tomb of Lord Red Mask","floor":36,"gold_loss":0},{"damage_healed":0,"gold_gain":0,"player_choice":"Memory 3","damage_taken":10,"max_hp_gain":0,"max_hp_loss":0,"event_name":"SensoryStone","floor":37,"gold_loss":0}],"is_beta":true,"boss_relics":[{"not_picked":["Ectoplasm","Snecko Eye"],"picked":"Calling Bell"},{"not_picked":["SacredBark","Velvet Choker"],"picked":"Fusion Hammer"}],"items_purged_floors":[12,19,39,44,54],"is_endless":false,"potions_floor_spawned":[1,2,4,5,11,16,20,22,27,30,31,35,40,45,46,47,55],"ascension_level":20}}