{"host":"15f3wpiimhe5yrng","time":1612199546,"event":{"mods":["BaseMod","Better Altar","Better Match","Better Note","Better Sensory Stone","Better Skull","Better Third Choice","Colored Map","Downfall","GifTheSpireLib","Good Game Mod","Minty Spire (QoL Compilation)","Permanent Neow","StSLib","The Disciple","The Mystic"],"gold_per_floor":[111,111,61,61,77,112,122,156,156,156,167,167,184,219,219,316,316,328,341,18,18,38,38,38],"floor_reached":23,"language":"ENG","playtime":1655,"items_purged":["mysticmod:Strike_Mystic"],"score":211,"play_id":"02fb54f4-9183-4bf9-9481-be2f67ad12e8","local_time":"20210201181226","is_ascension_mode":false,"campfire_choices":[{"data":"mysticmod:PureInstinct","floor":15,"key":"SMITH"}],"circlet_count":0,"master_deck":["mysticmod:Defend_Mystic","mysticmod:Defend_Mystic","mysticmod:Defend_Mystic","mysticmod:Defend_Mystic","mysticmod:ArcaneDodge","mysticmod:ShockingGrasp","Corruption+1","mysticmod:StyleChange","mysticmod:LightningBolt","mysticmod:LightningBolt","mysticmod:TomeOfSpells","mysticmod:StyleChange","mysticmod:PureInstinct+1","mysticmod:Probe","mysticmod:Daze","mysticmod:Momentum","mysticmod:BladeMaster","mysticmod:Alacrity+1","mysticmod:TomeOfSpells","mysticmod:Snowball","mysticmod:PowerSlash","mysticmod:EnergizedRift"],"relics":["mysticmod:SpellBook","REME:ComplimentaryCards","Smiling Mask","Blue Candle","Toy Ornithopter","Meat on the Bone","Regal Pillow","Bronze Scales","mysticmod:DeckOfManyThings","Strawberry"],"acts_visited":["Exordium","TheCity"],"potions_floor_usage":[14,16,16,16],"damage_taken":[{"damage":1,"enemies":"Jaw Worm","floor":1,"turns":3},{"damage":0,"enemies":"Small Slimes","floor":5,"turns":5},{"damage":13,"enemies":"Gremlin Nob","floor":6,"turns":4},{"damage":0,"enemies":"Cultist","floor":7,"turns":3},{"damage":7,"enemies":"Lagavulin","floor":8,"turns":6},{"damage":0,"enemies":"Blue Slaver","floor":11,"turns":3},{"damage":0,"enemies":"Lots of Slimes","floor":13,"turns":1},{"damage":4,"enemies":"3 Sentries","floor":14,"turns":6},{"damage":69,"enemies":"The Guardian","floor":16,"turns":8},{"damage":6,"enemies":"Chosen","floor":18,"turns":5},{"damage":5,"enemies":"Shell Parasite","floor":19,"turns":4},{"damage":26,"enemies":"Snake Plant","floor":22,"turns":4},{"damage":53,"enemies":"Slavers","floor":23,"turns":3}],"seed_played":"-368081139798566240","potions_obtained":[{"floor":1,"key":"BlessingOfTheForge"},{"floor":5,"key":"Guardian:BlockOnCardUsePotion"},{"floor":7,"key":"AttackPotion"},{"floor":14,"key":"Fruit Juice"},{"floor":18,"key":"Strength Potion"}],"is_trial":false,"path_per_floor":["M","?","?","?","M","E","M","E","T","?","M","?","M","E","R","B",null,"M","M","$","?","M","E"],"character_chosen":"MYSTIC_CLASS","items_purchased":["mysticmod:TomeOfSpells","mysticmod:Snowball","Strawberry","mysticmod:PowerSlash"],"campfire_rested":0,"item_purchase_floors":[20,20,20,20],"current_hp_per_floor":[76,64,64,57,57,44,44,37,37,37,49,49,49,50,50,13,82,76,71,78,78,52,0,0],"gold":38,"neow_bonus":"REMOVE_CARD","is_daily":false,"chose_seed":false,"campfire_upgraded":1,"win_rate":0.0,"timestamp":1612199546,"path_taken":["M","?","?","?","M","E","M","E","T","?","M","?","?","E","R","BOSS","M","M","?","?","M","E"],"items_purchased_type":["Card","Card","Relic","Card"],"build_version":"2020-12-22","purchased_purges":1,"victory":false,"max_hp_per_floor":[77,77,77,77,77,77,77,77,77,77,77,77,77,77,77,82,82,82,82,89,89,89,89,89],"card_choices":[{"not_picked":["mysticmod:Grapple","mysticmod:HeavyStrike"],"picked":"mysticmod:StyleChange","floor":1},{"not_picked":["mysticmod:Sideswipe","mysticmod:BulkUp"],"picked":"mysticmod:LightningBolt","floor":5},{"not_picked":["mysticmod:Daze","mysticmod:Grapple"],"picked":"mysticmod:LightningBolt","floor":6},{"not_picked":["mysticmod:HeavyStrike","mysticmod:Fly"],"picked":"mysticmod:TomeOfSpells","floor":7},{"not_picked":["mysticmod:RapidCaster","mysticmod:Flurry"],"picked":"mysticmod:StyleChange","floor":8},{"not_picked":["mysticmod:SuddenClarity","mysticmod:Fly"],"picked":"mysticmod:PureInstinct","floor":11},{"not_picked":["mysticmod:Momentum","mysticmod:DiviningBlow"],"picked":"mysticmod:Probe","floor":13},{"not_picked":["mysticmod:BulkUp","mysticmod:Snowball"],"picked":"mysticmod:Daze","floor":14},{"not_picked":["mysticmod:SpellRecall","mysticmod:MysticalShield"],"picked":"mysticmod:Momentum","floor":16},{"not_picked":["mysticmod:PowerSlash+1","mysticmod:EnergizedRift"],"picked":"mysticmod:BladeMaster","floor":18},{"not_picked":["mysticmod:PowerSlash","mysticmod:Stoneskin"],"picked":"mysticmod:Alacrity+1","floor":19},{"not_picked":["mysticmod:ChargedParry","mysticmod:ComponentsPouch"],"picked":"mysticmod:EnergizedRift","floor":22}],"player_experience":111973,"relics_obtained":[{"floor":6,"key":"Blue Candle"},{"floor":8,"key":"Toy Ornithopter"},{"floor":9,"key":"Meat on the Bone"},{"floor":14,"key":"Bronze Scales"}],"event_choices":[{"damage_healed":0,"gold_gain":0,"player_choice":"Relic ","damage_taken":12,"max_hp_gain":0,"max_hp_loss":0,"event_name":"betterThird:BetterScrap","floor":2,"gold_loss":0,"cards_obtained":["Heatsinks"]},{"cards_removed":["mysticmod:Strike_Mystic"],"damage_healed":0,"gold_gain":0,"player_choice":"Card Removal","damage_taken":0,"max_hp_gain":0,"max_hp_loss":0,"event_name":"The Cleric","floor":3,"gold_loss":50},{"cards_removed":["mysticmod:Strike_Mystic"],"damage_healed":0,"gold_gain":0,"player_choice":"Card Removal","damage_taken":7,"max_hp_gain":0,"max_hp_loss":0,"event_name":"Golden Wing","floor":4,"gold_loss":0},{"damage_healed":0,"gold_gain":0,"player_choice":"Searched \u00272\u0027 times","damage_taken":0,"relics_obtained":["Regal Pillow"],"max_hp_gain":0,"max_hp_loss":0,"event_name":"Dead Adventurer","floor":10,"gold_loss":0},{"damage_healed":0,"gold_gain":0,"player_choice":"Grow","damage_taken":0,"max_hp_gain":0,"max_hp_loss":0,"event_name":"Living Wall","floor":12,"gold_loss":0,"cards_upgraded":["Corruption"]},{"damage_healed":0,"gold_gain":0,"player_choice":"Ignored","damage_taken":0,"max_hp_gain":0,"max_hp_loss":0,"event_name":"betterNote:BetterNote","floor":21,"gold_loss":0,"cards_obtained":["champ:HeavySlash"]}],"is_beta":false,"boss_relics":[{"not_picked":["mysticmod:BlessedBook","Tiny House"],"picked":"mysticmod:DeckOfManyThings"}],"items_purged_floors":[20],"is_endless":false,"potions_floor_spawned":[1,5,7,13,14,18],"killed_by":"Slavers","ascension_level":0}}