{"host":"ml2ro5l6hu6y0pll","time":1612210382,"event":{"mods":["AchievementEnabler","BaseMod","Colored Map","Colored Powertips","Custom Start","Googly Eyes","Minty Spire (QoL Compilation)","Quick Restart","Rare Cards Sparkle","Relic Stats","Reliquary","StSLib","everything is the same but u backflip on backflip"],"gold_per_floor":[112,112,124,134,209,241,258,285,361,379,379,396,428,444,444,519,519,532,532,230,280,129,129,157,71,71,71,97,97,97,110,110,187,187,199,199,36,46,96,131,142,159,159,121,11,26,26,26,26,26,26,26,26,26,53,53],"floor_reached":57,"language":"ENG","playtime":2112,"items_purged":["Strike_P+1"],"score":3026,"play_id":"896b2a23-8b3d-4d42-a740-0fe4023b7a0b","local_time":"20210201201302","is_ascension_mode":true,"campfire_choices":[{"data":"1","floor":11.0,"key":"LIFT"},{"data":"2","floor":15,"key":"LIFT"},{"data":"3","floor":23,"key":"LIFT"},{"data":"TalkToTheHand","floor":27,"key":"SMITH"},{"data":"TalkToTheHand","floor":29,"key":"SMITH"},{"data":"Fasting2","floor":32,"key":"SMITH"},{"floor":47,"key":"RECALL"},{"data":"TalkToTheHand","floor":49,"key":"SMITH"},{"data":"TalkToTheHand","floor":53,"key":"SMITH"}],"circlet_count":0,"master_deck":["Omniscience+1","Fasting2","Defend_P+1","Defend_P+1","Defend_P+1","Vigilance","FearNoEvil","Wallop","TalkToTheHand+1","TalkToTheHand","TalkToTheHand+1","Tantrum","CutThroughFate","Eruption","Strike_P+1","Strike_P+1","FollowUp","TalkToTheHand+1","Weave","Nirvana","TalkToTheHand+1","ThirdEye","Wireheading","Omniscience","Fasting2+1","Finesse","MentalFortress","Tantrum","Vault","DevaForm","Wallop+1","MentalFortress+1","Omniscience"],"relics":["PureWater","reliquary:BoilingFlask","Membership Card","Mummified Hand","OrangePellets","Potion Belt","Girya","MealTicket","Mango","Bag of Marbles","Bottled Lightning","Vajra","reliquary:WritOfMandamus","Pear","reliquary:RoseTintedGlasses","Happy Flower","HornCleat","Orrery","TeardropLocket","reliquary:HotPoker","reliquary:KinkedSpring","Incense Burner","reliquary:MudwinsCradle"],"acts_visited":["Exordium","TheCity","TheBeyond","TheEnding"],"potions_floor_usage":[56],"damage_taken":[{"damage":2.0,"enemies":"2 Louse","floor":1.0,"turns":3.0},{"damage":0.0,"enemies":"Cultist","floor":3.0,"turns":2.0},{"damage":2.0,"enemies":"Jaw Worm","floor":4.0,"turns":3.0},{"damage":10.0,"enemies":"3 Sentries","floor":6.0,"turns":5.0},{"damage":7.0,"enemies":"Large Slime","floor":7.0,"turns":4.0},{"damage":0.0,"enemies":"Gremlin Nob","floor":8.0,"turns":3.0},{"damage":2.0,"enemies":"Blue Slaver","floor":10.0,"turns":2.0},{"damage":7.0,"enemies":"Exordium Thugs","floor":12.0,"turns":4.0},{"damage":10.0,"enemies":"3 Sentries","floor":13.0,"turns":4.0},{"damage":0,"enemies":"Looter","floor":14,"turns":2},{"damage":13,"enemies":"The Guardian","floor":16,"turns":3},{"damage":0,"enemies":"Chosen","floor":18,"turns":1},{"damage":0,"enemies":"Book of Stabbing","floor":24,"turns":2},{"damage":15,"enemies":"Slavers","floor":28,"turns":4},{"damage":0,"enemies":"Spheric Guardian","floor":31,"turns":1},{"damage":0,"enemies":"Champ","floor":33,"turns":4},{"damage":0,"enemies":"3 Darklings","floor":35,"turns":3},{"damage":11,"enemies":"Orb Walker","floor":38,"turns":2},{"damage":0,"enemies":"Giant Head","floor":40,"turns":3},{"damage":0,"enemies":"Writhing Mass","floor":41,"turns":3},{"damage":5,"enemies":"Maw","floor":42,"turns":3},{"damage":0,"enemies":"4 Shapes","floor":46,"turns":5},{"damage":0,"enemies":"Awakened One","floor":50,"turns":5},{"damage":33,"enemies":"Time Eater","floor":51,"turns":5},{"damage":12,"enemies":"Shield and Spear","floor":55,"turns":14},{"damage":20,"enemies":"The Heart","floor":56,"turns":6}],"seed_played":"-5068711458712487461","potions_obtained":[{"floor":1.0,"key":"StancePotion"},{"floor":3.0,"key":"DuplicationPotion"},{"floor":7.0,"key":"SneckoOil"},{"floor":12.0,"key":"FearPotion"},{"floor":13.0,"key":"Ambrosia"},{"floor":28,"key":"BottledMiracle"},{"floor":46,"key":"SteroidPotion"}],"is_trial":true,"path_per_floor":["M","?","M","M","?","E","M","E","T","M","R","M","E","M","R","B",null,"M","?","$","?","$","R","E","$","T","R","E","R","?","M","R","B",null,"M","?","$","M","?","E","M","M","T","$","?","M","R","$","R","B","B",null,"R","$","E","B",null],"character_chosen":"WATCHER","items_purchased":["Fasting2","Pear","reliquary:RoseTintedGlasses","Finesse","Happy Flower","MentalFortress","Tantrum","Orrery","Incense Burner"],"campfire_rested":0,"item_purchase_floors":[20,20,20,20,22,22,22,25,37],"current_hp_per_floor":[59,59,59,57,46,50,43,43,43,41,41,34,24,24,24,11,64,64,64,89,89,92,92,92,92,92,92,77,77,77,77,77,77,88,88,88,92,81,81,81,81,76,76,91,91,91,91,92,92,92,59,84,84,92,80,60],"gold":53,"neow_bonus":"","is_daily":false,"chose_seed":false,"campfire_upgraded":5,"win_rate":0.0,"timestamp":1612210382,"path_taken":["M","?","M","?","?","E","M","E","T","M","R","M","E","M","R","BOSS","M","?","$","?","$","R","E","$","T","R","E","R","?","M","R","BOSS","M","?","?","M","?","E","M","?","T","$","?","M","R","$","R","BOSS","BOSS","R","$","E","BOSS"],"items_purchased_type":["Card","Relic","Relic","Card","Relic","Card","Card","Relic","Relic"],"build_version":"2020-12-22","purchased_purges":1,"victory":true,"max_hp_per_floor":[68,68,68,68,68,82,82,82,82,82,82,82,82,82,82,82,82,82,82,92,92,92,92,92,92,92,92,92,92,92,92,92,92,92,92,92,92,92,92,92,92,92,92,92,92,92,92,92,92,92,92,92,92,92,92,92],"relic_stats":{"OrangePellets":[29],"Happy Flower":[20],"counters":[26,96],"Mummified Hand":[137],"MealTicket":46,"obtain_stats":[{"Potion Belt":0,"Girya":0,"Pear":20,"Happy Flower":22,"reliquary:BoilingFlask":0,"Vajra":13,"Mango":6,"Incense Burner":37,"TeardropLocket":26,"reliquary:KinkedSpring":34,"OrangePellets":0,"reliquary:HotPoker":28,"HornCleat":24,"Mummified Hand":0,"Orrery":25,"MealTicket":2,"reliquary:RoseTintedGlasses":20,"Bag of Marbles":8,"Membership Card":0,"Bottled Lightning":9,"PureWater":0,"reliquary:WritOfMandamus":17,"reliquary:MudwinsCradle":55},{"Potion Belt":0,"Girya":0,"Pear":12,"Happy Flower":12,"reliquary:BoilingFlask":0,"Vajra":9,"Mango":4,"Incense Burner":17,"TeardropLocket":13,"reliquary:KinkedSpring":16,"OrangePellets":0,"reliquary:HotPoker":14,"HornCleat":13,"Mummified Hand":0,"Orrery":13,"MealTicket":1,"reliquary:RoseTintedGlasses":12,"Bag of Marbles":6,"Membership Card":0,"Bottled Lightning":6,"PureWater":0,"reliquary:WritOfMandamus":11,"reliquary:MudwinsCradle":25},{"Potion Belt":0,"Girya":0,"Pear":36,"Happy Flower":36,"reliquary:BoilingFlask":0,"Vajra":30,"Mango":13,"Incense Burner":50,"TeardropLocket":38,"reliquary:KinkedSpring":47,"OrangePellets":0,"reliquary:HotPoker":42,"HornCleat":38,"Mummified Hand":0,"Orrery":38,"MealTicket":3,"reliquary:RoseTintedGlasses":36,"Bag of Marbles":20,"Membership Card":0,"Bottled Lightning":20,"PureWater":0,"reliquary:WritOfMandamus":35,"reliquary:MudwinsCradle":90}]},"card_choices":[{"not_picked":["Indignation","ThirdEye"],"picked":"FollowUp","floor":1.0},{"not_picked":["Prostrate","FlurryOfBlows"],"picked":"TalkToTheHand","floor":3.0},{"not_picked":["CarveReality","SignatureMove","FlyingSleeves"],"picked":"SKIP","floor":4.0},{"not_picked":["ForeignInfluence","ThirdEye"],"picked":"Weave","floor":6.0},{"not_picked":["JustLucky","WheelKick"],"picked":"Nirvana","floor":7.0},{"not_picked":["FlurryOfBlows","JustLucky","Vengeance"],"picked":"SKIP","floor":8.0},{"not_picked":["FlyingSleeves","Prostrate","CutThroughFate"],"picked":"SKIP","floor":10.0},{"not_picked":["CutThroughFate","CrushJoints"],"picked":"TalkToTheHand","floor":12.0},{"not_picked":["Vengeance","Conclude"],"picked":"ThirdEye","floor":13.0},{"not_picked":["Evaluate","BowlingBash"],"picked":"Wireheading","floor":14},{"not_picked":["Judgement","Wish"],"picked":"Omniscience","floor":16},{"not_picked":["Protect","Halt","Consecrate"],"picked":"SKIP","floor":18},{"not_picked":["LikeWater","Swivel","Sanctity"],"picked":"SKIP","floor":24},{"not_picked":["Halt","CrushJoints"],"picked":"Vault","floor":28},{"not_picked":["PathToVictory","FollowUp","Study"],"picked":"SKIP","floor":31},{"not_picked":["MasterReality","Omniscience"],"picked":"DevaForm","floor":33},{"not_picked":["WreathOfFlame","EmptyFist","SashWhip"],"picked":"SKIP","floor":35},{"not_picked":["Consecrate","FearNoEvil"],"picked":"Wallop+1","floor":38},{"not_picked":["MasterReality","ClearTheMind","Weave"],"picked":"SKIP","floor":40},{"not_picked":["CarveReality","CrushJoints","Prostrate+1"],"picked":"SKIP","floor":41},{"not_picked":["Crescendo","ThirdEye"],"picked":"MentalFortress+1","floor":42},{"not_picked":["CutThroughFate","FollowUp"],"picked":"Omniscience","floor":46},{"not_picked":["BowlingBash+1","FlyingSleeves","EmptyBody"],"picked":"SKIP","floor":55}],"player_experience":893868,"relics_obtained":[{"floor":2.0,"key":"MealTicket"},{"floor":6.0,"key":"Mango"},{"floor":8.0,"key":"Bag of Marbles"},{"floor":9.0,"key":"Bottled Lightning"},{"floor":13.0,"key":"Vajra"},{"floor":24,"key":"HornCleat"},{"floor":26,"key":"TeardropLocket"},{"floor":28,"key":"reliquary:HotPoker"},{"floor":55,"key":"reliquary:MudwinsCradle"}],"event_choices":[{"damage_healed":0.0,"max_hp_gain":0.0,"max_hp_loss":0.0,"gold_gain":0.0,"event_name":"Wheel of Change","player_choice":"Relic","floor":2.0,"gold_loss":0.0,"damage_taken":0.0},{"damage_healed":0.0,"max_hp_gain":0.0,"max_hp_loss":0.0,"gold_gain":75.0,"event_name":"World of Goop","player_choice":"Gather Gold","floor":5.0,"gold_loss":0.0,"damage_taken":11.0},{"damage_healed":0,"gold_gain":0,"player_choice":"Ignored","damage_taken":0,"max_hp_gain":0,"max_hp_loss":0,"event_name":"Vampires","floor":19,"gold_loss":0},{"damage_healed":0,"gold_gain":50,"player_choice":"Stole From Cult","damage_taken":0,"max_hp_gain":0,"max_hp_loss":0,"event_name":"Nest","floor":21,"gold_loss":0},{"damage_healed":0,"gold_gain":0,"player_choice":"Simplicity","damage_taken":0,"max_hp_gain":0,"max_hp_loss":0,"event_name":"Back to Basics","floor":30,"gold_loss":0,"cards_upgraded":["Defend_P","Defend_P","Defend_P","Defend_P","Strike_P","Strike_P","Strike_P","Strike_P"]},{"cards_removed":["Defend_P"],"damage_healed":0,"gold_gain":0,"player_choice":"Removed Skill","damage_taken":0,"max_hp_gain":0,"max_hp_loss":0,"event_name":"Falling","floor":36,"gold_loss":0},{"damage_healed":0,"gold_gain":50,"player_choice":"Pray","damage_taken":0,"max_hp_gain":0,"max_hp_loss":0,"event_name":"Golden Shrine","floor":39,"gold_loss":0},{"cards_removed":["Strike_P"],"damage_healed":0,"gold_gain":0,"player_choice":"Upgrade and Remove","damage_taken":0,"max_hp_gain":0,"max_hp_loss":0,"event_name":"Designer","floor":45,"gold_loss":110,"cards_upgraded":["Omniscience"]}],"is_beta":false,"boss_relics":[{"not_picked":["Sozu","Fusion Hammer"],"picked":"reliquary:WritOfMandamus"},{"not_picked":["Calling Bell","Snecko Eye"],"picked":"reliquary:KinkedSpring"}],"items_purged_floors":[44],"is_endless":false,"potions_floor_spawned":[1,3,7,12,13,24,28,46],"ascension_level":20}}