{"host":"k7udt7atmcuzf6l0","time":1612185356,"event":{"mods":["AchievementEnabler","BaseMod","BetterRewards","Colored Map","Colored Powertips","Highlight Path","Minty Spire (QoL Compilation)","Quick Restart","Rare Cards Sparkle","Relic Stats","StSLib","UnlockEverythingMod"],"gold_per_floor":[113,29,47,66,26,26,56,81,162,337,371,384,3,3,3,3,3],"floor_reached":16,"language":"ZHS","playtime":299,"items_purged":["Doubt"],"score":108,"play_id":"4aaf0d62-0089-4585-bbca-0fb00c230094","local_time":"20210201211556","is_ascension_mode":false,"campfire_choices":[{"data":"Flex","floor":6.0,"key":"SMITH"},{"data":"Brutality","floor":15,"key":"SMITH"}],"circlet_count":0,"master_deck":["Strike_R","Strike_R","Strike_R","Strike_R","Strike_R","Defend_R","Defend_R","Defend_R","Defend_R","Bash","Rampage","Flex+1","Spot Weakness","Warcry","Whirlwind","Brutality+1","Hemokinesis","Flex+1","Pummel"],"relics":["Burning Blood","NeowsBlessing","Anchor","Strawberry","Paper Frog","Toy Ornithopter","Omamori","DollysMirror"],"acts_visited":["Exordium"],"potions_floor_usage":[11,12],"damage_taken":[{"damage":0.0,"enemies":"Jaw Worm","floor":1.0,"turns":1.0},{"damage":0.0,"enemies":"2 Louse","floor":3.0,"turns":1.0},{"damage":0.0,"enemies":"Cultist","floor":4.0,"turns":1.0},{"damage":34,"enemies":"Gremlin Nob","floor":8,"turns":4},{"damage":33,"enemies":"Lagavulin","floor":11,"turns":4},{"damage":13,"enemies":"Exordium Thugs","floor":12,"turns":4},{"damage":31,"enemies":"Hexaghost","floor":16,"turns":5}],"seed_played":"-8036635349615604503","potions_obtained":[{"floor":1.0,"key":"Swift Potion"},{"floor":11,"key":"DistilledChaos"}],"is_trial":false,"path_per_floor":["M","$","M","M","$","R","?","E","T","?","E","M","$","?","R","B"],"character_chosen":"IRONCLAD","items_purchased":["Flex","Spot Weakness","Whirlwind","Omamori","DollysMirror"],"campfire_rested":0,"item_purchase_floors":[2,2,5,13,13],"current_hp_per_floor":[80,80,80,80,80,80,80,59,59,59,32,30,30,30,30,0,0],"gold":3,"neow_bonus":"THREE_ENEMY_KILL","is_daily":false,"chose_seed":false,"campfire_upgraded":2,"win_rate":0.0,"timestamp":1612185356,"path_taken":["M","$","M","M","$","R","?","E","T","?","E","M","$","?","R","BOSS"],"items_purchased_type":["Card","Card","Card","Relic","Relic"],"build_version":"2020-12-22","purchased_purges":1,"victory":false,"max_hp_per_floor":[80,80,80,80,80,80,80,87,87,87,87,87,87,87,87,87,87],"relic_stats":{"counters":[7,20],"obtain_stats":[{"Anchor":7,"NeowsBlessing":0,"DollysMirror":13,"Strawberry":8,"Omamori":13,"Burning Blood":0,"Toy Ornithopter":11,"Paper Frog":9},{"Anchor":3,"NeowsBlessing":0,"DollysMirror":6,"Strawberry":4,"Omamori":6,"Burning Blood":0,"Toy Ornithopter":5,"Paper Frog":4},{"Anchor":3,"NeowsBlessing":0,"DollysMirror":15,"Strawberry":7,"Omamori":15,"Burning Blood":0,"Toy Ornithopter":11,"Paper Frog":7}],"Burning Blood":18,"Toy Ornithopter":5},"card_choices":[{"not_picked":["Headbutt","Havoc"],"picked":"Rampage","floor":1.0},{"not_picked":["Second Wind","Wild Strike"],"picked":"Warcry","floor":3.0},{"not_picked":["Burning Pact","Warcry","Cleave"],"picked":"SKIP","floor":4.0},{"not_picked":["Havoc","Heavy Blade"],"picked":"Brutality","floor":8},{"not_picked":["Warcry","Iron Wave"],"picked":"Hemokinesis","floor":11},{"not_picked":["Rampage","Anger","Body Slam"],"picked":"SKIP","floor":12}],"player_experience":25091,"relics_obtained":[{"floor":8,"key":"Strawberry"},{"floor":9,"key":"Paper Frog"},{"floor":11,"key":"Toy Ornithopter"}],"event_choices":[{"damage_healed":0.0,"max_hp_gain":0.0,"max_hp_loss":0.0,"gold_gain":30.0,"event_name":"Dead Adventurer","player_choice":"Searched \u00272\u0027 times","floor":7.0,"gold_loss":0.0,"damage_taken":0.0,"relics_obtained":["Anchor"]},{"damage_healed":0,"gold_gain":175,"player_choice":"AGREE","damage_taken":0,"max_hp_gain":0,"max_hp_loss":0,"event_name":"Liars Game","floor":10,"gold_loss":0,"cards_obtained":["Doubt"]},{"damage_healed":0,"gold_gain":0,"player_choice":"1 cards matched","damage_taken":0,"max_hp_gain":0,"max_hp_loss":0,"event_name":"Match and Keep!","floor":14,"gold_loss":0,"cards_obtained":["Pummel"]}],"is_beta":false,"boss_relics":[],"items_purged_floors":[13],"is_endless":false,"potions_floor_spawned":[1,11],"killed_by":"Hexaghost","ascension_level":0}}