{"host":"ggy1mjjy92c62u6a","time":1612193899,"event":{"mods":["10 clothes from DAL","ATMod(阿瑾Mod)","Act Like it!","BaseMod","Colored Powertips","GifTheSpireLib","Library of Ruina","Library of Ruina Extra","Lobotomy","LobotomyExtend","Minty Spire (QoL Compilation)","Quick Restart","Relic Filter Mod","Relic Stats","Shop Mod","Spicy Shops","StSLib","TestMod","【功能Mod】混沌之环修复补丁","【遗物Mod】死灵法师NEW","【遗物卡牌】REMEMod"],"gold_per_floor":[124,124,199,217,229,229,271,283,283,306,306,323,337,372,372,475,475,495,516,184,195,195,234,149,149,149,549,585,94,269,269,269,374,424,451,477,260,279,279,315,315,315,315,367,388,388,401,422,422,428,430],"floor_reached":52,"language":"ZHS","playtime":1831,"items_purged":["LightDefense","LightAttack","Regret"],"score":1292,"play_id":"f3550b4f-0c70-4584-9df6-4354c743b94c","local_time":"20210201233819","is_ascension_mode":true,"campfire_choices":[{"data":"Suppress","floor":6,"key":"SMITH"},{"floor":11,"key":"REST"},{"floor":15,"key":"REST"},{"data":"BattleCommand","floor":25,"key":"SMITH"},{"data":"Guardian_lor","floor":32,"key":"SMITH"},{"data":"FocusedStrikes","floor":46,"key":"SMITH"},{"data":"AT_ShrugMaster","floor":49,"key":"SMITH"}],"circlet_count":0,"master_deck":["LightDefense+1","FocusedStrikes+1","testmod-AssimilatedRune","AT_ShrugMaster+1","Funeral","BattleCommand+1","SinglePointStab+1","RushDown+1","Guardian_lor+1","AT_ShrugMaster+1","DriedUp","AT_ShrugMaster+1","FrontalAssault","AT_PowerWithin+1","UnforgettableMelody+1","GreedKing"],"relics":["PageOfLibrarian","REME_ComplimentaryCards","testmod-TestBox","testmod-TheFather","CogitoBucket","LetterFromLob","Molten Egg 2","BackwardClock","testmod-BlackFramedGlasses","AT_TrinityForce","PageOfTheQueenOfHatred","PageOfTheKnightOfDespair","Frozen Egg 2","PageOfGreed","PageOfWrath","Membership Card","AT_BellowingDragoncrestRing","PageOfFreischutz","MerchantsRug","PageOfNihil","Tiny House","Nunchaku","HandDrill","AT_ATBox","PageOfGalaxyChild","testmod-AssaultLearning","testmod-Brilliant"],"acts_visited":["Exordium","TheCity","TheBeyond"],"potions_floor_usage":[29],"damage_taken":[{"damage":0.0,"enemies":"Cultist","floor":1.0,"turns":3.0},{"damage":0.0,"enemies":"2 Louse","floor":4.0,"turns":2.0},{"damage":4,"enemies":"Jaw Worm","floor":5,"turns":3},{"damage":17,"enemies":"3 Sentries","floor":7,"turns":6},{"damage":0,"enemies":"Exordium Wildlife","floor":8,"turns":3},{"damage":10,"enemies":"2 Fungi Beasts","floor":10,"turns":5},{"damage":0,"enemies":"Large Slime","floor":12,"turns":3},{"damage":6,"enemies":"Blue Slaver","floor":13,"turns":4},{"damage":0,"enemies":"Gremlin Nob","floor":14,"turns":3},{"damage":32,"enemies":"Hexaghost","floor":16,"turns":6},{"damage":1,"enemies":"Shell Parasite","floor":18,"turns":4},{"damage":0,"enemies":"3 Byrds","floor":19,"turns":2},{"damage":4,"enemies":"Sentry and Sphere","floor":21,"turns":3},{"damage":19,"enemies":"Slavers","floor":23,"turns":4},{"damage":2,"enemies":"REME_1_Revenger","floor":28,"turns":4},{"damage":20,"enemies":"Snecko","floor":30,"turns":4},{"damage":0,"enemies":"Collector","floor":33,"turns":3},{"damage":7,"enemies":"3 Shapes","floor":35,"turns":2},{"damage":14,"enemies":"3 Darklings","floor":36,"turns":2},{"damage":17,"enemies":"Spire Growth","floor":38,"turns":2},{"damage":0,"enemies":"Giant Head","floor":40,"turns":3},{"damage":0,"enemies":"Mind Bloom Boss Battle","floor":44,"turns":2},{"damage":0,"enemies":"4 Shapes","floor":45,"turns":1},{"damage":0,"enemies":"Maw","floor":47,"turns":3},{"damage":0,"enemies":"3 Darklings","floor":48,"turns":1},{"damage":0,"enemies":"Donu and Deca","floor":50,"turns":3},{"damage":6,"enemies":"Donu and Deca","floor":51,"turns":3}],"seed_played":"-3360689289208943342","potions_obtained":[{"floor":4,"key":"REME_GoldPotion"},{"floor":5,"key":"LiquidBronze"},{"floor":13,"key":"Block Potion"},{"floor":23,"key":"EntropicBrew"},{"floor":34,"key":"FearPotion"},{"floor":35,"key":"DistilledChaos"}],"is_trial":false,"path_per_floor":["M","?","?","M","M","R","E","M","T","M","R","M","M","E","R","B",null,"M","M","$","M","?","E","?","R","T","?","E","$","M","?","R","B",null,"M","M","$","M","?","E","?","?","T","?","M","R","M","M","R","B",null,null],"character_chosen":"Librarian","items_purchased":["PageOfTheQueenOfHatred","Membership Card","AT_BellowingDragoncrestRing","DollysMirror","PageOfFreischutz","MerchantsRug","DriedUp","Nunchaku","HandDrill","AT_PowerWithin+1"],"campfire_rested":2,"item_purchase_floors":[20,29,29,29,29,29,29,37,37,37],"current_hp_per_floor":[54,42,36,36,32,32,15,15,15,9,27,31,28,31,55,33,70,92,97,97,95,95,88,88,88,88,88,95,95,94,94,94,97,102,98,88,88,78,78,91,91,91,91,97,97,97,97,97,97,97,97],"gold":430,"neow_bonus":"","is_daily":false,"chose_seed":false,"campfire_upgraded":5,"win_rate":0.0,"timestamp":1612193899,"path_taken":["M","?","?","M","M","R","E","?","T","M","R","M","M","E","R","BOSS","M","M","$","M","?","E","?","R","T","?","E","?","M","?","R","BOSS","M","M","$","?","?","E","?","?","T","?","M","R","?","M","R","BOSS"],"items_purchased_type":["Relic","Relic","Relic","Relic","Relic","Relic","Card","Relic","Relic","Card"],"build_version":"2020-12-22","purchased_purges":3,"victory":true,"max_hp_per_floor":[60,60,60,60,60,60,60,60,60,60,60,201,201,82,82,82,82,97,97,97,97,97,97,97,97,97,97,97,97,97,97,97,97,102,102,102,102,102,102,102,97,97,97,97,97,97,97,97,97,97,97],"relic_stats":{"Nunchaku":[3],"counters":[32,87],"HandDrill":[8],"obtain_stats":[{"PageOfTheQueenOfHatred":20,"AT_ATBox":0,"Tiny House":34,"LuminousBracelet":18,"testmod-BlackFramedGlasses":14,"PageOfGreed":26,"PageOfWrath":28,"testmod-Brilliant":44,"CogitoBucket":0,"Nunchaku":37,"DollysMirror":29,"PageOfFreischutz":29,"PageOfTheKnightOfDespair":23,"AT_TrinityForce":17,"testmod-TheFather":0,"HandDrill":37,"BackwardClock":10,"MerchantsRug":29,"testmod-TestBox":0,"PageOfNihil":30,"Frozen Egg 2":24,"PageOfLibrarian":0,"AT_BellowingDragoncrestRing":29,"PageOfGalaxyChild":40,"Bird Faced Urn":9,"testmod-AssaultLearning":43,"Molten Egg 2":7,"LetterFromLob":1,"Membership Card":29,"REME_ComplimentaryCards":0},{"PageOfTheQueenOfHatred":14,"AT_ATBox":0,"Tiny House":22,"LuminousBracelet":13,"testmod-BlackFramedGlasses":10,"PageOfGreed":16,"PageOfWrath":17,"testmod-Brilliant":27,"CogitoBucket":0,"Nunchaku":24,"DollysMirror":17,"PageOfFreischutz":17,"PageOfTheKnightOfDespair":16,"AT_TrinityForce":11,"testmod-TheFather":0,"HandDrill":24,"BackwardClock":7,"MerchantsRug":17,"testmod-TestBox":0,"PageOfNihil":21,"Frozen Egg 2":16,"PageOfLibrarian":0,"AT_BellowingDragoncrestRing":17,"PageOfGalaxyChild":26,"Bird Faced Urn":5,"testmod-AssaultLearning":26,"Molten Egg 2":4,"LetterFromLob":1,"Membership Card":17,"REME_ComplimentaryCards":0},{"PageOfTheQueenOfHatred":46,"AT_ATBox":0,"Tiny House":65,"LuminousBracelet":44,"testmod-BlackFramedGlasses":33,"PageOfGreed":53,"PageOfWrath":57,"testmod-Brilliant":76,"CogitoBucket":0,"Nunchaku":69,"DollysMirror":57,"PageOfFreischutz":57,"PageOfTheKnightOfDespair":53,"AT_TrinityForce":39,"testmod-TheFather":0,"HandDrill":69,"BackwardClock":23,"MerchantsRug":57,"testmod-TestBox":0,"PageOfNihil":62,"Frozen Egg 2":53,"PageOfLibrarian":0,"AT_BellowingDragoncrestRing":57,"PageOfGalaxyChild":74,"Bird Faced Urn":17,"testmod-AssaultLearning":74,"Molten Egg 2":14,"LetterFromLob":3,"Membership Card":57,"REME_ComplimentaryCards":0}]},"card_choices":[{"not_picked":["SharpSwipe","ICanCookAnything","FocusFire","ProselytesBlade","Crush","Feast","SteelKnuckles","FeelinGood"],"picked":"SinglePointStab","floor":1.0},{"not_picked":["Thrust","AutomatedMovement","StructuralAnalysis","ChargeUp","EnergyCycle","PreemptiveStrike","AutonomousRush","Parry"],"picked":"FrontalAssault","floor":4},{"not_picked":["Pound","Faith","BlowItUp","TendonChords","AlloutWar","ClassAndRespect","MultiHit","SharpSwipe"],"picked":"Suppress","floor":5},{"not_picked":["QueenOfHatred","Porccubus"],"picked":"CrumblingArmor","floor":7},{"not_picked":["DesperateStruggle+1","UncannyStrike+1","Bvapour+1","ClassAndRespect+1","EndlessBattle+1","SharpSwipe+1","FendThisOffIfYouCan+1","ChargeUp","Decapitation+1"],"picked":"SKIP","floor":7},{"not_picked":["Murderer","BlackSwan"],"picked":"Funeral","floor":8},{"not_picked":["Track+1","DirtyBlow+1","NightInTheBackstreets+1","Zzzzzap","Rewind","SunsetBlade","MultiHit+1","FormingStorm+1","FleetFootsteps"],"picked":"SKIP","floor":8},{"not_picked":["ViolentFlame","WillOfThePrescript","EnergyCycle+1","GuidanceOfTheGears","AsThePrescriptOrders","Eliminate+1","Clone","RapidGashes+1"],"picked":"Unlock1+1","floor":10},{"not_picked":["CircusKnives+1","SharpenedBlade","RatsGuideToSurvival","Clone","Pound+1","Quickness","MultiHit+1","Diversion+1"],"picked":"BattleCommand","floor":12},{"not_picked":["EnergyCycle+1","Outburst+1","EnergyStrike+1","SpearedSweep+1","GutHarvesting+1","KeepItFresh+1","QuickSuppression+1","Multislash+1"],"picked":"UnavoidableGaze","floor":13},{"not_picked":["StrongStrike+1","DevastatingThrash+1","SturdyDefense","MultiBlock","Thrust+1","BayonetCombat+1","BackAttack","RipSpace+1"],"picked":"Faith","floor":14},{"not_picked":["FormingStorm+1","Deflect_lor"],"picked":"Suppress+1","floor":16},{"not_picked":["SpearedSweep+1","Wallop_lor+1","UpbeatPerformance+1","PreemptiveStrike+1","EnergyCycle+1","DesperateStruggle+1","SilentMist+1","GuardingStance+1"],"picked":"SinglePointStab+1","floor":18},{"not_picked":["HandleRequest+1","GaleKick+1","Faith","Leap_lor+1","AsThePrescriptOrders","Outburst+1","QuickSuppression+1","Tailoring+1"],"picked":"FrontalAssault","floor":19},{"not_picked":["QuickAttack+1","StructuralAnalysis","StayCalm","BackAttack","StrongStrike+1","ProselytesBlade+1","SetFire+1","SmokingPipe","Outburst+1"],"picked":"SKIP","floor":21},{"not_picked":["PreparedMind","MindCrush+1","SunsetBlade","LossOfSenses+1","QuickAttack+1","YoureAHindrance+1","Zzzzzap","Diversion+1"],"picked":"RushDown+1","floor":23},{"not_picked":["Faith+1","GutHarvesting+1","AlloutWar","SharpSwipe+1","DimensionalRift+1","SharpenedBlade+1","DirtyBlow+1","BindingChains+1"],"picked":"Guardian_lor","floor":28},{"not_picked":["SmokingPipe","Rewind","StrongStrike+1","ToOvercomeCrisis","HighSpeedStabbing+1","SharpSwipe+1","Endure","Diversion+1"],"picked":"Unlock1+1","floor":30},{"not_picked":["DefenseOrder","Outburst+1","MultiHit+1","BoundaryOfDeath+1","BladeWhirl+1","TendonChords+1","QuickAttack+1","PreemptiveStrike+1"],"picked":"GrazeTheGrass+1","floor":34},{"not_picked":["DimensionalRift+1","SunsetBlade+1","EndlessBattle+1","SharpNails+1","IllEndYou+1","GuardingStance","SinglePointStab+1","BackAttack"],"picked":"FrontalAssault","floor":35},{"not_picked":["FleetEdge+1","Zzzzzap+1","PinpointShot+1","Deflect_lor","UpbeatPerformance+1","SunsetBlade+1","HandleRequest+1","MultiHit+1"],"picked":"FrontalAssault","floor":36},{"not_picked":["ElectricShock+1","ICanCookAnything+1","UpbeatPerformance+1","DefenseOrder+1","LossOfSenses+1","GrazeTheGrass+1","CleanUp+1","MultiBlock","AsThePrescriptOrders"],"picked":"SKIP","floor":38},{"not_picked":["Retaliate+1","Castigation+1","FeelinGood+1","WaitUp","Pound+1","Faith+1","ShockingBlow+1","Unlock1+1"],"picked":"UnforgettableMelody+1","floor":40},{"not_picked":["Parry+1","DarkCloud+1","SkitterAway","NightInTheBackstreets+1","SharpSwipe+1","Feast+1","LossOfSenses+1","LeRegole","EndlessBattle+1"],"picked":"SKIP","floor":45},{"not_picked":["CircusKnives+1","MindWhip+1","Parry+1","CrackOfDawn+1","Thrust+1","QuickSuppression+1","WrathOfTorment+1","AutomatedMovement"],"picked":"Unlock1+1","floor":47},{"not_picked":["SnowQueen","BodiesMountain"],"picked":"GreedKing","floor":48},{"not_picked":["GutHarvesting+1","FieryWaltz+1","Guardian_lor","MultiBlock+1","QuickAttack+1","Diversion+1","MultiHit+1","BackAttack","ClassAndRespect+1"],"picked":"SKIP","floor":48}],"player_experience":97009,"relics_obtained":[{"floor":1.0,"key":"LetterFromLob"},{"floor":7,"key":"Molten Egg 2"},{"floor":9,"key":"Bird Faced Urn"},{"floor":14,"key":"testmod-BlackFramedGlasses"},{"floor":23,"key":"PageOfTheKnightOfDespair"},{"floor":26,"key":"PageOfGreed"},{"floor":28,"key":"PageOfWrath"},{"floor":30,"key":"PageOfNihil"},{"floor":40,"key":"PageOfGalaxyChild"},{"floor":43,"key":"testmod-AssaultLearning"},{"floor":44,"key":"testmod-Brilliant"}],"event_choices":[{"damage_healed":0.0,"max_hp_gain":0.0,"max_hp_loss":0.0,"gold_gain":0.0,"event_name":"Shining Light","player_choice":"Entered Light","floor":2.0,"gold_loss":0.0,"damage_taken":12.0,"cards_upgraded":["ChargeAndCover","LightDefense"]},{"damage_healed":0.0,"max_hp_gain":0.0,"max_hp_loss":0.0,"gold_gain":75.0,"event_name":"FaceTrader","player_choice":"Touch","floor":3.0,"gold_loss":0.0,"damage_taken":6.0},{"cards_removed":["LightAttack"],"damage_healed":0,"gold_gain":0,"player_choice":"Elegance","damage_taken":0,"max_hp_gain":0,"max_hp_loss":0,"event_name":"Back to Basics","floor":22,"gold_loss":0},{"damage_healed":0,"gold_gain":0,"player_choice":"Obtained Relic","damage_taken":0,"relics_obtained":["Frozen Egg 2"],"max_hp_gain":0,"max_hp_loss":0,"event_name":"Addict","floor":24,"gold_loss":85},{"damage_healed":0,"gold_gain":400,"player_choice":"Sell","damage_taken":0,"max_hp_gain":0,"max_hp_loss":0,"event_name":"恩洛斯的盘子","floor":27,"relics_lost":["AT_ATBox"],"gold_loss":0},{"damage_healed":0,"gold_gain":0,"player_choice":"Copied","damage_taken":0,"max_hp_gain":0,"max_hp_loss":0,"event_name":"Duplicator","floor":31,"gold_loss":0,"cards_obtained":["AT_ShrugMaster"]},{"damage_healed":0,"gold_gain":0,"player_choice":"Swap Relic","damage_taken":0,"relics_obtained":["AT_ATBox"],"max_hp_gain":0,"max_hp_loss":0,"event_name":"给自己的盒子","floor":39,"relics_lost":["LuminousBracelet"],"gold_loss":0},{"damage_healed":0,"gold_gain":0,"player_choice":"Max HP","damage_taken":0,"max_hp_gain":0,"max_hp_loss":5,"event_name":"Winding Halls","floor":41,"gold_loss":0},{"cards_removed":["FrontalAssault"],"damage_healed":0,"gold_gain":0,"player_choice":"Removed Skill","damage_taken":0,"max_hp_gain":0,"max_hp_loss":0,"event_name":"Falling","floor":42,"gold_loss":0},{"damage_healed":0,"gold_gain":0,"player_choice":"Fight","damage_taken":0,"max_hp_gain":0,"max_hp_loss":0,"event_name":"MindBloom","floor":44,"gold_loss":0}],"is_beta":false,"boss_relics":[{"not_picked":["REME_LowDesire","testmod-IncinerationGenerator"],"picked":"AT_TrinityForce"},{"not_picked":["Velvet Choker","testmod-KeyOfTheVoid"],"picked":"Tiny House"}],"items_purged_floors":[20,29,37],"is_endless":false,"potions_floor_spawned":[4,5,10,13,18,23,28,35,40,44,47],"ascension_level":6}}