{"host":"l15sdf2mmi0nobpi","time":1612185156,"event":{"mods":["ATMod(阿瑾Mod)","BaseMod","Highlight Path","Minty Spire (QoL Compilation)","Quick Restart","Remilia（蕾米莉亚）","StSLib","【功能Mod】Neow奖励"],"gold_per_floor":[112,112,126,126,51,51,82,103,155,168,168,191,231,256,256,351,351,372,372,572,587,382,382,425,439,464,497,497,515,554,570,570,688,688,701,564,583,916,936,981,981,1015,1015,1043,1082,1112,812,842,842,862,862,862,862,9,87,132],"floor_reached":57,"language":"ZHS","playtime":3657,"items_purged":["Strike_RM","Strike_RM","Defend_RM","ScarletShoot"],"score":3103,"play_id":"e3b6936c-abc7-4390-bb86-c285a3ab9283","local_time":"20210201211236","is_ascension_mode":true,"campfire_choices":[{"data":"AT_WindFlip","floor":6.0,"key":"SMITH"},{"data":"FitfulNightmare","floor":11.0,"key":"SMITH"},{"data":"RedMoon","floor":15.0,"key":"SMITH"},{"data":"CeilingFear","floor":23.0,"key":"SMITH"},{"data":"RedNightlessCastle","floor":32.0,"key":"SMITH"},{"floor":49.0,"key":"RECALL"},{"data":"BatForm","floor":53.0,"key":"SMITH"}],"circlet_count":0,"master_deck":["AscendersBane","Defend_RM+1","Defend_RM","Defend_RM+1","RedMoon+1","AT_WindFlip+1","FitfulNightmare+1","VampireKiss","CeilingFear+1","UltimateOffering","Pride","RedNightlessCastle+1","ScarletImprint","SuperhumanBloodyKnife","FavorOfDestiny","ScarletMeister+1","BatForm+1","VampireFantasy+1","UnstableMagic+1"],"relics":["ScarletHat","DevilEmblem","AT_ATBox","War Paint","Bag of Preparation","Centennial Puzzle","AT_ArchangelStaff","AT_TrinityForce","GreatHeart","Membership Card","Art of War","Lantern","AT_ImmortalShieldbow","Happy Flower","Black Star","Omamori","AT_SunfireAegis","Vajra","Smiling Mask","The Courier","InkBottle","Oddly Smooth Stone","AT_ArcaneBoots","Shuriken","RedBat","AT_MibuBalloonWealth","Ginger","Orrery","White Beast Statue","Orichalcum","AT_EbonyIvory","Pocketwatch","Akabeko","Blood Vial","Toy Ornithopter"],"acts_visited":["Exordium","TheCity","TheBeyond","TheEnding"],"potions_floor_usage":[],"damage_taken":[{"damage":0.0,"enemies":"Jaw Worm","floor":1.0,"turns":3.0},{"damage":0.0,"enemies":"2 Louse","floor":3.0,"turns":6.0},{"damage":4.0,"enemies":"3 Sentries","floor":7.0,"turns":5.0},{"damage":0.0,"enemies":"Cultist","floor":8.0,"turns":4.0},{"damage":1.0,"enemies":"Large Slime","floor":10.0,"turns":5.0},{"damage":5.0,"enemies":"Gremlin Gang","floor":12.0,"turns":3.0},{"damage":2.0,"enemies":"Gremlin Nob","floor":13.0,"turns":3.0},{"damage":3.0,"enemies":"3 Louse","floor":14.0,"turns":6.0},{"damage":29.0,"enemies":"Slime Boss","floor":16.0,"turns":10.0},{"damage":0.0,"enemies":"Shell Parasite","floor":18.0,"turns":3.0},{"damage":28.0,"enemies":"Chosen","floor":21.0,"turns":3.0},{"damage":17.0,"enemies":"Book of Stabbing","floor":24.0,"turns":2.0},{"damage":23.0,"enemies":"Snake Plant","floor":25.0,"turns":1.0},{"damage":0.0,"enemies":"Slavers","floor":27.0,"turns":2.0},{"damage":9.0,"enemies":"Centurion and Healer","floor":29.0,"turns":1.0},{"damage":0.0,"enemies":"Book of Stabbing","floor":30.0,"turns":2.0},{"damage":0.0,"enemies":"3 Cultists","floor":31.0,"turns":1.0},{"damage":43.0,"enemies":"Automaton","floor":33.0,"turns":6.0},{"damage":34.0,"enemies":"Orb Walker","floor":35.0,"turns":4.0},{"damage":10.0,"enemies":"3 Darklings","floor":37.0,"turns":3.0},{"damage":13.0,"enemies":"Jaw Worm Horde","floor":39.0,"turns":3.0},{"damage":39.0,"enemies":"Giant Head","floor":40.0,"turns":6.0},{"damage":56.0,"enemies":"Transient","floor":42.0,"turns":6.0},{"damage":9.0,"enemies":"Nemesis","floor":44.0,"turns":3.0},{"damage":21.0,"enemies":"Spire Growth","floor":45.0,"turns":2.0},{"damage":67.0,"enemies":"Giant Head","floor":46.0,"turns":6.0},{"damage":26.0,"enemies":"Jaw Worm Horde","floor":48.0,"turns":2.0},{"damage":74.0,"enemies":"Awakened One","floor":50.0,"turns":9.0},{"damage":3.0,"enemies":"Time Eater","floor":51.0,"turns":5.0},{"damage":0.0,"enemies":"Shield and Spear","floor":55.0,"turns":1.0},{"damage":76,"enemies":"The Heart","floor":56,"turns":8}],"seed_played":"-4526299711164815184","potions_obtained":[{"floor":3.0,"key":"DistilledChaos"},{"floor":8.0,"key":"Energy Potion"},{"floor":12.0,"key":"FearPotion"},{"floor":13.0,"key":"Regen Potion"},{"floor":18.0,"key":"SpeedPotion"},{"floor":27.0,"key":"BlessingOfTheForge"},{"floor":30.0,"key":"GamblersBrew"}],"is_trial":false,"path_per_floor":["M","?","M","?","?","R","E","M","T","M","R","M","E","M","R","B",null,"M","?","?","M","$","R","E","M","T","E","?","M","E","M","R","B",null,"M","$","M","?","M","E","?","M","T","E","M","E","$","M","R","B","B",null,"R","$","E","B",null],"character_chosen":"REMILIA","items_purchased":["Membership Card","Omamori","BatForm","AT_SpeedBoots","Shuriken","RedBat","AT_MibuBalloonWealth","Ginger","Orrery","Swift Potion","White Beast Statue","Orichalcum","AT_EbonyIvory","Pocketwatch","Akabeko"],"campfire_rested":0,"item_purchase_floors":[22,36,47,47,47,54,54,54,54,54,54,54,54,54,54],"current_hp_per_floor":[63,63,63,68,68,68,64,64,64,63,63,60,58,59,59,44,62,62,62,62,48,48,48,57,35,35,43,43,34,34,40,40,38,61,34,34,47,47,42,58,58,34,34,53,57,44,44,68,68,52,67,68,68,68,68,61],"gold":132,"neow_bonus":"RANDOM_COMMON_RELIC","is_daily":false,"chose_seed":false,"campfire_upgraded":6,"win_rate":0.0,"timestamp":1612185156,"path_taken":["M","?","M","?","?","R","E","M","T","M","R","M","E","M","R","BOSS","M","?","?","?","$","R","E","M","T","E","?","M","E","M","R","BOSS","M","$","?","?","M","E","?","M","T","E","M","E","$","M","R","BOSS","BOSS","R","$","E","BOSS"],"items_purchased_type":["Relic","Relic","Card","Relic","Relic","Relic","Relic","Relic","Relic","Potion","Relic","Relic","Relic","Relic","Relic"],"build_version":"2020-12-22","purchased_purges":4,"victory":true,"max_hp_per_floor":[70,63,63,68,68,68,68,68,68,68,68,68,68,68,68,68,68,68,68,68,68,68,68,68,68,68,68,68,68,68,68,68,68,68,68,68,68,68,68,68,68,68,68,68,68,68,68,68,68,68,68,68,68,68,68,68],"card_choices":[{"not_picked":["DiffusionOfMisfortune","EndlessAdversity","ScarletDevil"],"picked":"SKIP","floor":1.0},{"not_picked":["NightDance","RedRainbow"],"picked":"FitfulNightmare","floor":3.0},{"not_picked":["AfternoonTea","DevilSight","ScarletNetherworld"],"picked":"SKIP","floor":7.0},{"not_picked":["BloodAndWine","BlasphemousPunishment"],"picked":"VampireKiss","floor":8.0},{"not_picked":["VampireKiss","DiffusionOfMisfortune","BloodHunter"],"picked":"SKIP","floor":10.0},{"not_picked":["VampireKiss","LeisurelyOfLord","SuperhumanBloodyKnife"],"picked":"SKIP","floor":12.0},{"not_picked":["BloodyMagicSquare","MillenniumVampire","ChainGang"],"picked":"SKIP","floor":13.0},{"not_picked":["BloodyMagicSquare","MillenniumVampire","ChainGang"],"picked":"SKIP","floor":13.0},{"not_picked":["DiffusionOfMisfortune","NightDance","ScarletNetherworld"],"picked":"SKIP","floor":14.0},{"not_picked":["BloodyHallows","BloodySeventeenLaser"],"picked":"CeilingFear","floor":16.0},{"not_picked":["UnstableMagic","ScarletDevil+1"],"picked":"UltimateOffering","floor":18.0},{"not_picked":["CharismaGuard","BloodyTrap","ForbiddenFruit"],"picked":"SKIP","floor":21.0},{"not_picked":["DiffusionOfMisfortune","BloodHunter"],"picked":"RedNightlessCastle","floor":24.0},{"not_picked":["Stigmanizer","RedRainbow"],"picked":"ScarletImprint","floor":25.0},{"not_picked":["HeartBreak","ScarletImprint"],"picked":"SuperhumanBloodyKnife","floor":27.0},{"not_picked":["RedNightlessCastle+1","StarOfDavid","VampireKiss"],"picked":"SKIP","floor":29.0},{"not_picked":["RedNightlessCastle+1","StarOfDavid","VampireKiss"],"picked":"SKIP","floor":29.0},{"not_picked":["TwelveNightmare","EndlessAdversity","BlasphemousPunishment"],"picked":"SKIP","floor":30.0},{"not_picked":["TwelveNightmare","EndlessAdversity","BlasphemousPunishment"],"picked":"SKIP","floor":30.0},{"not_picked":["VampireClaw","MillenniumVampire"],"picked":"FavorOfDestiny","floor":31.0},{"not_picked":["EquivalentExchange","CurseOfVladTepes"],"picked":"ScarletMeister","floor":33.0},{"not_picked":["ScarletDevil","StarOfDavid+1","Stigmanizer"],"picked":"SKIP","floor":35.0},{"not_picked":["MastersStateliness","VampireKiss","CharismaGuard"],"picked":"SKIP","floor":37.0},{"not_picked":["MiserableFate+1","BloodHunter","RedMagic"],"picked":"SKIP","floor":39.0},{"not_picked":["ScarletImprint","UnstableMagic+1","StarOfDavid"],"picked":"SKIP","floor":40.0},{"not_picked":["ChaoticDestiny","MastersStateliness","UnderTheZenith"],"picked":"SKIP","floor":42.0},{"not_picked":["NightLord+1","ScarletDevil","BombardNight"],"picked":"SKIP","floor":44.0},{"not_picked":["FitfulNightmare","CharismaGuard","DiffusionOfMisfortune"],"picked":"SKIP","floor":45.0},{"not_picked":["Septette+1","RedMagic+1","CharismaGuard"],"picked":"SKIP","floor":46.0},{"not_picked":["ReincarnationDial+1","EmergencyRegeneration","NightDance"],"picked":"SKIP","floor":48.0},{"not_picked":["UnstableMagic+1","LeisurelyOfLord"],"picked":"VampireFantasy+1","floor":54.0},{"not_picked":["StarOfDavid","BloodHunter+1"],"picked":"UnstableMagic+1","floor":54.0},{"not_picked":["NightLord","DevilSight","ReincarnationDial"],"picked":"SKIP","floor":55.0}],"player_experience":742166,"relics_obtained":[{"floor":7.0,"key":"Bag of Preparation"},{"floor":9.0,"key":"Centennial Puzzle"},{"floor":13.0,"key":"AT_ArchangelStaff"},{"floor":24.0,"key":"Art of War"},{"floor":26.0,"key":"Lantern"},{"floor":27.0,"key":"AT_ImmortalShieldbow"},{"floor":30.0,"key":"Happy Flower"},{"floor":40.0,"key":"AT_SunfireAegis"},{"floor":40.0,"key":"Vajra"},{"floor":44.0,"key":"Smiling Mask"},{"floor":44.0,"key":"The Courier"},{"floor":46.0,"key":"InkBottle"},{"floor":46.0,"key":"Oddly Smooth Stone"},{"floor":55.0,"key":"Blood Vial"},{"floor":55.0,"key":"Toy Ornithopter"}],"event_choices":[{"damage_healed":0.0,"max_hp_gain":0.0,"max_hp_loss":7.0,"gold_gain":0.0,"event_name":"Golden Idol","player_choice":"Lose Max HP","floor":2.0,"gold_loss":0.0,"damage_taken":0.0,"relics_obtained":["Golden Idol"]},{"damage_healed":0.0,"max_hp_gain":5.0,"max_hp_loss":0.0,"gold_gain":0.0,"event_name":"Big Fish","player_choice":"Donut","floor":4.0,"gold_loss":0.0,"damage_taken":0.0},{"cards_removed":["Strike_RM"],"damage_healed":0.0,"max_hp_gain":0.0,"max_hp_loss":0.0,"gold_gain":0.0,"event_name":"The Cleric","player_choice":"Card Removal","floor":5.0,"gold_loss":75.0,"damage_taken":0.0},{"damage_healed":0.0,"max_hp_gain":0.0,"max_hp_loss":0.0,"gold_gain":200.0,"event_name":"Wheel of Change","player_choice":"Gold","floor":20.0,"gold_loss":0.0,"damage_taken":0.0},{"cards_removed":["Strike_RM"],"damage_healed":0.0,"max_hp_gain":0.0,"max_hp_loss":0.0,"gold_gain":0.0,"event_name":"Purifier","player_choice":"Purged","floor":28.0,"gold_loss":0.0,"damage_taken":0.0},{"damage_healed":0.0,"max_hp_gain":0.0,"max_hp_loss":0.0,"gold_gain":333.0,"event_name":"The Moai Head","player_choice":"Gave Idol","floor":38.0,"relics_lost":["Golden Idol"],"gold_loss":0.0,"damage_taken":0.0},{"damage_healed":0.0,"max_hp_gain":0.0,"max_hp_loss":0.0,"gold_gain":0.0,"event_name":"Upgrade Shrine","player_choice":"Upgraded","floor":41.0,"gold_loss":0.0,"damage_taken":0.0,"cards_upgraded":["ScarletMeister"]}],"is_beta":false,"boss_relics":[{"not_picked":["AT_MortalBlade","Runic Pyramid"],"picked":"AT_TrinityForce"},{"not_picked":["Cursed Key","Tiny House"],"picked":"Black Star"}],"items_purged_floors":[22,36,47,54],"is_endless":false,"potions_floor_spawned":[3,8,12,13,14,18,27,30,35,42,48,55],"ascension_level":20}}