{"host":"11zp07st0f8pfeo4","time":1612195556,"event":{"mods":["Ascension Reborn","BaseMod","Conspire","Minty Spire (QoL Compilation)","Replay The Spire","Shop Mod","StSLib","UnlockEverythingMod"],"gold_per_floor":[112,132,146,3,17,59,59,101,101,101,113,133,73,111,111,237,237,250,274,291,291,304,304,320,360,419,459,459,459,489,507,507,625,625,641,641,663,675,725,202,202,238,335,354,354,385,397,414,414,414,414,414,16,56,56],"floor_reached":56,"language":"ZHS","playtime":3817,"items_purged":[],"score":425,"play_id":"11dc8804-b493-4ded-97c8-a73dcd98310d","local_time":"20210202000556","is_ascension_mode":true,"campfire_choices":[{"floor":7,"key":"RECALL"},{"data":"Atom Bomb","floor":10,"key":"SMITH"},{"floor":15,"key":"DIG"},{"floor":23,"key":"REST"},{"floor":29,"key":"REST"},{"floor":32,"key":"DIG"},{"floor":41,"key":"REST"},{"floor":45,"key":"REST"},{"floor":49,"key":"REST"},{"floor":52,"key":"REST"}],"circlet_count":0,"master_deck":["Strike_G+1","Strike_G+1","Strike_G+1","Strike_G+1","Strike_G+1","Defend_G+1","Defend_G+1","Defend_G+1","Defend_G+1","Defend_G+1","Survivor+1","Neutralize+1","conspire:DoublingDagger","Outmaneuver+1","Deadly Poison","Panache","Atom Bomb+1","Underhanded Strike","Backflip","Quick Slash","Phantasmal Killer","Bane","Dagger Spray+1","Die Die Die","Die Die Die","Toxin Wave","Corpse Explosion","Distraction+1","Flying Knee+1","Heel Hook","RitualDagger","Riddle With Holes","Dagger Throw","Endless Agony+1","After Image","Predator+1","Dagger Throw+1","Hidden Blade+1","Noxious Fumes","Slice","A Thousand Cuts","ReplayTheSpireMod:Tripwire+1","Deadly Poison+1","Poisoned Stab+1","Backstab+1","Deadly Poison+1","Sucker Punch+1","Eviscerate+1","Choke+1","Underhanded Strike+1","Burst","Quick Slash+1","Riddle With Holes+1","Choke+1","Die Die Die","Sucker Punch+1","ReplayTheSpireMod:Shiv Toss+1","ReplayTheSpireMod:Scrap Shanks+1","PiercingWail","Underhanded Strike+1","ReplayTheSpireMod:Exploit Weakness+1","Storm of Steel","ReplayTheSpireMod:Scrap Shanks","Caltrops","Apotheosis","Escape Plan","Flash of Steel","Sucker Punch+1"],"relics":["Snecko Eye","MealTicket","TungstenRod","Thread and Needle","Chameleon Ring","Dream Catcher","Snake Skull","Durian","SlaversCollar","Mercury Hourglass","Prayer Wheel","Art of War","Unceasing Top","Tiny Chest","Mummified Hand","Torii","WristBlade","White Beast Statue","Meat on the Bone","conspire:DecoderRing","MerchantsRug","Mirror","conspire:DeflatedDodgeball","Boot","Garlic","Happy Flower","Nunchaku","Bronze Scales"],"acts_visited":["Exordium","TheCity","TheBeyond","TheEnding"],"potions_floor_usage":[8,19],"damage_taken":[{"damage":0,"enemies":"Jaw Worm","floor":1,"turns":2},{"damage":0,"enemies":"conspire:RoseBush","floor":2,"turns":2},{"damage":0,"enemies":"Cultist","floor":3,"turns":2},{"damage":0,"enemies":"Looter","floor":5,"turns":2},{"damage":4,"enemies":"Replay:BlueRogue","floor":6,"turns":3},{"damage":0,"enemies":"Gremlin Nob","floor":8,"turns":1},{"damage":0,"enemies":"2 Fungi Beasts","floor":11,"turns":1},{"damage":0,"enemies":"Lots of Slimes","floor":12,"turns":4},{"damage":5,"enemies":"3 Sentries","floor":14,"turns":3},{"damage":0,"enemies":"Hexaghost","floor":16,"turns":2},{"damage":0,"enemies":"Spheric Guardian","floor":18,"turns":2},{"damage":0,"enemies":"3 Byrds","floor":19,"turns":2},{"damage":0,"enemies":"Cultist and Chosen","floor":20,"turns":3},{"damage":0,"enemies":"Snake Plant","floor":22,"turns":2},{"damage":0,"enemies":"Centurion and Healer","floor":24,"turns":3},{"damage":0,"enemies":"conspire:SneckoGhost","floor":25,"turns":8},{"damage":0,"enemies":"conspire:Head Lice","floor":27,"turns":2},{"damage":0,"enemies":"Gremlin Leader","floor":30,"turns":2},{"damage":0,"enemies":"Snecko","floor":31,"turns":4},{"damage":1,"enemies":"Automaton","floor":33,"turns":6},{"damage":0,"enemies":"3 Darklings","floor":35,"turns":2},{"damage":6,"enemies":"Orb Walker","floor":36,"turns":3},{"damage":0,"enemies":"Maw","floor":37,"turns":5},{"damage":2,"enemies":"4 Shapes","floor":38,"turns":2},{"damage":0,"enemies":"conspire:MimicChest","floor":39,"turns":7},{"damage":0,"enemies":"Giant Head","floor":42,"turns":5},{"damage":0,"enemies":"Writhing Mass","floor":44,"turns":3},{"damage":0,"enemies":"Nemesis","floor":46,"turns":3},{"damage":0,"enemies":"Maw","floor":47,"turns":4},{"damage":0,"enemies":"3 Darklings","floor":48,"turns":2},{"damage":5,"enemies":"Donu and Deca","floor":50,"turns":4},{"damage":0,"enemies":"Shield and Spear","floor":54,"turns":2},{"damage":51,"enemies":"The Heart","floor":55,"turns":6}],"seed_played":"-7742590194204589328","potions_obtained":[{"floor":1,"key":"Ancient Potion"},{"floor":1,"key":"Fire Potion"},{"floor":2,"key":"Dexterity Potion"},{"floor":3,"key":"CultistPotion"},{"floor":5,"key":"ColorlessPotion"},{"floor":8,"key":"Fruit Juice"},{"floor":12,"key":"CultistPotion"},{"floor":14,"key":"Flashbang"},{"floor":19,"key":"Fruit Juice"},{"floor":20,"key":"SteroidPotion"},{"floor":44,"key":"LiquidMemories"}],"is_trial":false,"path_per_floor":["M","M","M","$","M","E","R","E","T","R","M","M","$","E","R","B",null,"M","M","M","?","M","R","M","E","T","E","?","R","E","M","R","B",null,"M","M","M","M","?","$","R","E","T","M","R","E","M","M","R","B",null,"R","$","E","B",null],"character_chosen":"THE_SILENT","items_purchased":["Panache","Die Die Die","Meat on the Bone","conspire:DecoderRing","MerchantsRug","Burst","Caltrops","Apotheosis","Nunchaku","Escape Plan","Flash of Steel"],"campfire_rested":6,"item_purchase_floors":[4,13,40,40,40,40,53,53,53,53,53],"current_hp_per_floor":[74,74,74,74,74,70,70,77,77,77,77,77,79,74,74,87,88,88,95,95,90,90,95,95,95,95,95,95,95,95,95,95,99,99,99,93,93,91,91,99,99,99,99,99,99,99,99,99,99,100,103,103,103,103,58],"gold":56,"neow_bonus":"BOSS_RELIC","is_daily":false,"chose_seed":false,"campfire_upgraded":1,"win_rate":0.0,"timestamp":1612195556,"path_taken":["M","M","M","$","M","E","R","E","T","R","M","M","$","E","R","BOSS","M","M","M","?","M","R","M","E","T","E","?","R","E","M","R","BOSS","M","M","?","M","?","$","R","E","T","M","R","E","M","M","R","BOSS","R","$","E","BOSS"],"items_purchased_type":["Card","Card","Relic","Relic","Relic","Card","Card","Card","Relic","Card","Card"],"build_version":"2020-12-22","purchased_purges":0,"victory":true,"max_hp_per_floor":[74,74,74,74,74,74,74,79,79,79,79,79,79,79,79,88,88,88,95,95,95,95,95,95,95,95,95,95,95,95,95,95,99,99,99,99,99,99,99,99,99,99,99,99,99,99,99,99,99,103,103,103,103,103,107],"card_choices":[{"not_picked":["Backflip","Flying Knee"],"picked":"conspire:DoublingDagger","floor":1},{"not_picked":["Blur","Hidden Blade+1"],"picked":"Outmaneuver+1","floor":2},{"not_picked":["ReplayTheSpireMod:Exploit Weakness","Masterful Stab"],"picked":"Deadly Poison","floor":3},{"not_picked":["Concentrate","Hidden Blade"],"picked":"Atom Bomb","floor":5},{"not_picked":["Dagger Throw+1","Dagger Spray"],"picked":"Underhanded Strike","floor":6},{"not_picked":["Hidden Blade+1","ReplayTheSpireMod:Shiv Toss"],"picked":"Backflip","floor":6},{"not_picked":["Tactician","Footwork"],"picked":"Quick Slash","floor":8},{"not_picked":["Draining Mist","Prepared+1"],"picked":"Phantasmal Killer","floor":8},{"not_picked":["Infinite Blades","Well Laid Plans+1"],"picked":"Bane","floor":11},{"not_picked":["Bane","Prepared+1"],"picked":"Dagger Spray+1","floor":12},{"not_picked":["Tactician","Well Laid Plans"],"picked":"Die Die Die","floor":14},{"not_picked":["Underhanded Strike+1","ReplayTheSpireMod:Scrap Shanks"],"picked":"Toxin Wave","floor":14},{"not_picked":["Tools of the Trade","Phantasmal Killer"],"picked":"Corpse Explosion","floor":16},{"not_picked":["Underhanded Strike+1","Blur"],"picked":"Distraction+1","floor":18},{"not_picked":["ReplayTheSpireMod:Scrap Shanks","Cloak And Dagger"],"picked":"Flying Knee+1","floor":19},{"not_picked":["Bane","Blade Dance+1"],"picked":"Heel Hook","floor":20},{"not_picked":["Flechettes+1","Outmaneuver"],"picked":"Riddle With Holes","floor":22},{"not_picked":["Flying Knee+1","Eviscerate+1"],"picked":"Dagger Throw","floor":23},{"not_picked":["Slice","Blade Dance+1"],"picked":"Endless Agony+1","floor":24},{"not_picked":["Bouncing Flask","Quick Slash+1"],"picked":"After Image","floor":25},{"not_picked":["Dagger Throw","Dagger Spray"],"picked":"Predator+1","floor":27},{"not_picked":["Acrobatics","Glass Knife"],"picked":"Dagger Throw+1","floor":29},{"not_picked":["Tactician+1","Toxin Wave"],"picked":"Hidden Blade+1","floor":30},{"not_picked":["Quick Slash","conspire:DoublingDagger"],"picked":"Noxious Fumes","floor":31},{"not_picked":["Dagger Throw","Noxious Fumes+1"],"picked":"Slice","floor":31},{"not_picked":["ReplayTheSpireMod:From All Sides","Doppelganger"],"picked":"A Thousand Cuts","floor":33},{"not_picked":["Eviscerate+1","Hidden Blade"],"picked":"ReplayTheSpireMod:Tripwire+1","floor":35},{"not_picked":["Backflip+1","Fluid Movement"],"picked":"Deadly Poison+1","floor":35},{"not_picked":["Infinite Blades+1","Hidden Blade+1"],"picked":"Poisoned Stab+1","floor":36},{"not_picked":["Heel Hook+1","Wraith Form v2"],"picked":"Backstab+1","floor":36},{"not_picked":["Dodge and Roll+1","ReplayTheSpireMod:Tripwire+1"],"picked":"Deadly Poison+1","floor":37},{"not_picked":["Acrobatics+1","Slice"],"picked":"Sucker Punch+1","floor":37},{"not_picked":["Dagger Throw","Flechettes+1"],"picked":"Eviscerate+1","floor":38},{"not_picked":["Bane","Cloak And Dagger"],"picked":"Choke+1","floor":38},{"not_picked":["Deflect+1","Acrobatics+1"],"picked":"Underhanded Strike+1","floor":39},{"not_picked":["Prepared+1","Deadly Poison+1"],"picked":"Quick Slash+1","floor":41},{"not_picked":["Poisoned Stab+1","Endless Agony+1"],"picked":"Riddle With Holes+1","floor":42},{"not_picked":["Backflip+1","Dagger Throw+1"],"picked":"Choke+1","floor":44},{"not_picked":["PiercingWail+1","Blade Dance+1"],"picked":"Die Die Die","floor":44},{"not_picked":["Poisoned Stab+1","Slice+1"],"picked":"Sucker Punch+1","floor":45},{"not_picked":["Dagger Spray+1","After Image"],"picked":"ReplayTheSpireMod:Shiv Toss+1","floor":46},{"not_picked":["Poisoned Stab+1","Dagger Spray+1"],"picked":"ReplayTheSpireMod:Scrap Shanks+1","floor":47},{"not_picked":["Backflip+1","Bane+1"],"picked":"PiercingWail","floor":47},{"not_picked":["Hidden Blade+1","Bane+1"],"picked":"Underhanded Strike+1","floor":48},{"not_picked":["Riddle With Holes+1","Sneak Up+1"],"picked":"ReplayTheSpireMod:Exploit Weakness+1","floor":48},{"not_picked":["ReplayTheSpireMod:Shiv Toss","Quick Slash"],"picked":"Storm of Steel","floor":49},{"not_picked":["Cloak And Dagger+1","Reflex+1"],"picked":"ReplayTheSpireMod:Scrap Shanks","floor":52},{"not_picked":["Prepared","Sneak Up+1"],"picked":"Sucker Punch+1","floor":54}],"player_experience":350549,"relics_obtained":[{"floor":6,"key":"MealTicket"},{"floor":8,"key":"TungstenRod"},{"floor":9,"key":"Thread and Needle"},{"floor":12,"key":"Chameleon Ring"},{"floor":14,"key":"Dream Catcher"},{"floor":15,"key":"Snake Skull"},{"floor":16,"key":"Durian"},{"floor":25,"key":"Mercury Hourglass"},{"floor":26,"key":"Prayer Wheel"},{"floor":26,"key":"Art of War"},{"floor":27,"key":"Unceasing Top"},{"floor":30,"key":"Tiny Chest"},{"floor":32,"key":"Mummified Hand"},{"floor":33,"key":"Torii"},{"floor":39,"key":"White Beast Statue"},{"floor":42,"key":"Mirror"},{"floor":43,"key":"conspire:DeflatedDodgeball"},{"floor":43,"key":"Boot"},{"floor":46,"key":"Garlic"},{"floor":48,"key":"Happy Flower"},{"floor":54,"key":"Bronze Scales"}],"event_choices":[{"damage_healed":0,"gold_gain":0,"player_choice":"Joined the Cult","damage_taken":6,"max_hp_gain":0,"max_hp_loss":0,"event_name":"Nest","floor":21,"gold_loss":0,"cards_obtained":["RitualDagger"]},{"damage_healed":0,"gold_gain":0,"player_choice":"Ignored","damage_taken":0,"max_hp_gain":0,"max_hp_loss":0,"event_name":"Purifier","floor":28,"gold_loss":0}],"is_beta":false,"boss_relics":[{"not_picked":["Kintsugi","Runic Pyramid"],"picked":"SlaversCollar"},{"not_picked":["Calling Bell","Velvet Choker"],"picked":"WristBlade"}],"items_purged_floors":[],"is_endless":false,"potions_floor_spawned":[1,5,11,16,18,19,24,27,30,36,42,44,46,47,48,54],"ascension_level":-20}}