{"host":"5jyeqch4fosnsiz2","time":1612193922,"event":{"mods":["BaseMod","Bestiary","Colored Map","Colored Powertips","Filter the Spire","Minty Spire (QoL Compilation)","Relic Stats","StSLib","Waifu the Spire","ojb\u0027s Better Paths Mod","ojb\u0027s Info Mod"],"gold_per_floor":[112,35,47,47,62,88,88,120,190,190,223,223,238,253,253,253,253],"floor_reached":16,"language":"ENG","playtime":682,"items_purged":[],"score":145,"play_id":"4d3f63a9-a261-4051-9df9-87d3b53fee35","local_time":"20210201103842","is_ascension_mode":false,"campfire_choices":[{"data":"Blur","floor":7,"key":"SMITH"},{"data":"Dagger Spray","floor":10,"key":"SMITH"},{"data":"Dagger Throw","floor":15,"key":"SMITH"}],"circlet_count":0,"master_deck":["Strike_G","Strike_G","Strike_G","Defend_G","Defend_G","Defend_G+1","Defend_G","Defend_G+1","Survivor","Neutralize","Escape Plan","Blur+1","Flying Knee","Flying Knee","Dagger Throw+1","Dagger Spray+1","Dagger Throw","Outmaneuver"],"relics":["Empty Cage","Ice Cream","Art of War","Singing Bowl","MealTicket","Golden Idol"],"acts_visited":["Exordium"],"potions_floor_usage":[6,6,6,8,16],"damage_taken":[{"damage":2,"enemies":"Cultist","floor":1,"turns":5},{"damage":0,"enemies":"Small Slimes","floor":3,"turns":7},{"damage":0,"enemies":"2 Louse","floor":5,"turns":4},{"damage":0,"enemies":"3 Sentries","floor":6,"turns":7},{"damage":14,"enemies":"Lagavulin","floor":8,"turns":12},{"damage":12,"enemies":"Gremlin Nob","floor":11,"turns":4},{"damage":0,"enemies":"Looter","floor":13,"turns":4},{"damage":0,"enemies":"Gremlin Gang","floor":14,"turns":3},{"damage":32,"enemies":"Slime Boss","floor":16,"turns":8}],"seed_played":"-1453675494649342684","potions_obtained":[{"floor":1,"key":"EssenceOfSteel"},{"floor":3,"key":"PowerPotion"},{"floor":5,"key":"Fire Potion"},{"floor":6,"key":"Weak Potion"},{"floor":13,"key":"AttackPotion"}],"is_trial":false,"path_per_floor":["M","$","M","?","M","E","R","E","T","R","E","?","M","M","R","B"],"character_chosen":"THE_SILENT","items_purchased":["Blur"],"campfire_rested":0,"item_purchase_floors":[2],"current_hp_per_floor":[68,68,68,54,54,54,54,40,40,40,30,30,30,30,30,0,0],"gold":253,"neow_bonus":"BOSS_RELIC","is_daily":false,"chose_seed":false,"campfire_upgraded":3,"win_rate":0.0,"timestamp":1612193922,"path_taken":["M","$","?","?","M","E","R","E","T","R","E","?","M","M","R","BOSS"],"items_purchased_type":["Card"],"build_version":"2020-12-22","purchased_purges":0,"victory":false,"max_hp_per_floor":[70,70,70,70,70,70,70,70,70,70,72,67,67,67,67,67,67],"relic_stats":{"Singing Bowl":2,"counters":[9,54],"Golden Idol":6,"MealTicket":0,"Art of War":[1],"obtain_stats":[{"Ice Cream":6,"Singing Bowl":9,"Golden Idol":12,"MealTicket":11,"Art of War":8,"Empty Cage":0,"Ring of the Snake":0},{"Ice Cream":4,"Singing Bowl":5,"Golden Idol":6,"MealTicket":6,"Art of War":5,"Empty Cage":0,"Ring of the Snake":0},{"Ice Cream":23,"Singing Bowl":35,"Golden Idol":39,"MealTicket":39,"Art of War":35,"Empty Cage":0,"Ring of the Snake":0}]},"card_choices":[{"not_picked":["Backstab","Predator"],"picked":"Escape Plan","floor":1},{"not_picked":["Eviscerate","Caltrops"],"picked":"Flying Knee","floor":3},{"not_picked":["Dagger Spray","Riddle With Holes"],"picked":"Flying Knee","floor":5},{"not_picked":["Terror","Eviscerate"],"picked":"Dagger Throw","floor":6},{"not_picked":["Distraction","PiercingWail"],"picked":"Dagger Spray","floor":8},{"not_picked":["Eviscerate","Unload","Dodge and Roll"],"picked":"Singing Bowl","floor":11},{"not_picked":["Blade Dance","Deflect"],"picked":"Dagger Throw","floor":13},{"not_picked":["Prepared","Bane"],"picked":"Outmaneuver","floor":14}],"player_experience":368050,"relics_obtained":[{"floor":6,"key":"Ice Cream"},{"floor":8,"key":"Art of War"},{"floor":9,"key":"Singing Bowl"},{"floor":11,"key":"MealTicket"}],"event_choices":[{"damage_healed":0,"gold_gain":0,"player_choice":"Entered Light","damage_taken":14,"max_hp_gain":0,"max_hp_loss":0,"event_name":"Shining Light","floor":4,"gold_loss":0,"cards_upgraded":["Defend_G","Defend_G"]},{"damage_healed":0,"gold_gain":0,"player_choice":"Lose Max HP","damage_taken":0,"relics_obtained":["Golden Idol"],"max_hp_gain":0,"max_hp_loss":5,"event_name":"Golden Idol","floor":12,"gold_loss":0}],"is_beta":false,"boss_relics":[],"items_purged_floors":[],"is_endless":false,"potions_floor_spawned":[1,3,5,6,13],"killed_by":"Slime Boss","ascension_level":0}}