{"host":"u7y9frlpoazak2mn","time":1612220336,"event":{"mods":["AchievementEnabler","Act Like it!","Alarm Clock","Aspiration","Astrologer","BaseMod","Beaked The Cultist","Better Altar","Better Match","Better Note","Better Sensory Stone","Better Skull","Better Third Choice","CCEM2","Chen","Colored Map","Colored Powertips","Conspire","Curses Come First","Dark Map","Displayed Cursed Tome","Energized Spire","Friendly Minions","Gensokyo","GifTheSpireLib","Glutton Mod","Halation","Hallownest","Hermit","Hubris","Infinite Spire","Jedi Mod","Koishi","Marisa????????","Marked Mod","Mimic Mod","Minty Spire (QoL Compilation)","Pale of the Ancients","Prisma Mod","Quick Restart","Random Character Button","Rare Cards Sparkle","Relic Stats","Reliquary","Remilia??????","Replay The Spire","Retaliation","Spicy Shops","Spikes Relics","StS++","StSLib","Stuff the Spire","The Administrix","The Blue Laboratory","The Bug Knight","The Construct","The Cursed","The Druid","The Forsaken","The Juggle","The Jungle","The Marked","The Servant 0.9.4","Waifu the Spire","Wandering Minibosses","Wide Potions","Yuri Mod"],"gold_per_floor":[113,38,38,56,56,84,84,94,127,82,82,82],"floor_reached":11,"language":"ENG","playtime":611,"items_purged":[],"score":96,"play_id":"de9de10c-895e-4b7d-9d47-e3c39e6a614a","local_time":"20210201175856","is_ascension_mode":false,"campfire_choices":[{"data":"PathToVictory","floor":7,"key":"SMITH"}],"circlet_count":0,"master_deck":["conspire:GhostlyStrike","conspire:GhostlyStrike","conspire:GhostlyDefend","conspire:GhostlyDefend","conspire:GhostlyDefend","conspire:GhostlyDefend","Eruption","Vigilance","FlurryOfBlows","Nirvana+1","PathToVictory+1","Replay:ManipulateFuture","Replay:Battleflow"],"relics":["PureWater","reliquary:Solitaire","jedi:cryingmask"],"acts_visited":["Exordium"],"potions_floor_usage":[10],"damage_taken":[{"damage":0,"enemies":"2 Louse","floor":1,"turns":3},{"damage":0,"enemies":"Jaw Worm","floor":4,"turns":7},{"damage":28,"enemies":"Gremlin Nob","floor":6,"turns":4},{"damage":10,"enemies":"Small Slimes","floor":8,"turns":2},{"damage":8,"enemies":"Looter","floor":9,"turns":7},{"damage":13,"enemies":"Looter","floor":10,"turns":5},{"damage":14,"enemies":"3 Sentries","floor":11,"turns":1}],"seed_played":"1186023677367692245","potions_obtained":[{"floor":4,"key":"Dexterity Potion"}],"is_trial":false,"path_per_floor":["M","$","?","M","?","E","R","M","MIM","M","E"],"character_chosen":"WATCHER","items_purchased":["reliquary:Solitaire"],"campfire_rested":0,"item_purchase_floors":[2],"current_hp_per_floor":[72,72,72,72,72,44,44,34,26,13,0,0],"gold":82,"neow_bonus":"REMOVE_CARD","is_daily":false,"chose_seed":false,"campfire_upgraded":1,"win_rate":0.0,"timestamp":1612220336,"path_taken":["M","$","?","M","?","E","R","M","MIM","M","E"],"items_purchased_type":["Relic"],"build_version":"2020-12-22","purchased_purges":0,"victory":false,"max_hp_per_floor":[72,72,72,72,72,72,72,72,72,72,72,72],"relic_stats":{"counters":[7,29],"obtain_stats":[{"reliquary:Solitaire":2,"jedi:cryingmask":6,"PureWater":0},{"reliquary:Solitaire":1,"jedi:cryingmask":3,"PureWater":0},{"reliquary:Solitaire":3,"jedi:cryingmask":14,"PureWater":0}]},"card_choices":[{"not_picked":["Replay:AtTheReady","ClearTheMind"],"picked":"FlurryOfBlows","floor":1},{"not_picked":["Replay:AtTheReady","Perseverance","Collect"],"picked":"SKIP","floor":4},{"not_picked":["WaveOfTheHand","ThirdEye"],"picked":"PathToVictory","floor":6},{"not_picked":["BowlingBash","CutThroughFate"],"picked":"Replay:ManipulateFuture","floor":8},{"not_picked":["Nirvana","Halt"],"picked":"Replay:Battleflow","floor":9},{"not_picked":["Swivel","Evaluate","WindmillStrike"],"picked":"SKIP","floor":10}],"player_experience":367263,"relics_obtained":[{"floor":6,"key":"jedi:cryingmask"}],"event_choices":[{"damage_healed":0,"gold_gain":0,"player_choice":"Agree","damage_taken":0,"max_hp_gain":0,"max_hp_loss":0,"event_name":"conspire:LoneGhost","floor":5,"gold_loss":0}],"is_beta":false,"boss_relics":[],"items_purged_floors":[],"is_endless":false,"potions_floor_spawned":[4],"killed_by":"3 Sentries","ascension_level":0}}