{"host":"gzk4gkgy3zij1c51","time":1612210543,"event":{"mods":["BaseMod","Colored Map","Downfall","Highlight Path","Marked Mod","Minty Spire (QoL Compilation)","Relic Stats","StSLib","everything is the same but u backflip on backflip"],"gold_per_floor":[117,136,155,169,182,211,137,137,210,268,268,297,316,328,328,430,430,443,443,443,463,463,497,516,516,539,569,569,569],"floor_reached":28,"language":"ENG","playtime":1652,"items_purged":[],"score":430,"play_id":"7bbba73a-e58d-43e1-aea0-dfa18e97f3c1","local_time":"20210201201543","is_ascension_mode":true,"campfire_choices":[{"data":"Chaos","floor":8.0,"key":"SMITH"},{"floor":15.0,"key":"REST"},{"data":"Double Energy","floor":25,"key":"SMITH"}],"circlet_count":0,"master_deck":["AscendersBane","Strike_B","Defend_B","Defend_B","Defend_B","Zap","Dualcast","White Noise","Streamline","Conserve Battery","Chaos+1","Glacier","Sweeping Beam","Self Repair","Static Discharge+1","BootSequence","Double Energy+1","Loop","Go for the Eyes","Thunder Strike","Loop+1","Core Surge+1","Sunder+1","Self Repair+1","Coolheaded","Gash+1","Hologram+1","Gash+1"],"relics":["Cracked Core","Nunchaku","Pear","TungstenRod","Akabeko","Astrolabe","Molten Egg 2","CaptainsWheel","Matryoshka","Bag of Marbles","Peace Pipe"],"acts_visited":["Exordium","TheCity"],"potions_floor_usage":[16,27,28],"damage_taken":[{"damage":0.0,"enemies":"Cultist","floor":1.0,"turns":4.0},{"damage":2.0,"enemies":"Jaw Worm","floor":2.0,"turns":3.0},{"damage":10.0,"enemies":"2 Louse","floor":3.0,"turns":4.0},{"damage":4.0,"enemies":"2 Fungi Beasts","floor":4.0,"turns":5.0},{"damage":17.0,"enemies":"Gremlin Gang","floor":5.0,"turns":4.0},{"damage":25.0,"enemies":"Lagavulin","floor":6.0,"turns":9.0},{"damage":5.0,"enemies":"3 Sentries","floor":10.0,"turns":9.0},{"damage":17.0,"enemies":"Gremlin Nob","floor":12.0,"turns":4.0},{"damage":5.0,"enemies":"3 Louse","floor":13.0,"turns":2.0},{"damage":4.0,"enemies":"2 Fungi Beasts","floor":14.0,"turns":3.0},{"damage":22,"enemies":"Slime Boss","floor":16,"turns":14},{"damage":6,"enemies":"Chosen","floor":18,"turns":5},{"damage":18,"enemies":"Shell Parasite","floor":21,"turns":7},{"damage":48,"enemies":"Book of Stabbing","floor":23,"turns":6},{"damage":5,"enemies":"Snake Plant","floor":24,"turns":4},{"damage":36,"enemies":"Gremlin Leader","floor":27,"turns":5},{"damage":21,"enemies":"Centurion and Healer","floor":28,"turns":4}],"seed_played":"-1818613452204715333","potions_obtained":[{"floor":3.0,"key":"ColorlessPotion"},{"floor":5.0,"key":"Fruit Juice"},{"floor":10.0,"key":"Block Potion"},{"floor":13.0,"key":"DuplicationPotion"},{"floor":14.0,"key":"EssenceOfSteel"},{"floor":21,"key":"sneckomod:MuddlingPotion"},{"floor":23,"key":"LiquidBronze"},{"floor":27,"key":"champ:CounterPotion"}],"is_trial":false,"path_per_floor":["M","M","M","M","M","E","$","R","T","?","?","E","M","M","R","B",null,"M","?","?","M","T","E","M","R","T","E","M"],"character_chosen":"DEFECT","items_purchased":["Static Discharge"],"campfire_rested":1,"item_purchase_floors":[7],"current_hp_per_floor":[68,66,56,52,40,15,15,15,25,27,27,17,12,8,35,20,73,74,74,74,73,73,42,47,47,47,18,0,0],"gold":569,"neow_bonus":"TRANSFORM_CARD","is_daily":false,"chose_seed":false,"campfire_upgraded":2,"win_rate":0.0,"timestamp":1612210543,"path_taken":["M","M","M","M","M","E","$","R","T","?","?","E","?","M","R","BOSS","M","?","?","M","?","E","M","R","T","E","M"],"items_purchased_type":["Card"],"build_version":"2020-12-22","purchased_purges":0,"victory":false,"max_hp_per_floor":[75,75,75,75,80,80,80,80,90,90,90,90,90,90,90,90,90,90,90,90,90,90,90,90,90,90,90,90,90],"relic_stats":{"Peace Pipe":0,"Nunchaku":[5],"counters":[17,92],"Astrolabe":["Loop","Core Surge","Sunder"],"obtain_stats":[{"Peace Pipe":27,"Nunchaku":6,"CaptainsWheel":22,"Pear":9,"Matryoshka":23,"Astrolabe":17,"Molten Egg 2":20,"Bag of Marbles":26,"Cracked Core":0,"TungstenRod":10,"Akabeko":12},{"Peace Pipe":16,"Nunchaku":6,"CaptainsWheel":13,"Pear":6,"Matryoshka":14,"Astrolabe":11,"Molten Egg 2":12,"Bag of Marbles":15,"Cracked Core":0,"TungstenRod":7,"Akabeko":8},{"Peace Pipe":88,"Nunchaku":29,"CaptainsWheel":73,"Pear":29,"Matryoshka":79,"Astrolabe":61,"Molten Egg 2":66,"Bag of Marbles":83,"Cracked Core":0,"TungstenRod":38,"Akabeko":42}],"TungstenRod":31},"card_choices":[{"not_picked":["Hologram","Conserve Battery"],"picked":"Streamline","floor":1.0},{"not_picked":["Go for the Eyes","Steam"],"picked":"Conserve Battery","floor":2.0},{"not_picked":["Coolheaded","Undo"],"picked":"Chaos","floor":3.0},{"not_picked":["Steam Power","Reinforced Body"],"picked":"Glacier","floor":4.0},{"not_picked":["Cold Snap","Redo"],"picked":"Sweeping Beam","floor":5.0},{"not_picked":["Skim","Steam Power"],"picked":"Self Repair","floor":6.0},{"not_picked":["Reinforced Body","Go for the Eyes"],"picked":"BootSequence","floor":10.0},{"not_picked":["Blizzard","Hologram"],"picked":"Double Energy","floor":12.0},{"not_picked":["Skim","Ball Lightning"],"picked":"Loop","floor":13.0},{"not_picked":["Stack","Streamline"],"picked":"Go for the Eyes","floor":14.0},{"not_picked":["Biased Cognition","All For One"],"picked":"Thunder Strike","floor":16},{"not_picked":["Capacitor","Leap"],"picked":"Self Repair+1","floor":18},{"not_picked":["Redo","Steam+1"],"picked":"Coolheaded","floor":21},{"not_picked":["Go for the Eyes+1","Ball Lightning+1"],"picked":"Gash+1","floor":23},{"not_picked":["Go for the Eyes+1","Streamline+1"],"picked":"Hologram+1","floor":24},{"not_picked":["Beam Cell+1","Reinforced Body"],"picked":"Gash+1","floor":27}],"player_experience":1117296,"relics_obtained":[{"floor":6.0,"key":"Nunchaku"},{"floor":9.0,"key":"Pear"},{"floor":10.0,"key":"TungstenRod"},{"floor":12.0,"key":"Akabeko"},{"floor":22,"key":"CaptainsWheel"},{"floor":23,"key":"Matryoshka"},{"floor":26,"key":"Bag of Marbles"},{"floor":27,"key":"Peace Pipe"}],"event_choices":[{"damage_healed":0.0,"max_hp_gain":0.0,"max_hp_loss":0.0,"gold_gain":0.0,"event_name":"Dead Adventurer","player_choice":"Searched \u00272\u0027 times","floor":10.0,"gold_loss":0.0,"damage_taken":0.0},{"damage_healed":0.0,"max_hp_gain":0.0,"max_hp_loss":0.0,"gold_gain":0.0,"event_name":"Upgrade Shrine","player_choice":"Upgraded","floor":11.0,"gold_loss":0.0,"damage_taken":0.0,"cards_upgraded":["Static Discharge"]},{"damage_healed":0,"gold_gain":0,"player_choice":"Ignored","damage_taken":0,"max_hp_gain":0,"max_hp_loss":0,"event_name":"Vampires","floor":19,"gold_loss":0},{"damage_healed":0,"gold_gain":0,"player_choice":"Opened","damage_taken":0,"relics_obtained":["Molten Egg 2"],"max_hp_gain":0,"max_hp_loss":0,"event_name":"The Mausoleum","floor":20,"gold_loss":0}],"is_beta":false,"boss_relics":[{"not_picked":["Sozu","Velvet Choker"],"picked":"Astrolabe"}],"items_purged_floors":[],"is_endless":false,"potions_floor_spawned":[3,5,10,13,14,21,23,27],"killed_by":"Centurion and Healer","ascension_level":10}}