{"host":"mbn9irm3ni4agvog","time":1612178621,"event":{"mods":["AchievementEnabler","Aspiration","BaseMod","Better Match","Better Note","Better Skull","Better Third Choice","BetterRewards","Challenge The Spire","Colored Powertips","Conspire","Downfall","GifTheSpireLib","GungeonMod","Halation","Hermit","Hubris","Infinite Spire","Minty Spire (QoL Compilation)","Relic Sorter","Relic Stats","Replay The Spire","Shade Mod","Shop Mod","Spicy Shops","StSLib","Stuff the Spire","TestMod","The Blue Laboratory","The Construct","The Cursed","The Jungle","The Necromancer","The Runesmith","The Servant 0.9.4","Uncapped"],"gold_per_floor":[99,116,131,131,131,142,142,142,142,142,142],"floor_reached":9,"language":"ENG","playtime":1352,"items_purged":[],"score":51,"play_id":"947b5359-be53-4a9c-b965-2bcdf38b136a","local_time":"20210201122341","is_ascension_mode":false,"campfire_choices":[],"circlet_count":0,"master_deck":["bronze:Strike","bronze:Strike","bronze:Strike","bronze:Strike","bronze:Defend","bronze:Defend","bronze:Defend","bronze:Defend","bronze:Replicate","bronze:Goto","bronze:Deprecate","bronze:CutThrough","StuffTheSpire:CuriosityCurse"],"relics":["bronze:BronzeCore","testmod-TestBox","Singing Bowl","halation:YellowSoulGem","testmod-DragonStarHat","halation:EternalFortune"],"acts_visited":["Exordium"],"potions_floor_usage":[],"damage_taken":[{"damage":6,"enemies":"Jaw Worm","floor":2,"turns":4},{"damage":0,"enemies":"Small Slimes","floor":3,"turns":3},{"damage":3,"enemies":"2 Louse","floor":6,"turns":5},{"damage":94,"enemies":"Gremlin Nob","floor":9,"turns":6}],"seed_played":"7710385498162544885","potions_obtained":[{"floor":2,"key":"DuplicationPotion"},{"floor":6,"key":"blueLaboratory:HorrorPotion"}],"is_trial":false,"path_per_floor":["R","M","M","?","?","M","T","?","E"],"character_chosen":"THE_AUTOMATON","items_purchased":[],"campfire_rested":0,"item_purchase_floors":[],"current_hp_per_floor":[77,71,71,71,71,70,70,73,0,0,0],"gold":142,"neow_bonus":"TEN_PERCENT_HP_BONUS","is_daily":false,"chose_seed":false,"campfire_upgraded":0,"win_rate":0.0,"timestamp":1612178621,"path_taken":["R","M","M","?","?","?","T","?","E"],"items_purchased_type":[],"build_version":"2020-12-22","purchased_purges":0,"victory":false,"max_hp_per_floor":[77,77,77,77,77,79,79,82,82,82,82],"relic_stats":{"Singing Bowl":2,"counters":[4,18],"obtain_stats":[{"halation:YellowSoulGem":5,"bronze:BronzeCore":0,"testmod-TestBox":0,"Singing Bowl":4,"halation:EternalFortune":8,"DemoMod:GlassGuonStoneRelic":2,"testmod-DragonStarHat":7},{"halation:YellowSoulGem":2,"bronze:BronzeCore":0,"testmod-TestBox":0,"Singing Bowl":2,"halation:EternalFortune":3,"DemoMod:GlassGuonStoneRelic":1,"testmod-DragonStarHat":3},{"halation:YellowSoulGem":7,"bronze:BronzeCore":0,"testmod-TestBox":0,"Singing Bowl":7,"halation:EternalFortune":12,"DemoMod:GlassGuonStoneRelic":4,"testmod-DragonStarHat":12}]},"card_choices":[{"not_picked":["bronze:ForceShield","bronze:NullPointer"],"picked":"bronze:Deprecate","floor":2},{"not_picked":["bronze:Frontload","bronze:Branch"],"picked":"bronze:CutThrough","floor":3},{"not_picked":["bronze:BitShift","bronze:Deprecate","bronze:BronzeArmor"],"picked":"Singing Bowl","floor":6}],"player_experience":208293,"relics_obtained":[{"floor":7,"key":"testmod-DragonStarHat"}],"event_choices":[],"is_beta":false,"boss_relics":[],"items_purged_floors":[],"is_endless":false,"potions_floor_spawned":[2,6],"killed_by":"Gremlin Nob","ascension_level":0}}