{"host":"swphzoo6hmc78epl","time":1612153119,"event":{"mods":["BaseMod","Highlight Path","Minty Spire (QoL Compilation)","Quick Restart"],"gold_per_floor":[118,118,118,293,303,303,334,334,334,72,106,206,234,266,278,290,290],"floor_reached":16,"language":"ENG","playtime":418,"items_purged":[],"score":162,"play_id":"a75a298c-f783-430e-a0dd-2fdfae111594","local_time":"20210131231839","is_ascension_mode":true,"campfire_choices":[{"data":"Streamline","floor":6,"key":"SMITH"},{"data":"Zap","floor":8,"key":"SMITH"},{"data":"Loop","floor":15,"key":"SMITH"}],"circlet_count":0,"master_deck":["Strike_B","Strike_B","Defend_B","Defend_B","Defend_B","Defend_B","Zap+1","Dualcast","Streamline+1","Doubt","Ball Lightning","Loop+1","Sweeping Beam"],"relics":["Cracked Core","NeowsBlessing","Juzu Bracelet","Gremlin Horn","Shuriken","MawBank"],"acts_visited":["Exordium"],"potions_floor_usage":[16],"damage_taken":[{"damage":0,"enemies":"Small Slimes","floor":1,"turns":1},{"damage":0,"enemies":"2 Louse","floor":5,"turns":1},{"damage":0,"enemies":"3 Sentries","floor":7,"turns":1},{"damage":25,"enemies":"Lagavulin","floor":11,"turns":6},{"damage":15,"enemies":"3 Sentries","floor":13,"turns":5},{"damage":7,"enemies":"Jaw Worm","floor":14,"turns":2},{"damage":24,"enemies":"Hexaghost","floor":16,"turns":7}],"seed_played":"3022967851009284734","potions_obtained":[{"floor":1,"key":"LiquidBronze"},{"floor":14,"key":"Ancient Potion"}],"is_trial":false,"path_per_floor":["M","?","?","?","M","R","E","R","T","$","E","?","E","M","R","B"],"character_chosen":"DEFECT","items_purchased":["Gremlin Horn"],"campfire_rested":0,"item_purchase_floors":[10],"current_hp_per_floor":[75,68,68,68,68,68,68,68,68,68,43,43,28,21,21,0,0],"gold":290,"neow_bonus":"THREE_ENEMY_KILL","is_daily":false,"chose_seed":false,"campfire_upgraded":3,"win_rate":0.0,"timestamp":1612153119,"path_taken":["M","?","?","?","?","R","E","R","T","$","E","?","E","M","R","BOSS"],"items_purchased_type":["Relic"],"build_version":"2020-12-22","purchased_purges":0,"victory":false,"max_hp_per_floor":[75,75,75,75,75,75,75,75,75,75,75,75,75,75,75,75,75],"card_choices":[{"not_picked":["Storm","Coolheaded"],"picked":"Streamline","floor":1},{"not_picked":["Streamline","Steam","Undo"],"picked":"SKIP","floor":5},{"not_picked":["Hologram","Beam Cell"],"picked":"Ball Lightning","floor":7},{"not_picked":["Steam","Double Energy","Stack"],"picked":"SKIP","floor":11},{"not_picked":["Chaos","Conserve Battery"],"picked":"Loop","floor":13},{"not_picked":["Go for the Eyes","Hologram"],"picked":"Sweeping Beam","floor":14}],"player_experience":852805,"relics_obtained":[{"floor":7,"key":"Juzu Bracelet"},{"floor":11,"key":"Shuriken"},{"floor":13,"key":"MawBank"}],"event_choices":[{"cards_removed":["Strike_B"],"damage_healed":0,"gold_gain":0,"player_choice":"Card Removal","damage_taken":7,"max_hp_gain":0,"max_hp_loss":0,"event_name":"Golden Wing","floor":2,"gold_loss":0},{"cards_removed":["Strike_B"],"damage_healed":0,"gold_gain":0,"player_choice":"Forget","damage_taken":0,"max_hp_gain":0,"max_hp_loss":0,"event_name":"Living Wall","floor":3,"gold_loss":0},{"damage_healed":0,"gold_gain":175,"player_choice":"AGREE","damage_taken":0,"max_hp_gain":0,"max_hp_loss":0,"event_name":"Liars Game","floor":4,"gold_loss":0,"cards_obtained":["Doubt"]},{"damage_healed":0,"gold_gain":100,"player_choice":"Pray","damage_taken":0,"max_hp_gain":0,"max_hp_loss":0,"event_name":"Golden Shrine","floor":12,"gold_loss":0}],"is_beta":false,"boss_relics":[],"items_purged_floors":[],"is_endless":false,"potions_floor_spawned":[1,14],"killed_by":"Hexaghost","ascension_level":3}}