{"host":"t0r9wuv4zaiwets7","time":1612214885,"event":{"mods":["AchievementEnabler","BaseMod","Bestiary","Colored Map","Colored Powertips","Downfall","Highlight Path","Minty Spire (QoL Compilation)","StSLib"],"gold_per_floor":[99,118,118,133,146,146,169,181,195,210,210,14,30,50,62,62,62,62],"floor_reached":16,"language":"ENG","playtime":861,"items_purged":[],"score":98,"play_id":"b5bf612f-fa99-4481-8c34-0e4c7ca68c9b","local_time":"20210201132805","is_ascension_mode":false,"campfire_choices":[{"data":"champ:HoldFirm","floor":1.0,"key":"SMITH"}],"circlet_count":0,"master_deck":["champ:Strike","champ:Strike","champ:Strike","champ:Strike","champ:Defend","champ:Defend","champ:Defend","champ:Defend","champ:Execute","champ:Taunt","champ:HoldFirm+1","champ:DefensiveShout","champ:Circumvent","champ:HoldFirm+1","champ:FalseCounter","champ:IronFortress","champ:BringItOn","expansioncontent:DashGenerateEvil","champ:SkillfulDodge","champ:DefensiveShout","champ:ArenaPreparation"],"relics":["champ:ChampionCrown","downfall:ShatteredFragment","Nunchaku","Eternal Feather"],"acts_visited":["Exordium"],"potions_floor_usage":[],"damage_taken":[{"damage":10.0,"enemies":"2 Louse","floor":2.0,"turns":3.0},{"damage":10.0,"enemies":"Cultist","floor":4.0,"turns":3.0},{"damage":1.0,"enemies":"Jaw Worm","floor":5.0,"turns":4.0},{"damage":17.0,"enemies":"3 Louse","floor":8.0,"turns":4.0},{"damage":0.0,"enemies":"Red Slaver","floor":9.0,"turns":3.0},{"damage":5.0,"enemies":"Exordium Thugs","floor":10.0,"turns":6.0},{"damage":5.0,"enemies":"downfall:FleeingMerchant","floor":12.0,"turns":4.0},{"damage":10.0,"enemies":"3 Louse","floor":13.0,"turns":2.0},{"damage":7.0,"enemies":"Blue Slaver","floor":14.0,"turns":3.0},{"damage":0.0,"enemies":"Gremlin Gang","floor":15.0,"turns":4.0},{"damage":0,"enemies":"SI_SHIV_ARCHETYPE","floor":16,"turns":1}],"seed_played":"-6172586241157702270","potions_obtained":[{"floor":4.0,"key":"Strength Potion"},{"floor":8.0,"key":"Swift Potion"},{"floor":10.0,"key":"SpeedPotion"}],"is_trial":false,"path_per_floor":["R","M","?","M","M","?","T","M","M","M","?","$","M","M","M","B"],"character_chosen":"THE_CHAMP","items_purchased":["expansioncontent:DashGenerateEvil"],"campfire_rested":0,"item_purchase_floors":[12],"current_hp_per_floor":[90,90,63,63,62,62,62,55,55,55,55,55,45,38,38,38,38,38],"gold":62,"neow_bonus":"ONE_RANDOM_RARE_CARD","is_daily":false,"chose_seed":false,"campfire_upgraded":1,"win_rate":0.0,"timestamp":1612214885,"path_taken":["R","M","?","M","M","?","T","M","?","M","?","$","M","M","M","BOSS"],"items_purchased_type":["Card"],"build_version":"2020-12-22","purchased_purges":0,"victory":false,"max_hp_per_floor":[90,90,90,90,90,90,90,90,90,90,90,90,90,90,90,90,90,90],"card_choices":[{"not_picked":["champ:PreemptiveStrike","champ:TornadoPunch"],"picked":"champ:DefensiveShout","floor":2.0},{"not_picked":["champ:FanOfKnives","champ:RapidStrikes"],"picked":"champ:Circumvent","floor":4.0},{"not_picked":["champ:Parry","champ:Circumvent"],"picked":"champ:HoldFirm","floor":5.0},{"not_picked":["champ:PerfectedStrike","champ:BerserkersShout"],"picked":"champ:FalseCounter","floor":8.0},{"not_picked":["champ:Endure","champ:BerserkersShout"],"picked":"champ:IronFortress","floor":9.0},{"not_picked":["champ:RisingSlash","champ:PreciseThrust"],"picked":"champ:BringItOn","floor":10.0},{"not_picked":["champ:SwordThrow","champ:EndlessRage","champ:Circumvent"],"picked":"SKIP","floor":12.0},{"not_picked":["champ:PerfectedStrike","champ:Backstep"],"picked":"champ:SkillfulDodge","floor":13.0},{"not_picked":["champ:Endure","champ:PreciseThrust"],"picked":"champ:DefensiveShout","floor":14.0},{"not_picked":["champ:TornadoPunch","champ:EndlessRage"],"picked":"champ:ArenaPreparation","floor":15.0}],"player_experience":175919,"relics_obtained":[{"floor":7.0,"key":"Nunchaku"}],"event_choices":[{"damage_healed":0.0,"max_hp_gain":0.0,"max_hp_loss":0.0,"gold_gain":0.0,"event_name":"Accursed Blacksmith","player_choice":"Forge","floor":6.0,"gold_loss":0.0,"damage_taken":0.0,"cards_upgraded":["champ:HoldFirm"]}],"is_beta":false,"boss_relics":[],"items_purged_floors":[],"is_endless":false,"potions_floor_spawned":[4,8,10,15],"killed_by":"SI_SHIV_ARCHETYPE","ascension_level":0}}