{"host":"ugys05tpep779cl6","time":1612166941,"event":{"mods":["AchievementEnabler","Aspiration","BaseMod","Beaked The Cultist","CatGirl Mod","Colored Powertips","HololiveMod","Lobotomy","Minty Spire (QoL Compilation)","Quick Restart","Replay The Spire","Spicy Shops","StSLib","The Druid"],"gold_per_floor":[115,40,52,52,63,63,97,97,123,151,62,62,73,100,100,172,172,144,344,362,376,11,46,46,72,98,98,128,151,20,20,20],"floor_reached":31,"language":"ENG","playtime":1549,"items_purged":["Strike_G","Strike_G","Defend_G"],"score":686,"play_id":"5cd2e2a2-529b-4fac-87c1-523003b0a21d","local_time":"20210201090901","is_ascension_mode":true,"campfire_choices":[{"data":"A Thousand Cuts","floor":6.0,"key":"SMITH"},{"data":"Neutralize","floor":8.0,"key":"SMITH"},{"data":"Footwork","floor":15.0,"key":"SMITH"},{"floor":24.0,"key":"REST"}],"circlet_count":0,"master_deck":["AscendersBane","Strike_G","Strike_G","Strike_G","Defend_G","Defend_G","Defend_G","Defend_G","Survivor","Neutralize+1","Poisoned Stab","A Thousand Cuts+1","Infinite Blades","Footwork+1","Prepared","After Image","Blade Dance","Cloak And Dagger","Envenom","Finesse","Replay:Bag of Tricks","Blur"],"relics":["Ring of the Snake","Hololive_LightStick","WingedGreaves","Pen Nib","MealTicket","aspiration:BabyByrd","Quantum Egg","aspiration:PoetsPen_weak","Smiling Mask","Gremlin Food","Juzu Bracelet","HandDrill"],"acts_visited":["Exordium","TheCity"],"potions_floor_usage":[],"damage_taken":[{"damage":0.0,"enemies":"Jaw Worm","floor":1.0,"turns":3.0},{"damage":0.0,"enemies":"Small Slimes","floor":3.0,"turns":3.0},{"damage":0.0,"enemies":"Cultist","floor":5.0,"turns":3.0},{"damage":1.0,"enemies":"Lagavulin","floor":7.0,"turns":7.0},{"damage":20.0,"enemies":"Gremlin Nob","floor":10.0,"turns":4.0},{"damage":0.0,"enemies":"Gremlin Gang","floor":13.0,"turns":6.0},{"damage":0.0,"enemies":"Lagavulin","floor":14.0,"turns":6.0},{"damage":15.0,"enemies":"Fading Forest","floor":16.0,"turns":11.0},{"damage":22.0,"enemies":"2 Thieves","floor":18.0,"turns":4.0},{"damage":0.0,"enemies":"Shell Parasite","floor":20.0,"turns":3.0},{"damage":25.0,"enemies":"Shelled Parasite and Fungi","floor":21.0,"turns":7.0},{"damage":0.0,"enemies":"Replay:Snechameleon","floor":23.0,"turns":8.0},{"damage":33.0,"enemies":"Slavers","floor":25.0,"turns":4.0},{"damage":1.0,"enemies":"Book of Stabbing","floor":28.0,"turns":6.0},{"damage":0.0,"enemies":"Cultist and Chosen","floor":29.0,"turns":6.0},{"damage":30,"enemies":"Slavers","floor":31,"turns":2}],"seed_played":"2859482410320760153","potions_obtained":[{"floor":1.0,"key":"Weak Potion"},{"floor":5.0,"key":"Poison Potion"},{"floor":14.0,"key":"LiquidBronze"},{"floor":16.0,"key":"LiquidBronze"},{"floor":28.0,"key":"AttackPotion"}],"is_trial":false,"path_per_floor":["M","$","M","?","M","R","E","R","T","E","$","?","M","E","R","B",null,"M","?","M","M","$","E","R","E","T","?","E","M","$","E"],"character_chosen":"THE_SILENT","items_purchased":["Footwork","Envenom","Finesse","HandDrill"],"campfire_rested":1,"item_purchase_floors":[11,22,22,30],"current_hp_per_floor":[59,59,59,59,59,59,58,58,58,38,53,53,53,53,53,38,59,37,37,37,12,27,27,46,13,13,13,12,12,27,0,0],"gold":20,"neow_bonus":"RANDOM_COMMON_RELIC","is_daily":false,"chose_seed":false,"campfire_upgraded":3,"win_rate":0.0,"timestamp":1612166941,"path_taken":["M","$","M","?","M","R","E","R","T","E","$","?","M","E","R","BOSS","M","?","?","?","?","E","R","E","T","?","E","M","$","E"],"items_purchased_type":["Card","Card","Card","Relic"],"build_version":"2020-12-22","purchased_purges":3,"victory":false,"max_hp_per_floor":[66,66,66,66,66,66,66,66,66,66,66,66,66,66,66,66,66,66,66,66,66,66,66,66,66,66,66,66,66,66,66,66],"card_choices":[{"not_picked":["Predator","Masterful Stab","Reflex"],"picked":"SKIP","floor":1.0},{"not_picked":["Dagger Throw","Flying Knee"],"picked":"Poisoned Stab","floor":3.0},{"not_picked":["Dagger Spray","Dagger Throw"],"picked":"A Thousand Cuts","floor":5.0},{"not_picked":["Accuracy","Poisoned Stab"],"picked":"Infinite Blades","floor":7.0},{"not_picked":["Dagger Throw","Distraction","Acrobatics"],"picked":"SKIP","floor":10.0},{"not_picked":["ReplayTheSpireMod:The Works","Dagger Spray","Acrobatics"],"picked":"SKIP","floor":13.0},{"not_picked":["Quick Slash","Calculated Gamble"],"picked":"Prepared","floor":14.0},{"not_picked":["Doppelganger","Adrenaline"],"picked":"After Image","floor":16.0},{"not_picked":["Expertise","Prepared+1"],"picked":"Blade Dance","floor":18.0},{"not_picked":["Footwork","ReplayTheSpireMod:Exploit Weakness+1"],"picked":"Cloak And Dagger","floor":20.0},{"not_picked":["Bane","Cloak And Dagger","Flying Knee"],"picked":"SKIP","floor":21.0},{"not_picked":["Underhanded Strike","Flying Knee","ReplayTheSpireMod:Speed Training"],"picked":"SKIP","floor":23.0},{"not_picked":["PiercingWail+1","ReplayTheSpireMod:Speed Training"],"picked":"Replay:Bag of Tricks","floor":25.0},{"not_picked":["Quick Slash","Leg Sweep"],"picked":"Blur","floor":28.0},{"not_picked":["ReplayTheSpireMod:Exploit Weakness","Cloak And Dagger","Poisoned Stab"],"picked":"SKIP","floor":29.0}],"player_experience":1180006,"relics_obtained":[{"floor":7.0,"key":"WingedGreaves"},{"floor":9.0,"key":"Pen Nib"},{"floor":10.0,"key":"MealTicket"},{"floor":14.0,"key":"Quantum Egg"},{"floor":23.0,"key":"Smiling Mask"},{"floor":25.0,"key":"Gremlin Food"},{"floor":28.0,"key":"Juzu Bracelet"}],"event_choices":[{"damage_healed":0.0,"max_hp_gain":0.0,"max_hp_loss":0.0,"gold_gain":0.0,"event_name":"The Cleric","player_choice":"Leave","floor":4.0,"gold_loss":0.0,"damage_taken":0.0},{"damage_healed":0.0,"max_hp_gain":0.0,"max_hp_loss":0.0,"gold_gain":200.0,"event_name":"Wheel of Change","player_choice":"Gold","floor":19.0,"gold_loss":0.0,"damage_taken":0.0}],"is_beta":false,"boss_relics":[{"not_picked":["aspiration:SecretTechniqueScroll","Honey Jar"],"picked":"aspiration:PoetsPen_weak"}],"items_purged_floors":[2,22,30],"is_endless":false,"potions_floor_spawned":[1,5,14,16,18,23,28],"killed_by":"Slavers","ascension_level":18}}