{"host":"hfxahm4y1ssattqc","time":1612139387,"event":{"mods":["2.2 Compatiblity","Act Like it!","Aspiration","BaseMod","Beaked The Cultist","Better Third Choice","BetterRewards","Colored Map","Colored Powertips","Custom Start","Downfall","Googly Eyes","Halation","Hallownest","Hermit","Highlight Path","Hubris","Mimic Mod","Minty Spire (QoL Compilation)","Reorder Act Four","Replay The Spire","Shop Mod","Spikes Relics","StSLib","The Bug Knight","The IronCluck","The Jungle","Unknown Chances","slay the spire mod where everything is the same but ironclad has a cowboy hat"],"gold_per_floor":[99,112,131,22,22,122,191,215,215,250,267,300,300,40,51,148,148,148,160,176,188,30,30,85,85,96,96,81,106,106,206,226,323,323,323,334,354,354,365,365,365,365],"floor_reached":40,"language":"ENG","playtime":2807,"items_purged":[],"score":414,"play_id":"7c4446ce-a7ab-4d43-9165-e2ac2e4efd3b","local_time":"20210131162947","is_ascension_mode":false,"campfire_choices":[{"data":"Slimebound:Split","floor":9,"key":"SMITH"},{"data":"Slimebound:SlimeBarrage","floor":18,"key":"SMITH"},{"data":"Slimebound:MassRepurpose","floor":23,"key":"SMITH"},{"data":"Slimebound:LeadByExample","floor":25,"key":"SMITH"},{"floor":30,"key":"RECALL"},{"data":"Amnesia","floor":35,"key":"SMITH"}],"circlet_count":0,"master_deck":["Slimebound:Strike_Slimebound","Slimebound:Strike_Slimebound","Slimebound:Strike_Slimebound","Slimebound:Tackle","Slimebound:Defend_Slimebound","Slimebound:Defend_Slimebound+1","Slimebound:Defend_Slimebound","Slimebound:Defend_Slimebound","Slimebound:Split+1","Slimebound:CorrosiveSpit","Slimebound:ViciousTackle","Slimebound:SamplingLick","Slimebound:LevelUp+1","Slimebound:Replication","Slimebound:RainOfGoop","Slimebound:SlimeBarrage+1","Slimebound:LeechLife","Slimebound:Repurpose+1","Slimebound:LeadByExample+1","Slimebound:MassRepurpose+1","Slimebound:Replication","Slimebound:Repurpose+1","hubris:DuctTapeCard","Slimebound:SplitBruiser","Slimebound:OozeBath","CurseOfTheBell"],"relics":["Slimebound:AbsorbEndCombat","Ancient Tea Set","Mirror","hubris:TenFootPole","BrokenLever","CosmicIsotope","ClockworkSouvenir","halation:PrussianBluePaint","Ring of Searing","ReplayTheSpireMod:Ring of Addiction","SacredBark","Toy Ornithopter","aspiration:Stabinomicon","halation:QuantumPhysicsTextbook","hubris:DuctTape","Calling Bell","Orichalcum","Molten Egg 2","Turnip"],"acts_visited":["Exordium","TheCity","TheBeyond"],"potions_floor_usage":[16,29,32,33,36,37,40],"damage_taken":[{"damage":4.0,"enemies":"2 Louse","floor":2.0,"turns":3.0},{"damage":12.0,"enemies":"Jaw Worm","floor":3.0,"turns":5.0},{"damage":3.0,"enemies":"downfall:FleeingMerchant","floor":4.0,"turns":4.0},{"damage":22,"enemies":"Lagavulin","floor":10,"turns":6},{"damage":9,"enemies":"Cultist","floor":11,"turns":4},{"damage":13,"enemies":"Replay:BlueRogue","floor":12,"turns":4},{"damage":2,"enemies":"downfall:FleeingMerchant","floor":14,"turns":4},{"damage":19,"enemies":"Exordium Wildlife","floor":15,"turns":6},{"damage":15,"enemies":"IC_STATUS_ARCHETYPE","floor":16,"turns":8},{"damage":30,"enemies":"3 Byrds","floor":19,"turns":5},{"damage":12,"enemies":"Chosen","floor":20,"turns":5},{"damage":36,"enemies":"Shelled Parasite and Fungi","floor":21,"turns":8},{"damage":10,"enemies":"downfall:FleeingMerchant","floor":22,"turns":4},{"damage":3,"enemies":"Chosen and Byrds","floor":26,"turns":5},{"damage":23,"enemies":"downfall:FleeingMerchant","floor":28,"turns":4},{"damage":23,"enemies":"Book of Stabbing","floor":29,"turns":8},{"damage":23,"enemies":"SI_SHIV_ARCHETYPE","floor":31,"turns":4},{"damage":20,"enemies":"Centurion and Healer","floor":32,"turns":8},{"damage":11,"enemies":"WA_ARCHETYPE_CALM","floor":33,"turns":7},{"damage":54,"enemies":"3 Darklings","floor":36,"turns":6},{"damage":20,"enemies":"Orb Walker","floor":37,"turns":3},{"damage":20,"enemies":"Maw","floor":39,"turns":6},{"damage":14,"enemies":"downfall:FleeingMerchant","floor":40,"turns":3}],"seed_played":"4731801524327967735","potions_obtained":[{"floor":2.0,"key":"Block Potion"},{"floor":10,"key":"Explosive Potion"},{"floor":15,"key":"Block Potion"},{"floor":16,"key":"AttackPotion"},{"floor":27,"key":"sneckomod:MuddlingPotion"},{"floor":29,"key":"sneckomod:MuddlingPotion"},{"floor":32,"key":"Weak Potion"},{"floor":37,"key":"Block Potion"},{"floor":39,"key":"Reflective Coating"}],"is_trial":false,"path_per_floor":["R_BF","M","M","$","?","?","T","T","R","E","M","E","?","$","M","B",null,"R","M","M","M","$","R","T","R","M","?","$","E","R","?","M","B",null,"R","M","M","?","M","$"],"character_chosen":"SLIMEBOUND","items_purchased":["expansioncontent:YouAreMine","BrokenLever","ClockworkSouvenir"],"campfire_rested":0,"item_purchase_floors":[4,14,22],"current_hp_per_floor":[71,71,64,63,63,63,63,63,63,47,40,31,31,31,16,7,71,71,59,68,70,71,71,71,71,71,71,52,66,66,51,42,52,71,71,28,15,15,5,0,0,0],"gold":365,"neow_bonus":"TEN_PERCENT_HP_BONUS","is_daily":false,"chose_seed":false,"campfire_upgraded":5,"win_rate":0.0,"timestamp":1612139387,"path_taken":["R_BF","M","M","$","?","?","T","?","R","E","M","E","?","$","M","BOSS","R","M","M","M","?","R","T","R","M","?","?","E","R","?","M","BOSS","R","M","M","?","?","$"],"items_purchased_type":["Card","Relic","Relic"],"build_version":"2020-12-22","purchased_purges":0,"victory":false,"max_hp_per_floor":[71,71,71,71,71,71,71,71,71,71,71,71,71,71,71,71,71,71,71,71,71,71,71,71,71,71,71,71,71,71,71,71,71,71,71,71,71,71,71,71,71,71],"card_choices":[{"not_picked":["Slimebound:PressTheAttack","Slimebound:Grow"],"picked":"Slimebound:ViciousTackle","floor":2.0},{"not_picked":["Slimebound:Dissolve","Slimebound:SlimeSpikes"],"picked":"Slimebound:SamplingLick","floor":3.0},{"not_picked":["Slimebound:Grow","Slimebound:GoopSpray"],"picked":"Slimebound:LevelUp","floor":4},{"not_picked":["Slimebound:SplitLeeching","Slimebound:SlimeSpikes"],"picked":"Slimebound:Replication","floor":10},{"not_picked":["Slimebound:SplitAcid","Slimebound:ForwardTackle"],"picked":"Slimebound:RainOfGoop","floor":11},{"not_picked":["Slimebound:Gluttony","Slimebound:FinishingTackle","Slimebound:GrowthPunch"],"picked":"SKIP","floor":12},{"not_picked":["Slimebound:GoopSpray","Slimebound:SplitBruiser"],"picked":"Slimebound:MegaLick","floor":14},{"not_picked":["Slimebound:Prepare","Slimebound:Schlurp"],"picked":"Slimebound:SlimeBarrage","floor":15},{"not_picked":["Slimebound:WasteNot","Slimebound:DouseInSlime"],"picked":"Slimebound:LeechLife","floor":16},{"not_picked":["Slimebound:Schlurp+1","Slimebound:Prepare","Slimebound:SamplingLick"],"picked":"SKIP","floor":19},{"not_picked":["Slimebound:LeechEnergy","Slimebound:GoopTackle"],"picked":"Slimebound:Repurpose+1","floor":20},{"not_picked":["Slimebound:RainOfGoop","Slimebound:RollThrough"],"picked":"Slimebound:LeadByExample","floor":21},{"not_picked":["Slimebound:RainOfGoop","Slimebound:Schlurp"],"picked":"Slimebound:MassRepurpose","floor":22},{"not_picked":["Slimebound:LeechingTouch+1","Slimebound:ItLooksTasty","Slimebound:SplitMire"],"picked":"SKIP","floor":26},{"not_picked":["Slimebound:SplitMire","Slimebound:ComboTackle"],"picked":"Slimebound:Replication","floor":28},{"not_picked":["Slimebound:RejuvenatingLick","Slimebound:ItLooksTasty"],"picked":"Slimebound:Repurpose+1","floor":29},{"not_picked":["Slimebound:RollThrough","Slimebound:ComboTackle"],"picked":"Slimebound:SplitBruiser","floor":32},{"not_picked":["Slimebound:SlimeSlap","Slimebound:DuplicatedForm"],"picked":"Slimebound:OozeBath","floor":33},{"not_picked":["Slimebound:Schlurp+1","Slimebound:LivingWall+1","Slimebound:ViciousTackle+1"],"picked":"SKIP","floor":36},{"not_picked":["Slimebound:SamplingLick","Slimebound:Gluttony","Slimebound:SlimeTap"],"picked":"SKIP","floor":37},{"not_picked":["Slimebound:Grow","Slimebound:SlimeTap+1","Slimebound:HauntingLick"],"picked":"SKIP","floor":39}],"player_experience":946107,"relics_obtained":[{"floor":8,"key":"Ancient Tea Set"},{"floor":10,"key":"Mirror"},{"floor":12,"key":"hubris:TenFootPole"},{"floor":24,"key":"halation:PrussianBluePaint"},{"floor":27,"key":"Ring of Searing"},{"floor":27,"key":"ReplayTheSpireMod:Ring of Addiction"},{"floor":27,"key":"SacredBark"},{"floor":27,"key":"Toy Ornithopter"},{"floor":29,"key":"aspiration:Stabinomicon"},{"floor":31,"key":"halation:QuantumPhysicsTextbook"},{"floor":31,"key":"hubris:DuctTape"},{"floor":34,"key":"Orichalcum"},{"floor":34,"key":"Molten Egg 2"},{"floor":34,"key":"Turnip"}],"event_choices":[{"damage_healed":0,"gold_gain":0,"player_choice":"Ignored","damage_taken":0,"max_hp_gain":0,"max_hp_loss":0,"event_name":"NoteForYourself","floor":13,"gold_loss":0}],"is_beta":false,"boss_relics":[{"not_picked":["Fusion Hammer","Runic Pyramid"],"picked":"CosmicIsotope"},{"not_picked":["aspiration:BeakedSkillbook","Replay:Drink Me"],"picked":"Calling Bell"}],"items_purged_floors":[],"is_endless":false,"potions_floor_spawned":[2,10,15,16,21,26,29,32,37,39],"killed_by":"downfall:FleeingMerchant","ascension_level":0}}