{"host":"2se5dq1do2gp0x9k","time":1612159516,"event":{"mods":["AchievementEnabler","BaseMod","Block Reminder","Colored Map","Colored Powertips","Minty Spire (QoL Compilation)","Relic Stats","StSLib","SuperFastMode"],"gold_per_floor":[113,113,30,30,30,65,65],"floor_reached":6,"language":"ENG","playtime":53,"items_purged":[],"score":134,"play_id":"20769201-bbc3-4b53-9f49-c795424b6b6c","local_time":"20210131220516","is_ascension_mode":true,"campfire_choices":[],"circlet_count":0,"master_deck":["AscendersBane","Strike_B","Strike_B","Strike_B","Defend_B","Defend_B","Defend_B","Defend_B","Zap","Dualcast","Beam Cell","Scrape","Genetic Algorithm"],"relics":["Cracked Core","NeowsBlessing","Eternal Feather","Toxic Egg 2"],"acts_visited":["Exordium"],"potions_floor_usage":[],"damage_taken":[{"damage":0,"enemies":"Jaw Worm","floor":1,"turns":1},{"damage":0,"enemies":"Gremlin Nob","floor":6,"turns":1}],"seed_played":"-3980587164676345151","potions_obtained":[{"floor":1,"key":"DuplicationPotion"}],"is_trial":false,"path_per_floor":["M","?","$","?","$","E"],"character_chosen":"DEFECT","items_purchased":["Genetic Algorithm"],"campfire_rested":0,"item_purchase_floors":[3],"current_hp_per_floor":[64,64,64,38,38,38,38],"gold":65,"neow_bonus":"THREE_ENEMY_KILL","is_daily":false,"chose_seed":false,"campfire_upgraded":0,"win_rate":0.0,"timestamp":1612159516,"path_taken":["M","?","$","?","?","E"],"items_purchased_type":["Card"],"build_version":"2020-12-22","purchased_purges":0,"victory":false,"max_hp_per_floor":[71,71,71,71,71,71,71],"relic_stats":{"counters":[2,2],"Eternal Feather":0,"obtain_stats":[{"NeowsBlessing":0,"Eternal Feather":4,"Toxic Egg 2":6,"Cracked Core":0},{"NeowsBlessing":0,"Eternal Feather":1,"Toxic Egg 2":2,"Cracked Core":0},{"NeowsBlessing":0,"Eternal Feather":1,"Toxic Egg 2":2,"Cracked Core":0}]},"card_choices":[{"not_picked":["Sweeping Beam","Fusion"],"picked":"Beam Cell","floor":1}],"player_experience":4039737,"relics_obtained":[{"floor":6,"key":"Toxic Egg 2"}],"event_choices":[{"damage_healed":0,"gold_gain":0,"cards_transformed":["Strike_B"],"player_choice":"Change","damage_taken":0,"max_hp_gain":0,"max_hp_loss":0,"event_name":"Living Wall","floor":2,"gold_loss":0,"cards_obtained":["Scrape"]},{"damage_healed":0,"gold_gain":0,"player_choice":"Success","damage_taken":26,"relics_obtained":["Eternal Feather"],"max_hp_gain":0,"max_hp_loss":0,"event_name":"Scrap Ooze","floor":4,"gold_loss":0}],"is_beta":false,"boss_relics":[],"items_purged_floors":[],"is_endless":false,"potions_floor_spawned":[1],"killed_by":"Gremlin Nob","ascension_level":20}}