{"host":"jksa5rawk3m4gilz","time":1612208866,"event":{"mods":["BaseMod","Colored Map","Highlight Path","Minty Spire (QoL Compilation)","Quick Restart"],"gold_per_floor":[12,12,32,32,32,75,91,132,132,132,176,176,215,234,234,325,325,346,346,346,365,380,380,423,423,423,457,478,339,339,339,339],"floor_reached":31,"language":"ENG","playtime":1110,"items_purged":[],"score":512,"play_id":"088e2142-5b55-47fc-9f3c-8efeff2dc394","local_time":"20210201204746","is_ascension_mode":true,"campfire_choices":[{"floor":10,"key":"REST"},{"floor":12,"key":"REST"},{"floor":15,"key":"REST"},{"floor":23,"key":"REST"},{"floor":25,"key":"REST"},{"floor":30,"key":"REST"}],"circlet_count":0,"master_deck":["AscendersBane","Strike_R","Strike_R","Strike_R","Defend_R","Defend_R","Defend_R","Bash","Rage","Uppercut","Carnage","Spot Weakness","Infernal Blade","Intimidate","Reaper","Whirlwind","Writhe","Perfected Strike+1","Infernal Blade","Flex","Normality","Armaments","Apotheosis"],"relics":["Burning Blood","Golden Idol","Lantern","Lizard Tail","The Courier","Pantograph","Regal Pillow","Cursed Key","Molten Egg 2","Shuriken","InkBottle","Mummified Hand"],"acts_visited":["Exordium","TheCity"],"potions_floor_usage":[13,27],"damage_taken":[{"damage":0,"enemies":"2 Louse","floor":1,"turns":4},{"damage":8,"enemies":"Jaw Worm","floor":3,"turns":5},{"damage":15,"enemies":"Gremlin Nob","floor":6,"turns":4},{"damage":0,"enemies":"Cultist","floor":7,"turns":3},{"damage":42,"enemies":"3 Sentries","floor":8,"turns":9},{"damage":24,"enemies":"Lagavulin","floor":11,"turns":5},{"damage":27,"enemies":"3 Sentries","floor":13,"turns":5},{"damage":5,"enemies":"Exordium Thugs","floor":14,"turns":3},{"damage":90,"enemies":"Slime Boss","floor":16,"turns":11},{"damage":29,"enemies":"3 Byrds","floor":18,"turns":6},{"damage":12,"enemies":"Chosen","floor":21,"turns":4},{"damage":43,"enemies":"Centurion and Healer","floor":22,"turns":6},{"damage":55,"enemies":"Gremlin Leader","floor":24,"turns":7},{"damage":47,"enemies":"Book of Stabbing","floor":27,"turns":4},{"damage":24,"enemies":"Snake Plant","floor":28,"turns":3},{"damage":54,"enemies":"Slavers","floor":31,"turns":4}],"seed_played":"1706071809662857560","potions_obtained":[{"floor":3,"key":"FairyPotion"},{"floor":6,"key":"SteroidPotion"},{"floor":16,"key":"FairyPotion"},{"floor":21,"key":"Ancient Potion"},{"floor":24,"key":"Explosive Potion"},{"floor":28,"key":"Strength Potion"}],"is_trial":false,"path_per_floor":["M","?","M","$","?","E","M","E","T","R","E","R","E","M","R","B",null,"M","?","?","M","M","R","E","R","T","E","M","$","R","E"],"character_chosen":"IRONCLAD","items_purchased":["Apotheosis"],"campfire_rested":6,"item_purchase_floors":[29],"current_hp_per_floor":[74,56,54,54,54,45,51,15,15,37,19,41,20,21,58,28,63,44,44,44,44,15,52,15,52,52,29,11,11,48,8,8],"gold":339,"neow_bonus":"REMOVE_TWO","is_daily":false,"chose_seed":false,"campfire_upgraded":0,"win_rate":0.0,"timestamp":1612208866,"path_taken":["M","?","M","$","?","E","?","E","T","R","E","R","E","M","R","BOSS","M","?","?","M","?","R","E","R","T","E","M","$","R","E"],"items_purchased_type":["Card"],"build_version":"2020-12-22","purchased_purges":0,"victory":false,"max_hp_per_floor":[75,75,75,75,75,75,75,75,75,75,75,75,75,75,75,75,75,75,75,75,75,75,75,75,75,75,75,75,75,75,75,75],"card_choices":[{"not_picked":["True Grit","Shrug It Off"],"picked":"Rage","floor":1},{"not_picked":["Warcry","Thunderclap"],"picked":"Uppercut","floor":3},{"not_picked":["Perfected Strike","Uppercut"],"picked":"Carnage","floor":6},{"not_picked":["Pommel Strike","Twin Strike"],"picked":"Spot Weakness","floor":7},{"not_picked":["Reckless Charge","Wild Strike"],"picked":"Infernal Blade","floor":8},{"not_picked":["Carnage","Rampage"],"picked":"Barricade","floor":11},{"not_picked":["Clash","Perfected Strike"],"picked":"Intimidate","floor":13},{"not_picked":["Shockwave","Shrug It Off","Sword Boomerang"],"picked":"SKIP","floor":14},{"not_picked":["Bludgeon","Fiend Fire"],"picked":"Reaper","floor":16},{"not_picked":["Reckless Charge","Thunderclap"],"picked":"Whirlwind","floor":18},{"not_picked":["Fire Breathing","Spot Weakness"],"picked":"Infernal Blade","floor":21},{"not_picked":["Shockwave","Cleave+1","Combust"],"picked":"SKIP","floor":22},{"not_picked":["Clothesline+1","Sentinel"],"picked":"Flex","floor":24},{"not_picked":["Flex","Havoc"],"picked":"Armaments","floor":27},{"not_picked":["Flame Barrier","Warcry","Sever Soul+1"],"picked":"SKIP","floor":28}],"player_experience":1811913,"relics_obtained":[{"floor":6,"key":"Lantern"},{"floor":8,"key":"Lizard Tail"},{"floor":9,"key":"The Courier"},{"floor":11,"key":"Pantograph"},{"floor":13,"key":"Regal Pillow"},{"floor":24,"key":"Shuriken"},{"floor":26,"key":"InkBottle"},{"floor":27,"key":"Mummified Hand"}],"event_choices":[{"damage_healed":0,"gold_gain":0,"player_choice":"Take Damage","damage_taken":18,"relics_obtained":["Golden Idol"],"max_hp_gain":0,"max_hp_loss":0,"event_name":"Golden Idol","floor":2,"gold_loss":0},{"cards_removed":["Defend_R"],"damage_healed":0,"gold_gain":0,"player_choice":"Purged","damage_taken":0,"max_hp_gain":0,"max_hp_loss":0,"event_name":"Purifier","floor":5,"gold_loss":0},{"damage_healed":0,"gold_gain":0,"player_choice":"Opened","damage_taken":0,"relics_obtained":["Molten Egg 2"],"max_hp_gain":0,"max_hp_loss":0,"event_name":"The Mausoleum","floor":19,"gold_loss":0,"cards_obtained":["Writhe"]},{"damage_healed":0,"gold_gain":0,"cards_transformed":["Barricade"],"player_choice":"Transformed","damage_taken":0,"max_hp_gain":0,"max_hp_loss":0,"event_name":"Transmorgrifier","floor":20,"gold_loss":0,"cards_obtained":["Perfected Strike"]}],"is_beta":false,"boss_relics":[{"not_picked":["Mark of Pain","Runic Cube"],"picked":"Cursed Key"}],"items_purged_floors":[],"is_endless":false,"potions_floor_spawned":[3,6,16,21,24,28],"killed_by":"Slavers","ascension_level":14}}