{"host":"u7y9frlpoazak2mn","time":1612220918,"event":{"mods":["AchievementEnabler","Act Like it!","Alarm Clock","Aspiration","Astrologer","BaseMod","Beaked The Cultist","Better Altar","Better Match","Better Note","Better Sensory Stone","Better Skull","Better Third Choice","CCEM2","Chen","Colored Map","Colored Powertips","Conspire","Curses Come First","Dark Map","Displayed Cursed Tome","Energized Spire","Friendly Minions","Gensokyo","GifTheSpireLib","Glutton Mod","Halation","Hallownest","Hermit","Hubris","Infinite Spire","Jedi Mod","Koishi","Marisa????????","Marked Mod","Mimic Mod","Minty Spire (QoL Compilation)","Pale of the Ancients","Prisma Mod","Quick Restart","Random Character Button","Rare Cards Sparkle","Relic Stats","Reliquary","Remilia??????","Replay The Spire","Retaliation","Spicy Shops","Spikes Relics","StS++","StSLib","Stuff the Spire","The Administrix","The Blue Laboratory","The Bug Knight","The Construct","The Cursed","The Druid","The Forsaken","The Juggle","The Jungle","The Marked","The Servant 0.9.4","Waifu the Spire","Wandering Minibosses","Wide Potions","Yuri Mod"],"gold_per_floor":[109,125,50,96,106,106,120,51,131,131,306,321,291,291,291],"floor_reached":14,"language":"ENG","playtime":574,"items_purged":["Strike_P"],"score":80,"play_id":"dd6060f7-5482-4a2c-a3da-e1ee65b7bbdb","local_time":"20210201180838","is_ascension_mode":false,"campfire_choices":[{"data":"Vigilance","floor":6,"key":"SMITH"}],"circlet_count":0,"master_deck":["Strike_P","Strike_P","Strike_P","Defend_P","Defend_P","Defend_P","Defend_P","Eruption","Vigilance+1","MarkedMod:PinPointDefense","MarkedMod:Acupuncture","MarkedMod:Acupuncture","LikeWater","Doubt"],"relics":["PureWater","NeowsBlessing","reliquary:WeakTea","Toxic Egg 2"],"acts_visited":["Exordium"],"potions_floor_usage":[],"damage_taken":[{"damage":0,"enemies":"Cultist","floor":1,"turns":1},{"damage":0,"enemies":"2 Louse","floor":2,"turns":1},{"damage":0,"enemies":"Jaw Worm","floor":5,"turns":1},{"damage":21,"enemies":"Lots of Slimes","floor":7,"turns":10},{"damage":11,"enemies":"2 Fungi Beasts","floor":12,"turns":7},{"damage":8,"enemies":"Looter","floor":13,"turns":6},{"damage":44,"enemies":"3 Sentries","floor":14,"turns":4}],"seed_played":"-2715562179221298044","potions_obtained":[{"floor":2,"key":"Ancient Potion"},{"floor":5,"key":"blueLaboratory:TrueEctoplasm"}],"is_trial":false,"path_per_floor":["M","M","$","T","M","R","M","$","T","?","?","M","M","E"],"character_chosen":"WATCHER","items_purchased":["LikeWater"],"campfire_rested":0,"item_purchase_floors":[8],"current_hp_per_floor":[72,72,72,72,72,72,51,51,51,51,51,40,32,0,0],"gold":291,"neow_bonus":"THREE_ENEMY_KILL","is_daily":false,"chose_seed":false,"campfire_upgraded":1,"win_rate":0.0,"timestamp":1612220918,"path_taken":["M","M","$","?","M","R","M","$","T","?","?","M","?","E"],"items_purchased_type":["Card"],"build_version":"2020-12-22","purchased_purges":1,"victory":false,"max_hp_per_floor":[72,72,72,72,72,72,72,72,72,72,72,72,72,72,72],"relic_stats":{"counters":[7,30],"obtain_stats":[{"NeowsBlessing":0,"reliquary:WeakTea":4,"PureWater":0,"Toxic Egg 2":9},{"NeowsBlessing":0,"reliquary:WeakTea":2,"PureWater":0,"Toxic Egg 2":4},{"NeowsBlessing":0,"reliquary:WeakTea":2,"PureWater":0,"Toxic Egg 2":13}]},"card_choices":[{"not_picked":["Consecrate","JustLucky"],"picked":"MarkedMod:PinPointDefense","floor":1},{"not_picked":["Replay:DivineShield","Worship"],"picked":"MarkedMod:Acupuncture","floor":2},{"not_picked":["EmptyBody","SpiritShield"],"picked":"MarkedMod:Acupuncture","floor":5},{"not_picked":["Tantrum","StSpp:Purify","Protect"],"picked":"SKIP","floor":7},{"not_picked":["Halt+1","Replay:Anticipation+1","Protect+1"],"picked":"SKIP","floor":12},{"not_picked":["Protect+1","Tantrum","FlurryOfBlows"],"picked":"SKIP","floor":13}],"player_experience":367263,"relics_obtained":[{"floor":4,"key":"reliquary:WeakTea"},{"floor":9,"key":"Toxic Egg 2"}],"event_choices":[{"damage_healed":0,"gold_gain":175,"player_choice":"AGREE","damage_taken":131,"max_hp_gain":0,"max_hp_loss":0,"event_name":"betterThird:BetterSerpent","floor":11,"gold_loss":0}],"is_beta":false,"boss_relics":[],"items_purged_floors":[3],"is_endless":false,"potions_floor_spawned":[2,5,12],"killed_by":"3 Sentries","ascension_level":0}}