{"host":"Alvar","time":1612180575,"event":{"mods":["AchievementEnabler","BaseMod","Minty Spire (QoL Compilation)","StSLib"],"gold_per_floor":[109,109,123,123,134,164,164,164,218,218,252,265,142,158,158,229,229,242,259,459,121,135,176,176,195,264,302,317,352,352,376,376,464,491,521,254,254,275,309,309,353,353,377,377,408,434,492,544,556,568,580,592,604,12,49,49],"floor_reached":57,"language":"ENG","playtime":3623,"items_purged":["Strike_R","Strike_R"],"score":3047,"play_id":"f0e8c54b-a945-4bae-a1d9-57b211c00b55","local_time":"20210201185615","is_ascension_mode":true,"campfire_choices":[{"data":"Twin Strike","floor":8.0,"key":"SMITH"},{"data":"Anger","floor":10.0,"key":"SMITH"},{"floor":15.0,"key":"REST"},{"data":"Armaments","floor":24.0,"key":"SMITH"},{"data":"Shockwave","floor":32.0,"key":"SMITH"},{"data":"Feel No Pain","floor":40,"key":"SMITH"},{"data":"Battle Trance","floor":42,"key":"SMITH"},{"floor":49,"key":"RECALL"},{"data":"Battle Trance","floor":53,"key":"SMITH"}],"circlet_count":0,"master_deck":["AscendersBane","Defend_R","Defend_R+1","Defend_R","Shrug It Off","Exhume","Twin Strike+1","Spot Weakness+1","Shockwave+1","Battle Trance+1","Reaper","Sword Boomerang","Armaments+1","Shrug It Off","Battle Trance+1","Feel No Pain+1","Sentinel+1","Offering","Corruption","Rampage+1","Entrench+1","Bloodletting+1","Burning Pact","Power Through+1","Pommel Strike","Reaper","Evolve+1","Dark Embrace","Shrug It Off","Havoc","Disarm+1"],"relics":["Burning Blood","War Paint","Dream Catcher","The Courier","Sozu","PreservedInsect","Toolbox","CeramicFish","Red Mask","Bag of Marbles","Astrolabe","Centennial Puzzle","Bag of Preparation","Dead Branch","Regal Pillow","Red Skull","Letter Opener","MawBank","TungstenRod","Unceasing Top","Torii","Frozen Eye","Lantern","StrikeDummy"],"acts_visited":["Exordium","TheCity","TheBeyond","TheEnding"],"potions_floor_usage":[51],"damage_taken":[{"damage":10.0,"enemies":"Small Slimes","floor":1.0,"turns":4.0},{"damage":0.0,"enemies":"2 Louse","floor":3.0,"turns":5.0},{"damage":2.0,"enemies":"Jaw Worm","floor":5.0,"turns":3.0},{"damage":28.0,"enemies":"Gremlin Nob","floor":6.0,"turns":4.0},{"damage":36.0,"enemies":"3 Sentries","floor":11.0,"turns":9.0},{"damage":0.0,"enemies":"2 Fungi Beasts","floor":12.0,"turns":2.0},{"damage":6.0,"enemies":"Exordium Thugs","floor":14.0,"turns":5.0},{"damage":18.0,"enemies":"The Guardian","floor":16.0,"turns":14.0},{"damage":28.0,"enemies":"Shell Parasite","floor":18.0,"turns":5.0},{"damage":25.0,"enemies":"Spheric Guardian","floor":19.0,"turns":7.0},{"damage":9.0,"enemies":"Centurion and Healer","floor":22.0,"turns":6.0},{"damage":43.0,"enemies":"Gremlin Leader","floor":23.0,"turns":8.0},{"damage":49.0,"enemies":"Cultist and Chosen","floor":25.0,"turns":7.0},{"damage":33.0,"enemies":"Masked Bandits","floor":27.0,"turns":5.0},{"damage":20.0,"enemies":"Snake Plant","floor":28.0,"turns":8.0},{"damage":15.0,"enemies":"Slavers","floor":29.0,"turns":5.0},{"damage":11.0,"enemies":"Sentry and Sphere","floor":31.0,"turns":5.0},{"damage":44.0,"enemies":"Automaton","floor":33.0,"turns":11.0},{"damage":1,"enemies":"3 Shapes","floor":35,"turns":8},{"damage":9,"enemies":"3 Darklings","floor":38,"turns":4},{"damage":6,"enemies":"Mind Bloom Boss Battle","floor":39,"turns":6},{"damage":12,"enemies":"Giant Head","floor":41,"turns":4},{"damage":8,"enemies":"Nemesis","floor":45,"turns":5},{"damage":3,"enemies":"2 Orb Walkers","floor":47,"turns":2},{"damage":7,"enemies":"Giant Head","floor":48,"turns":4},{"damage":10,"enemies":"Time Eater","floor":50,"turns":11},{"damage":50,"enemies":"Awakened One","floor":51,"turns":9},{"damage":7,"enemies":"Shield and Spear","floor":55,"turns":4},{"damage":51,"enemies":"The Heart","floor":56,"turns":9}],"seed_played":"-7520040600077914718","potions_obtained":[{"floor":5.0,"key":"Dexterity Potion"},{"floor":11.0,"key":"Explosive Potion"},{"floor":16.0,"key":"Weak Potion"}],"is_trial":false,"path_per_floor":["M","?","M","?","M","E","?","R","T","R","E","M","$","M","R","B",null,"M","M","?","$","M","E","R","M","T","?","M","E","?","M","R","B",null,"M","$","?","M","?","R","E","R","T","?","E","T","?","E","R","B","B",null,"R","$","E","B",null],"character_chosen":"IRONCLAD","items_purchased":["Battle Trance","PreservedInsect","Toolbox","Burning Pact","Centennial Puzzle","Bag of Preparation","Torii","Frozen Eye","Lantern","Dark Embrace","Shrug It Off","Havoc"],"campfire_rested":1,"item_purchase_floors":[13,21,21,36,36,36,54,54,54,54,54,54],"current_hp_per_floor":[64,64,70,63,67,45,45,45,45,45,15,21,21,21,43,31,64,54,35,35,35,68,75,75,58,58,32,33,65,65,62,62,24,62,67,67,67,71,71,71,71,71,71,71,71,71,71,71,71,71,54,67,67,67,71,54],"gold":49,"neow_bonus":"UPGRADE_CARD","is_daily":false,"chose_seed":false,"campfire_upgraded":7,"win_rate":0.0,"timestamp":1612180575,"path_taken":["M","?","M","?","M","E","?","R","T","R","E","M","$","?","R","BOSS","M","M","?","$","?","E","R","M","T","?","M","E","?","?","R","BOSS","M","$","?","M","?","R","E","R","T","?","E","?","?","E","R","BOSS","BOSS","R","$","E","BOSS"],"items_purchased_type":["Card","Relic","Relic","Card","Relic","Relic","Relic","Relic","Relic","Card","Card","Card"],"build_version":"2020-12-18","purchased_purges":2,"victory":true,"max_hp_per_floor":[75,75,75,75,75,75,75,75,75,75,75,75,75,75,75,75,75,75,75,75,75,75,75,75,75,75,75,75,75,75,75,75,75,75,75,75,71,71,71,71,71,71,71,71,71,71,71,71,71,71,71,71,71,71,71,71],"card_choices":[{"not_picked":["Dual Wield","True Grit"],"picked":"Shrug It Off","floor":1.0},{"not_picked":["Combust","Corruption"],"picked":"Twin Strike","floor":3.0},{"not_picked":["Infernal Blade","Cleave"],"picked":"Anger","floor":5.0},{"not_picked":["Anger","Bloodletting"],"picked":"Spot Weakness","floor":6.0},{"not_picked":["Sever Soul","Pommel Strike"],"picked":"Shockwave","floor":11.0},{"not_picked":["Wild Strike","Body Slam"],"picked":"Metallicize","floor":12.0},{"not_picked":["Inflame","Exhume","Pommel Strike"],"picked":"SKIP","floor":14.0},{"not_picked":["Juggernaut","Impervious"],"picked":"Reaper","floor":16.0},{"not_picked":["Sever Soul+1","Armaments"],"picked":"Sword Boomerang","floor":18.0},{"not_picked":["Warcry","Clash"],"picked":"Armaments","floor":19.0},{"not_picked":["Searing Blow+1","Exhume"],"picked":"Shrug It Off","floor":22.0},{"not_picked":["Thunderclap","Pommel Strike+1"],"picked":"Battle Trance","floor":23.0},{"not_picked":["Spot Weakness","Fire Breathing"],"picked":"Feel No Pain","floor":25.0},{"not_picked":["Heavy Blade","Carnage+1"],"picked":"Sentinel+1","floor":27.0},{"not_picked":["Anger","Clothesline","Warcry"],"picked":"SKIP","floor":28.0},{"not_picked":["Flex","Rampage","Heavy Blade"],"picked":"SKIP","floor":29.0},{"not_picked":["Pommel Strike","Evolve"],"picked":"Offering","floor":31.0},{"not_picked":["Limit Break","Fiend Fire"],"picked":"Corruption","floor":33.0},{"not_picked":["Infernal Blade","Iron Wave","Combust"],"picked":"SKIP","floor":35},{"not_picked":["Hemokinesis+1","Clothesline"],"picked":"Power Through+1","floor":38},{"not_picked":["Clash","Headbutt"],"picked":"Pommel Strike","floor":39},{"not_picked":["Power Through","Offering"],"picked":"Reaper","floor":41},{"not_picked":["Iron Wave","Warcry+1","Inflame"],"picked":"SKIP","floor":45},{"not_picked":["Fire Breathing","Fiend Fire"],"picked":"Evolve+1","floor":48},{"not_picked":["Clothesline+1","Fiend Fire"],"picked":"Disarm+1","floor":55}],"player_experience":788968,"relics_obtained":[{"floor":6.0,"key":"War Paint"},{"floor":9.0,"key":"Dream Catcher"},{"floor":11.0,"key":"The Courier"},{"floor":23.0,"key":"CeramicFish"},{"floor":27.0,"key":"Red Mask"},{"floor":29.0,"key":"Bag of Marbles"},{"floor":39,"key":"Dead Branch"},{"floor":41,"key":"Regal Pillow"},{"floor":43,"key":"Red Skull"},{"floor":45,"key":"Letter Opener"},{"floor":46,"key":"MawBank"},{"floor":47,"key":"TungstenRod"},{"floor":48,"key":"Unceasing Top"},{"floor":55,"key":"StrikeDummy"}],"event_choices":[{"damage_healed":0.0,"max_hp_gain":0.0,"max_hp_loss":0.0,"gold_gain":0.0,"cards_transformed":["Strike_R"],"event_name":"Living Wall","player_choice":"Change","floor":2.0,"gold_loss":0.0,"damage_taken":0.0,"cards_obtained":["Exhume"]},{"cards_removed":["Strike_R"],"damage_healed":0.0,"max_hp_gain":0.0,"max_hp_loss":0.0,"gold_gain":0.0,"event_name":"Golden Wing","player_choice":"Card Removal","floor":4.0,"gold_loss":0.0,"damage_taken":7.0},{"damage_healed":0.0,"max_hp_gain":0.0,"max_hp_loss":0.0,"gold_gain":0.0,"event_name":"Liars Game","player_choice":"Ignored","floor":7.0,"gold_loss":0.0,"damage_taken":0.0},{"damage_healed":0.0,"max_hp_gain":0.0,"max_hp_loss":0.0,"gold_gain":200.0,"event_name":"Wheel of Change","player_choice":"Gold","floor":20.0,"gold_loss":0.0,"damage_taken":0.0},{"damage_healed":0.0,"max_hp_gain":0.0,"max_hp_loss":0.0,"gold_gain":0.0,"event_name":"Masked Bandits","player_choice":"Fought Bandits","floor":27.0,"gold_loss":0.0,"damage_taken":0.0},{"cards_removed":["Strike_R"],"damage_healed":0.0,"max_hp_gain":0.0,"max_hp_loss":0.0,"gold_gain":0.0,"event_name":"Purifier","player_choice":"Purged","floor":30.0,"gold_loss":0.0,"damage_taken":0.0},{"damage_healed":0,"gold_gain":0,"player_choice":"Max HP","damage_taken":0,"max_hp_gain":0,"max_hp_loss":4,"event_name":"Winding Halls","floor":37,"gold_loss":0},{"damage_healed":0,"gold_gain":0,"player_choice":"Fight","damage_taken":0,"max_hp_gain":0,"max_hp_loss":0,"event_name":"MindBloom","floor":39,"gold_loss":0},{"cards_removed":["Bash"],"damage_healed":0,"gold_gain":0,"player_choice":"Removed Attack","damage_taken":0,"max_hp_gain":0,"max_hp_loss":0,"event_name":"Falling","floor":44,"gold_loss":0},{"damage_healed":0,"gold_gain":0,"player_choice":"Fight","damage_taken":0,"max_hp_gain":0,"max_hp_loss":0,"event_name":"Mysterious Sphere","floor":47,"gold_loss":0}],"is_beta":true,"boss_relics":[{"not_picked":["Black Star","Empty Cage"],"picked":"Sozu"},{"not_picked":["SacredBark","Black Blood"],"picked":"Astrolabe"}],"items_purged_floors":[13,21],"is_endless":false,"potions_floor_spawned":[5,11,16,18,19,28,33,35,38,48],"ascension_level":20}}