{"host":"ml2ro5l6hu6y0pll","time":1612208208,"event":{"mods":["AchievementEnabler","BaseMod","Colored Map","Colored Powertips","Custom Start","Googly Eyes","Minty Spire (QoL Compilation)","Quick Restart","Rare Cards Sparkle","Relic Stats","Reliquary","StSLib","everything is the same but u backflip on backflip"],"gold_per_floor":[119,269,269,283,296,340,364,383,383,383,383,422,422,437,437,528,528,541,591,616,363,386,386,429,429,429,470,470,370,370,403,403,505,541,571,631,631,506,521,521,521,542,565,200,222,222,191,213,213,213,213],"floor_reached":50,"language":"ENG","playtime":2133,"items_purged":["Strike_P","Doubt","ForeignInfluence"],"score":1366,"play_id":"0a80f846-55c7-4ab0-a6b1-34182763c4ef","local_time":"20210201193648","is_ascension_mode":true,"campfire_choices":[{"data":"Fasting2","floor":10.0,"key":"SMITH"},{"data":"TalkToTheHand","floor":13.0,"key":"SMITH"},{"data":"TalkToTheHand","floor":15.0,"key":"SMITH"},{"data":"TalkToTheHand","floor":23.0,"key":"SMITH"},{"data":"Blasphemy","floor":25.0,"key":"SMITH"},{"data":"Wallop","floor":28.0,"key":"SMITH"},{"data":"Tantrum","floor":32.0,"key":"SMITH"},{"data":"1","floor":40,"key":"LIFT"},{"floor":49,"key":"RECALL"}],"circlet_count":0,"master_deck":["Fasting2+1","Vigilance+1","CutThroughFate","Eruption+1","Wallop+1","TalkToTheHand+1","TalkToTheHand+1","Consecrate","Adaptation+1","Wireheading+1","Perseverance","ThirdEye+1","Tantrum+1","TalkToTheHand+1","Blasphemy+1","TalkToTheHand+1","LessonLearned+1","FlurryOfBlows+1","InnerPeace","Omniscience","Indignation","WheelKick","SandsOfTime+1","LikeWater","MentalFortress","Wallop+1","Nirvana","Meditate"],"relics":["PureWater","reliquary:BoilingFlask","OrangePellets","Mummified Hand","Potion Belt","Golden Idol","Pocketwatch","Du-Vu Doll","reliquary:Firecrackers","reliquary:Craggleroot","Torii","Meat on the Bone","CeramicFish","reliquary:Knoch","Pandora\u0027s Box","Girya","reliquary:SharkskinSheath","reliquary:PrincelyHelmet"],"acts_visited":["Exordium","TheCity","TheBeyond"],"potions_floor_usage":[35,35],"damage_taken":[{"damage":3.0,"enemies":"Small Slimes","floor":1.0,"turns":3.0},{"damage":0.0,"enemies":"Cultist","floor":4.0,"turns":4.0},{"damage":5.0,"enemies":"Jaw Worm","floor":5.0,"turns":4.0},{"damage":0.0,"enemies":"Gremlin Nob","floor":6.0,"turns":4.0},{"damage":7.0,"enemies":"Exordium Wildlife","floor":7.0,"turns":5.0},{"damage":1.0,"enemies":"3 Louse","floor":8.0,"turns":3.0},{"damage":1.0,"enemies":"3 Sentries","floor":12.0,"turns":6.0},{"damage":0.0,"enemies":"Blue Slaver","floor":14.0,"turns":4.0},{"damage":0.0,"enemies":"The Guardian","floor":16.0,"turns":6.0},{"damage":0.0,"enemies":"Spheric Guardian","floor":18.0,"turns":3.0},{"damage":0.0,"enemies":"Chosen","floor":20.0,"turns":2.0},{"damage":5.0,"enemies":"Centurion and Healer","floor":22.0,"turns":4.0},{"damage":1.0,"enemies":"Book of Stabbing","floor":24.0,"turns":5.0},{"damage":0.0,"enemies":"Gremlin Leader","floor":27.0,"turns":3.0},{"damage":16.0,"enemies":"Book of Stabbing","floor":31.0,"turns":5.0},{"damage":0,"enemies":"Automaton","floor":33,"turns":6},{"damage":0,"enemies":"3 Darklings","floor":35,"turns":3},{"damage":46,"enemies":"2 Orb Walkers","floor":36,"turns":6},{"damage":17,"enemies":"3 Shapes","floor":39,"turns":3},{"damage":6,"enemies":"Maw","floor":42,"turns":5},{"damage":9,"enemies":"4 Shapes","floor":45,"turns":4},{"damage":0,"enemies":"Spire Growth","floor":48,"turns":2},{"damage":51,"enemies":"Time Eater","floor":50,"turns":10}],"seed_played":"-7850239152858165745","potions_obtained":[{"floor":1.0,"key":"LiquidBronze"},{"floor":8.0,"key":"FearPotion"},{"floor":11.0,"key":"Weak Potion"},{"floor":11.0,"key":"Strength Potion"},{"floor":14.0,"key":"EntropicBrew"},{"floor":16.0,"key":"LiquidMemories"},{"floor":22.0,"key":"GamblersBrew"},{"floor":24.0,"key":"Dexterity Potion"},{"floor":33,"key":"EntropicBrew"},{"floor":36,"key":"FearPotion"}],"is_trial":true,"path_per_floor":["M","?","?","M","M","E","M","M","T","R","?","E","R","M","R","B",null,"M","?","M","$","M","R","E","R","T","E","R","$","?","E","R","B",null,"M","?","?","$","M","R","T","M","T","$","M","?","$","M","R","B"],"character_chosen":"WATCHER","items_purchased":["LessonLearned","reliquary:PrincelyHelmet","MentalFortress","Nirvana"],"campfire_rested":0,"item_purchase_floors":[21,44,44,47],"current_hp_per_floor":[58,58,58,58,53,53,46,45,45,45,45,44,44,44,44,44,58,58,58,58,58,53,53,52,52,52,52,52,52,52,36,36,36,56,56,22,22,22,17,17,17,23,23,23,26,51,51,51,51,0,0],"gold":213,"neow_bonus":"","is_daily":false,"chose_seed":false,"campfire_upgraded":7,"win_rate":0.0,"timestamp":1612208208,"path_taken":["M","?","?","M","M","E","M","M","T","R","?","E","R","?","R","BOSS","M","?","M","$","M","R","E","R","T","E","R","$","?","E","R","BOSS","M","?","?","$","M","R","?","M","T","$","M","?","?","M","R","BOSS"],"items_purchased_type":["Card","Relic","Card","Card"],"build_version":"2020-12-22","purchased_purges":3,"victory":false,"max_hp_per_floor":[68,68,62,62,62,62,62,62,62,62,62,62,62,62,62,62,62,62,62,62,62,62,62,62,62,62,62,62,62,62,62,62,62,62,62,62,62,62,62,62,62,62,62,62,62,51,51,51,51,51,51],"relic_stats":{"OrangePellets":[30],"Torii":10,"counters":[23,100],"Mummified Hand":[104],"Golden Idol":138,"CeramicFish":90,"Pandora\u0027s Box":["ForeignInfluence","Indignation","WheelKick","SandsOfTime"],"obtain_stats":[{"Potion Belt":0,"Girya":36,"Torii":24,"Golden Idol":3,"reliquary:PrincelyHelmet":44,"reliquary:BoilingFlask":0,"reliquary:Firecrackers":12,"CeramicFish":27,"Du-Vu Doll":9,"OrangePellets":0,"Mummified Hand":0,"reliquary:Craggleroot":17,"Pandora\u0027s Box":34,"reliquary:Knoch":31,"PureWater":0,"Pocketwatch":6,"Meat on the Bone":26,"reliquary:SharkskinSheath":43},{"Potion Belt":0,"Girya":18,"Torii":13,"Golden Idol":1,"reliquary:PrincelyHelmet":20,"reliquary:BoilingFlask":0,"reliquary:Firecrackers":7,"CeramicFish":14,"Du-Vu Doll":6,"OrangePellets":0,"Mummified Hand":0,"reliquary:Craggleroot":9,"Pandora\u0027s Box":16,"reliquary:Knoch":15,"PureWater":0,"Pocketwatch":4,"Meat on the Bone":13,"reliquary:SharkskinSheath":20},{"Potion Belt":0,"Girya":76,"Torii":53,"Golden Idol":3,"reliquary:PrincelyHelmet":84,"reliquary:BoilingFlask":0,"reliquary:Firecrackers":29,"CeramicFish":56,"Du-Vu Doll":23,"OrangePellets":0,"Mummified Hand":0,"reliquary:Craggleroot":39,"Pandora\u0027s Box":67,"reliquary:Knoch":61,"PureWater":0,"Pocketwatch":15,"Meat on the Bone":53,"reliquary:SharkskinSheath":84}],"Pocketwatch":[81],"Meat on the Bone":48},"card_choices":[{"not_picked":["JustLucky","Prostrate"],"picked":"Consecrate","floor":1.0},{"not_picked":["Protect","FollowUp"],"picked":"Adaptation","floor":4.0},{"not_picked":["EmptyFist","ClearTheMind"],"picked":"Wireheading","floor":5.0},{"not_picked":["Indignation","Prostrate"],"picked":"Perseverance","floor":6.0},{"not_picked":["CrushJoints","DeceiveReality"],"picked":"ThirdEye","floor":7.0},{"not_picked":["FlyingSleeves","Perseverance","SashWhip"],"picked":"SKIP","floor":8.0},{"not_picked":["SignatureMove","FlurryOfBlows"],"picked":"Tantrum","floor":12.0},{"not_picked":["Halt","ThirdEye"],"picked":"TalkToTheHand","floor":14.0},{"not_picked":["Devotion","Brilliance"],"picked":"Blasphemy","floor":16.0},{"not_picked":["DeceiveReality","Indignation","Tantrum"],"picked":"SKIP","floor":18.0},{"not_picked":["JustLucky","Protect"],"picked":"TalkToTheHand","floor":20.0},{"not_picked":["CutThroughFate","PathToVictory"],"picked":"FlurryOfBlows","floor":22.0},{"not_picked":["Prostrate","InnerPeace","Evaluate"],"picked":"SKIP","floor":24.0},{"not_picked":["Prostrate","Evaluate"],"picked":"InnerPeace","floor":24.0},{"not_picked":["EmptyFist","Alpha","JustLucky"],"picked":"SKIP","floor":27.0},{"not_picked":["Evaluate","FollowUp","ClearTheMind"],"picked":"SKIP","floor":31.0},{"not_picked":["MasterReality","Scrawl"],"picked":"Omniscience","floor":33},{"not_picked":["CutThroughFate","Adaptation"],"picked":"LikeWater","floor":35},{"not_picked":["WindmillStrike","CutThroughFate","Crescendo"],"picked":"SKIP","floor":39},{"not_picked":["CutThroughFate","ReachHeaven","JustLucky"],"picked":"SKIP","floor":42},{"not_picked":["CrushJoints+1","ForeignInfluence"],"picked":"Wallop+1","floor":45},{"not_picked":["CutThroughFate","EmptyMind"],"picked":"Meditate","floor":48}],"player_experience":893868,"relics_obtained":[{"floor":6.0,"key":"Pocketwatch"},{"floor":9.0,"key":"Du-Vu Doll"},{"floor":12.0,"key":"reliquary:Firecrackers"},{"floor":24.0,"key":"Torii"},{"floor":26.0,"key":"Meat on the Bone"},{"floor":27.0,"key":"CeramicFish"},{"floor":31.0,"key":"reliquary:Knoch"},{"floor":36,"key":"Girya"},{"floor":43,"key":"reliquary:SharkskinSheath"}],"event_choices":[{"damage_healed":0.0,"max_hp_gain":0.0,"max_hp_loss":0.0,"gold_gain":150.0,"event_name":"Liars Game","player_choice":"AGREE","floor":2.0,"gold_loss":0.0,"damage_taken":0.0,"cards_obtained":["Doubt"]},{"damage_healed":0.0,"max_hp_gain":0.0,"max_hp_loss":6.0,"gold_gain":0.0,"event_name":"Golden Idol","player_choice":"Lose Max HP","floor":3.0,"gold_loss":0.0,"damage_taken":0.0,"relics_obtained":["Golden Idol"]},{"damage_healed":0.0,"max_hp_gain":0.0,"max_hp_loss":0.0,"gold_gain":0.0,"event_name":"Lab","player_choice":"Got Potions","floor":11.0,"gold_loss":0.0,"damage_taken":0.0},{"damage_healed":0.0,"max_hp_gain":0.0,"max_hp_loss":0.0,"gold_gain":50.0,"event_name":"Nest","player_choice":"Stole From Cult","floor":19.0,"gold_loss":0.0,"damage_taken":0.0},{"damage_healed":0.0,"max_hp_gain":0.0,"max_hp_loss":0.0,"gold_gain":0.0,"event_name":"Ghosts","player_choice":"Ignored","floor":30.0,"gold_loss":0.0,"damage_taken":0.0},{"damage_healed":0,"gold_gain":0,"player_choice":"Fight","damage_taken":0,"max_hp_gain":0,"max_hp_loss":0,"event_name":"Mysterious Sphere","floor":36,"gold_loss":0},{"damage_healed":0,"gold_gain":0,"player_choice":"Ignored","damage_taken":0,"max_hp_gain":0,"max_hp_loss":0,"event_name":"Tomb of Lord Red Mask","floor":37,"gold_loss":0},{"damage_healed":51,"gold_gain":0,"player_choice":"Heal","damage_taken":0,"max_hp_gain":0,"max_hp_loss":11,"event_name":"The Moai Head","floor":46,"gold_loss":0}],"is_beta":false,"boss_relics":[{"not_picked":["Velvet Choker","reliquary:KinkedSpring"],"picked":"reliquary:Craggleroot"},{"not_picked":["Sozu","Runic Dome"],"picked":"Pandora\u0027s Box"}],"items_purged_floors":[21,29,38],"is_endless":false,"potions_floor_spawned":[1,8,14,16,22,24,33,36,42],"killed_by":"Time Eater","ascension_level":20}}