{"host":"qbjtml023iza03hb","time":1612194405,"event":{"mods":["AchievementEnabler","BaseMod","Better Sensory Stone","Hermit","Minty Spire (QoL Compilation)","StSLib","The Animator","The Cursed"],"gold_per_floor":[110,110,35,35,35,35,68,34,87,102,117,137,171,171,171,269,269,285,285,303,55,70,70,90,90,90,122,82,35,67,67,67,163,163,180,28,40,40,56,91,91,120,120,120,120,120,153,153,153,153],"floor_reached":51,"language":"FRA","playtime":3317,"items_purged":["Regret","Strike_R"],"score":948,"play_id":"a2de66a9-b68c-416f-9420-32ad077b6dc0","local_time":"20210201164645","is_ascension_mode":true,"campfire_choices":[{"data":"Intimidate","floor":6.0,"key":"SMITH"},{"data":"Whirlwind","floor":15.0,"key":"SMITH"},{"data":"Offering","floor":23.0,"key":"SMITH"},{"data":"Seeing Red","floor":25.0,"key":"SMITH"},{"data":"Exhume","floor":32.0,"key":"SMITH"},{"data":"Barricade","floor":41,"key":"SMITH"},{"data":"Entrench","floor":44,"key":"SMITH"},{"data":"Flame Barrier","floor":46,"key":"SMITH"},{"data":"Blood for Blood","floor":49,"key":"SMITH"}],"circlet_count":0,"master_deck":["Strike_R","Strike_R","Strike_R+1","Defend_R","Defend_R+1","Defend_R+1","Bash+1","Intimidate+1","Cleave","Whirlwind+1","Headbutt","Shrug It Off","Burning Pact","Battle Trance","Offering+1","Shrug It Off","Seeing Red+1","Exhume+1","Body Slam","Hemokinesis+1","Thunderclap","Spot Weakness","Blood for Blood+1","Shrug It Off","Entrench+1","Barricade+1","Exhume","Ghostly Armor+1","Body Slam+1","Flame Barrier+1","Rage"],"relics":["Burning Blood","NeowsBlessing","Akabeko","War Paint","Ancient Tea Set","Omamori","Anchor","Runic Pyramid","Whetstone","Champion Belt","Regal Pillow","Molten Egg 2","Juzu Bracelet","Calling Bell","Toy Ornithopter","Frozen Egg 2","Pocketwatch","Lantern","Sundial","Mango","Lizard Tail"],"acts_visited":["TheBeyond"],"potions_floor_usage":[42,48,50],"damage_taken":[{"damage":0.0,"enemies":"Small Slimes","floor":1.0,"turns":1.0},{"damage":0.0,"enemies":"3 Sentries","floor":7.0,"turns":2.0},{"damage":0.0,"enemies":"2 Louse","floor":10.0,"turns":1.0},{"damage":0.0,"enemies":"Cultist","floor":11.0,"turns":2.0},{"damage":0.0,"enemies":"Blue Slaver","floor":12.0,"turns":3.0},{"damage":7.0,"enemies":"Gremlin Nob","floor":13.0,"turns":3.0},{"damage":66.0,"enemies":"Hexaghost","floor":16.0,"turns":10.0},{"damage":0.0,"enemies":"Chosen","floor":18.0,"turns":4.0},{"damage":0.0,"enemies":"Spheric Guardian","floor":20.0,"turns":1.0},{"damage":0.0,"enemies":"Snake Plant","floor":22.0,"turns":1.0},{"damage":6.0,"enemies":"Shelled Parasite and Fungi","floor":24.0,"turns":1.0},{"damage":8.0,"enemies":"Gremlin Leader","floor":27.0,"turns":3.0},{"damage":14.0,"enemies":"Slavers","floor":30.0,"turns":3.0},{"damage":49.0,"enemies":"Collector","floor":33.0,"turns":7.0},{"damage":9.0,"enemies":"3 Shapes","floor":35.0,"turns":2.0},{"damage":6.0,"enemies":"3 Darklings","floor":37.0,"turns":3.0},{"damage":13.0,"enemies":"Jaw Worm Horde","floor":39.0,"turns":4.0},{"damage":30,"enemies":"Reptomancer","floor":40,"turns":7},{"damage":8,"enemies":"Giant Head","floor":42,"turns":9},{"damage":10,"enemies":"Nemesis","floor":47,"turns":5},{"damage":0,"enemies":"4 Shapes","floor":48,"turns":1},{"damage":68,"enemies":"Donu and Deca","floor":50,"turns":7}],"seed_played":"6766030723167537305","potions_obtained":[{"floor":1.0,"key":"BlessingOfTheForge"},{"floor":7.0,"key":"Energy Potion"},{"floor":12.0,"key":"BlessingOfTheForge"},{"floor":16.0,"key":"Weak Potion"},{"floor":18.0,"key":"ElixirPotion"},{"floor":24.0,"key":"LiquidMemories"},{"floor":30.0,"key":"SteroidPotion"},{"floor":38.0,"key":"SpeedPotion"},{"floor":38.0,"key":"ColorlessPotion"},{"floor":38.0,"key":"SneckoOil"},{"floor":39.0,"key":"FearPotion"},{"floor":40,"key":"SmokeBomb"},{"floor":47,"key":"CultistPotion"}],"is_trial":false,"path_per_floor":["M","?","$","?","$","R","E","$","T","M","M","M","E","?","R","B",null,"M","?","M","$","M","R","M","R","T","E","$","$","E","?","R","B",null,"M","$","M","?","M","E","R","E","T","R","?","R","E","M","R","B",null],"character_chosen":"IRONCLAD","items_purchased":["Whirlwind","Whetstone","Blood for Blood","Shrug It Off","Exhume"],"campfire_rested":0,"item_purchase_floors":[8,21,28,29,36],"current_hp_per_floor":[80,80,80,80,80,80,80,80,80,80,80,80,79,72,72,12,80,80,80,80,80,80,80,80,80,80,78,78,78,70,70,70,27,80,77,77,77,77,78,54,54,57,71,71,71,71,67,78,78,21],"gold":153,"neow_bonus":"THREE_ENEMY_KILL","is_daily":false,"chose_seed":false,"campfire_upgraded":9,"win_rate":0.0,"timestamp":1612194405,"path_taken":["M","?","$","?","$","R","E","$","T","?","M","M","E","?","R","BOSS","M","?","?","$","M","R","?","R","T","E","?","$","E","?","R","BOSS","M","$","M","?","M","E","R","E","T","R","?","R","E","M","R","BOSS"],"items_purchased_type":["Card","Relic","Card","Card","Card"],"build_version":"2020-12-22","purchased_purges":2,"victory":true,"max_hp_per_floor":[80,80,80,80,80,80,80,80,80,80,80,80,80,80,80,80,80,80,80,80,80,80,80,80,80,80,80,80,80,80,80,80,80,80,80,80,80,80,80,80,80,80,94,94,94,94,94,94,94,94],"card_choices":[{"not_picked":["Havoc","Clash"],"picked":"Intimidate","floor":1.0},{"not_picked":["Sentinel","Sword Boomerang"],"picked":"Cleave","floor":7.0},{"not_picked":["Havoc","Evolve"],"picked":"Headbutt","floor":10.0},{"not_picked":["Warcry","Metallicize"],"picked":"Shrug It Off","floor":11.0},{"not_picked":["Corruption","True Grit"],"picked":"Burning Pact","floor":12.0},{"not_picked":["Armaments","Cleave"],"picked":"Battle Trance","floor":13.0},{"not_picked":["Exhume","Corruption"],"picked":"Offering","floor":16.0},{"not_picked":["Clothesline+1","Bloodletting+1"],"picked":"Shrug It Off","floor":18.0},{"not_picked":["Armaments","Heavy Blade"],"picked":"Body Slam","floor":20.0},{"not_picked":["Corruption","Sword Boomerang+1"],"picked":"Hemokinesis+1","floor":22.0},{"not_picked":["Blood for Blood","Clothesline"],"picked":"Thunderclap","floor":24.0},{"not_picked":["Offering","Hemokinesis+1"],"picked":"Spot Weakness","floor":27.0},{"not_picked":["Clash+1","Armaments"],"picked":"Entrench","floor":30.0},{"not_picked":["Juggernaut","Corruption"],"picked":"Barricade","floor":33.0},{"not_picked":["Twin Strike+1","Evolve+1","Clothesline+1"],"picked":"SKIP","floor":35.0},{"not_picked":["Hemokinesis+1","Clothesline+1"],"picked":"Ghostly Armor+1","floor":37.0},{"not_picked":["Thunderclap+1","Sever Soul+1","Cleave+1"],"picked":"SKIP","floor":39.0},{"not_picked":["Sword Boomerang+1","Pommel Strike+1"],"picked":"Body Slam+1","floor":40},{"not_picked":["Demon Form+1","Havoc"],"picked":"Flame Barrier","floor":42},{"not_picked":["Clothesline+1","Sword Boomerang+1"],"picked":"Rage","floor":47}],"player_experience":528387,"relics_obtained":[{"floor":7.0,"key":"War Paint"},{"floor":9.0,"key":"Ancient Tea Set"},{"floor":13.0,"key":"Omamori"},{"floor":26.0,"key":"Champion Belt"},{"floor":27.0,"key":"Regal Pillow"},{"floor":30.0,"key":"Molten Egg 2"},{"floor":34.0,"key":"Toy Ornithopter"},{"floor":34.0,"key":"Frozen Egg 2"},{"floor":34.0,"key":"Pocketwatch"},{"floor":40,"key":"Lantern"},{"floor":42,"key":"Sundial"},{"floor":43,"key":"Mango"},{"floor":47,"key":"Lizard Tail"}],"event_choices":[{"damage_healed":0.0,"max_hp_gain":0.0,"max_hp_loss":0.0,"gold_gain":0.0,"event_name":"Big Fish","player_choice":"Box","floor":2.0,"gold_loss":0.0,"damage_taken":0.0,"relics_obtained":["Akabeko"],"cards_obtained":["Regret"]},{"cards_removed":["Defend_R"],"damage_healed":0.0,"max_hp_gain":0.0,"max_hp_loss":0.0,"gold_gain":0.0,"event_name":"Purifier","player_choice":"Purged","floor":4.0,"gold_loss":0.0,"damage_taken":0.0},{"damage_healed":0.0,"max_hp_gain":0.0,"max_hp_loss":0.0,"gold_gain":0.0,"event_name":"Scrap Ooze","player_choice":"Success","floor":14.0,"gold_loss":0.0,"damage_taken":7.0,"relics_obtained":["Anchor"]},{"damage_healed":0.0,"max_hp_gain":0.0,"max_hp_loss":0.0,"gold_gain":0.0,"event_name":"Match and Keep!","player_choice":"2 cards matched","floor":19.0,"gold_loss":0.0,"damage_taken":0.0,"cards_obtained":["Seeing Red","Exhume"]},{"damage_healed":0.0,"max_hp_gain":0.0,"max_hp_loss":0.0,"gold_gain":0.0,"event_name":"Match and Keep!","player_choice":"2 cards matched","floor":19.0,"gold_loss":0.0,"damage_taken":0.0,"cards_obtained":["Seeing Red","Exhume"]},{"damage_healed":0.0,"max_hp_gain":0.0,"max_hp_loss":0.0,"gold_gain":0.0,"event_name":"Addict","player_choice":"Stole Relic","floor":31.0,"gold_loss":0.0,"damage_taken":0.0,"relics_obtained":["Juzu Bracelet"],"cards_obtained":["Shame"]},{"damage_healed":0.0,"max_hp_gain":0.0,"max_hp_loss":0.0,"gold_gain":0.0,"event_name":"Lab","player_choice":"Got Potions","floor":38.0,"gold_loss":0.0,"damage_taken":0.0},{"cards_removed":["Strike_R"],"damage_healed":0,"gold_gain":0,"player_choice":"Removed Attack","damage_taken":0,"max_hp_gain":0,"max_hp_loss":0,"event_name":"Falling","floor":45,"gold_loss":0}],"is_beta":false,"boss_relics":[{"not_picked":["Ectoplasm","Tiny House"],"picked":"Runic Pyramid"},{"not_picked":["Astrolabe","Coffee Dripper"],"picked":"Calling Bell"}],"items_purged_floors":[3,21],"is_endless":false,"potions_floor_spawned":[1,7,12,16,18,24,30,39,40,47],"ascension_level":1}}