{"host":"4frmwgfdu3ku469n","time":1612207817,"event":{"mods":["BaseMod","Minty Spire (QoL Compilation)","StSLib"],"gold_per_floor":[116,291,291,12,29,29,29,55,55,87,49,78,97,114,114,212,212,231,41,41,60,60,85,85,45,72,72,88,102,102,75,75,173,173,173,173],"floor_reached":35,"language":"ZHS","playtime":803,"items_purged":["Doubt"],"score":670,"play_id":"e570b9ac-e868-4629-ba8d-af4cff5a0ea0","local_time":"20210202033017","is_ascension_mode":true,"campfire_choices":[{"data":"Calculated Gamble","floor":6.0,"key":"SMITH"},{"data":"Blade Dance","floor":15,"key":"SMITH"},{"floor":24,"key":"REST"},{"floor":27,"key":"REST"},{"data":"A Thousand Cuts","floor":32,"key":"SMITH"}],"circlet_count":0,"master_deck":["AscendersBane","Strike_G","Strike_G","Strike_G","Strike_G","Strike_G","Defend_G","Defend_G","Defend_G","Defend_G","Defend_G","Survivor","Neutralize","Cloak And Dagger","Accuracy","Calculated Gamble+1","Choke","Prepared","Blade Dance+1","Accuracy","Corpse Explosion","Acrobatics","A Thousand Cuts+1","Panache+1","PiercingWail+1","Backflip","Envenom"],"relics":["Ring of the Snake","NeowsBlessing","Pear","White Beast Statue","Art of War","InkBottle","Oddly Smooth Stone","SacredBark","Molten Egg 2","Bag of Marbles","Regal Pillow","SlaversCollar"],"acts_visited":["Exordium","TheCity","TheBeyond"],"potions_floor_usage":[12,14,16,21,23,23,33,33,35],"damage_taken":[{"damage":0.0,"enemies":"Jaw Worm","floor":1.0,"turns":1.0},{"damage":0.0,"enemies":"2 Louse","floor":5.0,"turns":1.0},{"damage":0.0,"enemies":"Lagavulin","floor":8.0,"turns":1.0},{"damage":5.0,"enemies":"Gremlin Nob","floor":10.0,"turns":3.0},{"damage":17,"enemies":"Lagavulin","floor":12,"turns":5},{"damage":0,"enemies":"Cultist","floor":13,"turns":2},{"damage":0,"enemies":"Exordium Thugs","floor":14,"turns":4},{"damage":30,"enemies":"The Guardian","floor":16,"turns":11},{"damage":17,"enemies":"Spheric Guardian","floor":18,"turns":4},{"damage":0,"enemies":"2 Thieves","floor":21,"turns":2},{"damage":15,"enemies":"Book of Stabbing","floor":23,"turns":4},{"damage":0,"enemies":"3 Cultists","floor":28,"turns":2},{"damage":0,"enemies":"Centurion and Healer","floor":29,"turns":3},{"damage":52,"enemies":"Automaton","floor":33,"turns":8},{"damage":77,"enemies":"3 Shapes","floor":35,"turns":3}],"seed_played":"-2297922179411659222","potions_obtained":[{"floor":5.0,"key":"ColorlessPotion"},{"floor":10.0,"key":"DuplicationPotion"},{"floor":12,"key":"FearPotion"},{"floor":13,"key":"AttackPotion"},{"floor":14,"key":"Explosive Potion"},{"floor":16,"key":"SpeedPotion"},{"floor":21,"key":"SneckoOil"},{"floor":23,"key":"GamblersBrew"},{"floor":28,"key":"Explosive Potion"},{"floor":29,"key":"Strength Potion"},{"floor":33,"key":"Energy Potion"}],"is_trial":false,"path_per_floor":["M","?","?","$","M","R","$","E","T","E","$","E","M","M","R","B",null,"M","$","?","M","?","E","R","?","T","R","M","M","?","$","R","B",null,"M"],"character_chosen":"THE_SILENT","items_purchased":["Cloak And Dagger","Accuracy","Calculated Gamble","Fire Potion","Accuracy","Panache","Backflip"],"campfire_rested":2,"item_purchase_floors":[4,4,4,4,11,19,31],"current_hp_per_floor":[63,63,66,66,66,66,66,66,66,61,61,44,44,44,44,14,64,47,47,32,32,32,17,42,42,42,67,67,67,67,67,67,15,68,0,0],"gold":173,"neow_bonus":"THREE_ENEMY_KILL","is_daily":false,"chose_seed":false,"campfire_upgraded":3,"win_rate":0.0,"timestamp":1612207817,"path_taken":["M","?","?","$","M","R","$","E","T","E","?","E","?","M","R","BOSS","M","$","?","M","?","E","R","?","T","R","M","?","?","$","R","BOSS","M"],"items_purchased_type":["Card","Card","Card","Potion","Card","Card","Card"],"build_version":"2020-12-22","purchased_purges":1,"victory":false,"max_hp_per_floor":[70,70,80,80,80,80,80,80,80,80,80,80,80,80,80,80,80,80,80,85,85,85,85,85,85,85,85,85,85,85,85,85,85,85,85,85],"card_choices":[{"not_picked":["Dodge and Roll","Slice","Bane"],"picked":"SKIP","floor":1.0},{"not_picked":["Expertise","Deflect"],"picked":"Choke","floor":5.0},{"not_picked":["Deadly Poison","Dagger Spray"],"picked":"Prepared","floor":8.0},{"not_picked":["Bane","Sucker Punch"],"picked":"Blade Dance","floor":10.0},{"not_picked":["Heel Hook","Accuracy"],"picked":"Corpse Explosion","floor":12},{"not_picked":["All Out Attack","Blade Dance"],"picked":"Acrobatics","floor":13},{"not_picked":["Dagger Throw","Outmaneuver","Riddle With Holes"],"picked":"SKIP","floor":14},{"not_picked":["Malaise","Bullet Time"],"picked":"A Thousand Cuts","floor":16},{"not_picked":["Dagger Spray","Deflect","Slice+1"],"picked":"SKIP","floor":18},{"not_picked":["Outmaneuver","Riddle With Holes"],"picked":"PiercingWail+1","floor":21},{"not_picked":["Dagger Throw+1","Tactician","PiercingWail"],"picked":"SKIP","floor":23},{"not_picked":["Acrobatics+1","PiercingWail+1","Slice+1"],"picked":"SKIP","floor":28},{"not_picked":["Slice+1","Corpse Explosion","Flying Knee+1"],"picked":"SKIP","floor":29},{"not_picked":["Malaise","Burst"],"picked":"Envenom","floor":33}],"player_experience":668938,"relics_obtained":[{"floor":8.0,"key":"White Beast Statue"},{"floor":9.0,"key":"Art of War"},{"floor":10.0,"key":"InkBottle"},{"floor":12,"key":"Oddly Smooth Stone"},{"floor":23,"key":"Molten Egg 2"},{"floor":26,"key":"Bag of Marbles"}],"event_choices":[{"damage_healed":0.0,"max_hp_gain":0.0,"max_hp_loss":0.0,"gold_gain":175.0,"event_name":"Liars Game","player_choice":"AGREE","floor":2.0,"gold_loss":0.0,"damage_taken":0.0,"cards_obtained":["Doubt"]},{"damage_healed":0.0,"max_hp_gain":0.0,"max_hp_loss":0.0,"gold_gain":0.0,"event_name":"Scrap Ooze","player_choice":"Success","floor":3.0,"gold_loss":0.0,"damage_taken":7.0,"relics_obtained":["Pear"]},{"damage_healed":0,"gold_gain":0,"player_choice":"Shed Blood","damage_taken":20,"max_hp_gain":5,"max_hp_loss":0,"event_name":"Forgotten Altar","floor":20,"gold_loss":0},{"damage_healed":0,"gold_gain":0,"player_choice":"Ignored","damage_taken":0,"max_hp_gain":0,"max_hp_loss":0,"event_name":"Cursed Tome","floor":22,"gold_loss":0},{"damage_healed":0,"gold_gain":0,"player_choice":"Upgrade","damage_taken":0,"max_hp_gain":0,"max_hp_loss":0,"event_name":"Designer","floor":25,"gold_loss":40,"cards_upgraded":["Panache"]},{"damage_healed":0,"gold_gain":0,"player_choice":"Opened","damage_taken":0,"relics_obtained":["Regal Pillow"],"max_hp_gain":0,"max_hp_loss":0,"event_name":"The Mausoleum","floor":30,"gold_loss":0}],"is_beta":false,"boss_relics":[{"not_picked":["Runic Dome","Velvet Choker"],"picked":"SacredBark"},{"not_picked":["Astrolabe","Ring of the Serpent"],"picked":"SlaversCollar"}],"items_purged_floors":[4],"is_endless":false,"potions_floor_spawned":[5,10,12,13,14,16,18,21,23,28,29,33],"killed_by":"3 Shapes","ascension_level":11}}