{"host":"5dn9v6uqcruncej8","time":1612186596,"event":{"mods":["Act Like it!","BaseMod","Colored Powertips","Gensokyo","Koishi","Lobotomy","LobotomyExtend","Marisa£®ÏF”Í°°ƒß¿Ì…≥£©","Minty Spire (QoL Compilation)","Reimu£®≤©¿ˆ¡È√Œ£©","Remilia£®¿Ÿ√◊¿Ú—«£©","Shop Mod","StSLib","Youmu£®ªÍ∆«—˝√Œ£©"],"gold_per_floor":[116,131,131,148,162,162,191,191,191,210,229,139,139,164,164,263,263,281,206,206,225,116,148,148,183,208,219,230,260,260,278,278,374,374,391,391,391,391,291,323,342,63,87,107,107,69,69,81,81,81,81],"floor_reached":52,"language":"ZHS","playtime":7136,"items_purged":["Strike_YM","HumanKnowledgeSword+1","SlashOfPresentWorld"],"score":885,"play_id":"88fe0916-5082-4b3c-a001-30ccf11f327b","local_time":"20210201213636","is_ascension_mode":true,"campfire_choices":[{"data":"HellGodSword","floor":6.0,"key":"SMITH"},{"data":"SlashOfSaigyouSpringWind","floor":8.0,"key":"SMITH"},{"data":"Strike_YM","floor":15.0,"key":"PURGE"},{"data":"Strike_YM","floor":24.0,"key":"PURGE"},{"data":"Strike_YM","floor":32.0,"key":"PURGE"},{"data":"HeavenSword","floor":49,"key":"SMITH"}],"circlet_count":0,"master_deck":["BigBird","LongBird","ApocalypseBird","PunishingBird","QueenOfHatred","CENSORED","Defend_YM","Defend_YM","Defend_YM","Defend_YM","WheelOfPainOfLivingAndDead","HereticApostle","MHz","SlashOfSaigyouSpringWind+1","HeavenSword+1","ReincarnationSword+1","CurseOfTheBell","HumanRealmSword+1","SuddenPhantomFormationSlashOfKarmicWind","SwordExtraction+1","HiganSword+1","SanzenSekai+1","TurningAngelCut+1","FieryBird","SwordExtraction+1","TurningAngelCut+1","Gensokyo:AllTheWorldsEvil","MatsuyoiReflectingSatelliteSlash","FastingOfTheYoungPreta+1","Gensokyo:OverchargedCore","WhiteNight"],"relics":["HalfPhantom","CogitoBucket","LetterFromLob","AntiCross","Toxic Egg 2","FencingExperience","Peace Pipe","Calling Bell","Vajra","Question Card","Prayer Wheel","Nunchaku","Hakurouken","HellTrain","Potion Belt","Centennial Puzzle","Bag of Marbles","Bird Faced Urn","CENSORED_r","ChestCloth","AtMidnight","BackwardClock","Philosopher\u0027s Stone","Meat on the Bone","Pear","InTheNameOfLoveAndHate_r","OrangePellets","Roukanken","Twilight","Orichalcum","Justitia_r","Lamp_r"],"acts_visited":["Gensokyo:Gensokyo","Gensokyo:Gensokyoer","Gensokyo:Gensokyoest"],"potions_floor_usage":[50],"damage_taken":[{"damage":2.0,"enemies":"Gensokyo:Gryphon","floor":1.0,"turns":4.0},{"damage":6.0,"enemies":"Gensokyo:Python","floor":2.0,"turns":3.0},{"damage":1.0,"enemies":"Gensokyo:2_Kodama","floor":4.0,"turns":2.0},{"damage":1.0,"enemies":"Gensokyo:LivingMonolith","floor":5.0,"turns":3.0},{"damage":1.0,"enemies":"Gensokyo:Cirno","floor":7.0,"turns":5.0},{"damage":17.0,"enemies":"Gensokyo:2_Rabbits","floor":10.0,"turns":3.0},{"damage":3.0,"enemies":"Gensokyo:Kitsune","floor":11.0,"turns":3.0},{"damage":4.0,"enemies":"Gensokyo:Aya","floor":14.0,"turns":3.0},{"damage":11.0,"enemies":"Gensokyo:Yukari","floor":16.0,"turns":11.0},{"damage":0.0,"enemies":"Gensokyo:2_Gloops","floor":18.0,"turns":3.0},{"damage":39.0,"enemies":"Gensokyo:Chomper","floor":21.0,"turns":4.0},{"damage":0.0,"enemies":"Gensokyo:Reisen","floor":23.0,"turns":4.0},{"damage":6.0,"enemies":"Gensokyo:Koishi","floor":25.0,"turns":4.0},{"damage":21.0,"enemies":"Gensokyo:Mirror_and_Dog","floor":27.0,"turns":2.0},{"damage":22.0,"enemies":"Gensokyo:Swordslinger","floor":28.0,"turns":3.0},{"damage":12.0,"enemies":"Gensokyo:Tenshi","floor":29.0,"turns":4.0},{"damage":13.0,"enemies":"Gensokyo:Monolith_and_Dog","floor":31.0,"turns":7.0},{"damage":8.0,"enemies":"Gensokyo:Kaguya","floor":33.0,"turns":5.0},{"damage":0.0,"enemies":"Gensokyo:3_Boulders","floor":35.0,"turns":1.0},{"damage":0,"enemies":"Gensokyo:Doremy","floor":40,"turns":3},{"damage":15,"enemies":"Gensokyo:AncientGuardian","floor":41,"turns":3},{"damage":0,"enemies":"Gensokyo:SeedOfUnknown","floor":44,"turns":1},{"damage":0,"enemies":"Gensokyo:Rafflesia","floor":47,"turns":3},{"damage":10,"enemies":"Gensokyo:Rafflesia","floor":48,"turns":2},{"damage":39,"enemies":"Gensokyo:Scarlet_Devils","floor":50,"turns":7}],"seed_played":"-5959898712893969292","potions_obtained":[{"floor":2.0,"key":"LiquidMemories"},{"floor":7.0,"key":"SteroidPotion"},{"floor":14.0,"key":"CausticAgent"},{"floor":16.0,"key":"SpeedPotion"},{"floor":28.0,"key":"SkillPotion"},{"floor":29.0,"key":"BlessingOfTheForge"},{"floor":31.0,"key":"AttackPotion"},{"floor":48,"key":"LiquidMemories"}],"is_trial":false,"path_per_floor":["M","M","?","M","M","R","E","R","T","M","M","COS","T","E","R","B",null,"M","$","?","M","COS","E","R","E","T","M","M","E","?","M","R","B",null,"M","?","?","T","$","E","M","$","T","M","?","COS","M","M","R","B",null,null],"character_chosen":"YOUMU","items_purchased":["OrangePellets"],"campfire_rested":0,"item_purchase_floors":[42],"current_hp_per_floor":[73,69,69,68,67,67,68,68,68,51,48,48,48,44,44,47,75,75,75,75,36,36,58,58,75,75,59,39,45,45,72,72,75,75,75,75,75,75,75,85,80,80,80,82,82,82,85,81,81,85,85],"gold":81,"neow_bonus":"","is_daily":false,"chose_seed":false,"campfire_upgraded":3,"win_rate":0.0,"timestamp":1612186596,"path_taken":["M","M","?","M","M","R","E","R","T","?","M","COS","?","E","R","BOSS","M","$","?","M","COS","E","R","E","T","M","M","E","?","M","R","BOSS","M","?","?","?","?","E","M","$","T","M","?","COS","M","M","R","BOSS"],"items_purchased_type":["Relic"],"build_version":"2020-12-22","purchased_purges":3,"victory":true,"max_hp_per_floor":[75,75,75,75,75,75,75,75,75,75,75,75,75,75,75,75,75,75,75,75,75,75,75,75,75,75,75,75,75,75,75,75,75,75,75,75,75,75,75,85,85,85,85,85,85,85,85,85,85,85,85],"card_choices":[{"not_picked":["CrumblingArmor","BeautyBeast"],"picked":"PunishingBird","floor":1.0},{"not_picked":["LightFlashOfTheNetherworld","SanzenSekai"],"picked":"HellGodSword","floor":1.0},{"not_picked":["OldLady","Variant","HeroicMonk"],"picked":"Singing Bowl","floor":2.0},{"not_picked":["SlashOfMeditation","ConstancyOfTheConventionalTruth","SpiritCuttingSword"],"picked":"SKIP","floor":2.0},{"not_picked":["LittleHelper","CherryBlossoms"],"picked":"MHz","floor":4.0},{"not_picked":["DispleasureOfTheSevenHakus","SanzenSekai"],"picked":"SlashOfSaigyouSpringWind","floor":4.0},{"not_picked":["GalaxyChild","BeautyBeast","CrumblingArmor"],"picked":"Singing Bowl","floor":5.0},{"not_picked":["SlashOfMeditation","TwoHundredYojanaInOneSlash","LifeCuttingSword"],"picked":"SKIP","floor":5.0},{"not_picked":["VoidDream","QueenOfHatred","ShyLook"],"picked":"Singing Bowl","floor":7.0},{"not_picked":["ObsessionWithThePresentWorld","TwoHundredYojanaInOneSlash","LifeCuttingSword"],"picked":"SKIP","floor":7.0},{"not_picked":["OSAHOGD","Murderer","CrumblingArmor"],"picked":"Singing Bowl","floor":10.0},{"not_picked":["SpiritMediumsBind+1","PretaSword","SlashOfMeditation"],"picked":"SKIP","floor":10.0},{"not_picked":["LaLuna","Scorched","Bloodbath"],"picked":"Singing Bowl","floor":11.0},{"not_picked":["SpiritMediumsBind+1","KarmicPunishmentOfTheIdleAndUnfocused+1"],"picked":"HeavenSword","floor":11.0},{"not_picked":["WallGazer","SpiderBud","Wellcheers"],"picked":"Singing Bowl","floor":14.0},{"not_picked":["PhosphoricSlash","TwoHundredYojanaInOneSlash","SlashOfTheEternalFuture"],"picked":"SKIP","floor":14.0},{"not_picked":["FairyFestival","WhitesApple","BeautyBeast"],"picked":"Singing Bowl","floor":16.0},{"not_picked":["WickedSoul+1","HellRealmSword"],"picked":"ReincarnationSword+1","floor":16.0},{"not_picked":["PreachingAvici+1","HeartExcerptSlash","SlashClearingTheSixSenses"],"picked":"HumanRealmSword+1","floor":18.0},{"not_picked":["BigBadWolf","MeatLantern","Wellcheers"],"picked":"Singing Bowl","floor":18.0},{"not_picked":["CrescentMoonSlash","BizarrenessOfSixRealms+1","ReincarnationSword+1"],"picked":"SuddenPhantomFormationSlashOfKarmicWind","floor":18.0},{"not_picked":["BeautyBeast","QueenBee","Wellcheers"],"picked":"Singing Bowl","floor":21.0},{"not_picked":["DespairKnight","Scarecrow"],"picked":"QueenOfHatred","floor":21.0},{"not_picked":["HumanRealmSword+1","ConstancyOfTheConventionalTruth+1","KarmicPunishmentOfTheIdleAndUnfocused+1"],"picked":"SwordExtraction+1","floor":21.0},{"not_picked":["SlashOfDepartureFromHesitation","PretaSword","HumanKnowledgeSword","CherryBlossomFlashing"],"picked":"SKIP","floor":21.0},{"not_picked":["GreedKing","DreamingCurrent","OSAHOGD"],"picked":"Singing Bowl","floor":23.0},{"not_picked":["SwordOfBindingDesires+1","AsTheSilentNirvana+1","ConstancyOfTheConventionalTruth+1"],"picked":"HiganSword+1","floor":23.0},{"not_picked":["DispleasureOfTheSevenHakus+1","VoidnessSword","TwoHundredYojanaInOneSlash","SwordOfBindingDesires+1"],"picked":"SKIP","floor":23.0},{"not_picked":["BlueStar","WhitesApple","LaLuna"],"picked":"Singing Bowl","floor":25.0},{"not_picked":["DispleasureOfTheSevenHakus+1","ThreeKonsSevenHakus+1","SwordExtraction+1"],"picked":"SanzenSekai+1","floor":25.0},{"not_picked":["Alriune","OSAHOGD","LittleHelper"],"picked":"Singing Bowl","floor":27.0},{"not_picked":["MeatLantern","CrumblingArmor"],"picked":"CENSORED","floor":27.0},{"not_picked":["ConstancyOfTheConventionalTruth+1","FlashingScatteredFlowers","LowerRealmReflectionSlash"],"picked":"TurningAngelCut+1","floor":27.0},{"not_picked":["LowerRealmReflectionSlash+1","ObsessionWithThePresentWorld+1","SpiritCuttingSword+1","SpiritMediumsBind+1"],"picked":"SKIP","floor":27.0},{"not_picked":["HappyTeddy","Murderer","Bloodbath"],"picked":"Singing Bowl","floor":28.0},{"not_picked":["WhiteNight","BlackSwan"],"picked":"FieryBird","floor":28.0},{"not_picked":["PhosphoricSlash","HumanKnowledgeSword","TwoHundredYojanaInOneSlash"],"picked":"SwordExtraction+1","floor":28.0},{"not_picked":["SlashOfMeditation","HellGodSword+1","FiveSignsOfTheDyingDeva","CherryBlossomFlashing"],"picked":"SKIP","floor":28.0},{"not_picked":["Scorched","VoidDream","Variant"],"picked":"Singing Bowl","floor":29.0},{"not_picked":["TenKingsRetributionOnThePreta+1","HeavenGodSword","ObsessionWithThePresentWorld+1"],"picked":"TurningAngelCut+1","floor":29.0},{"not_picked":["Scorched","BlackSwan","SilentOrchestra"],"picked":"Singing Bowl","floor":31.0},{"not_picked":["SlashOfDepartureFromHesitation+1","DispleasureOfTheSevenHakus+1","SanzenSekai+1","SlashOfDelusionalInnerEye"],"picked":"SKIP","floor":31.0},{"not_picked":["DispleasureOfTheSevenHakus+1","LifeCuttingSword","CherryBlossomFlashing","FlashingScatteredFlowers"],"picked":"SKIP","floor":31.0},{"not_picked":["BeautyBeast","FairyFestival","WallGazer"],"picked":"Singing Bowl","floor":33.0},{"not_picked":["HeavenGodSword","HellRealmSword","StrangeHalfBody"],"picked":"MatsuyoiReflectingSatelliteSlash","floor":33.0},{"not_picked":["WallGazer","OldLady"],"picked":"LongBird","floor":35.0},{"not_picked":["CrescentMoonSlash","HumanKnowledgeSword","FlashingScatteredFlowers+1"],"picked":"FastingOfTheYoungPreta+1","floor":35.0},{"not_picked":["DispleasureOfTheSevenHakus+1","SanzenSekai+1","TurningAngelCut+1","SwordExtraction+1"],"picked":"SKIP","floor":35.0},{"not_picked":["LaLuna","HappyTeddy","Alriune"],"picked":"Singing Bowl","floor":40},{"not_picked":["GreatEnlightenmentAppearingAndDisappearing+1","LifeCuttingSword+1","HumanRealmSword+1","ThreeKonsSevenHakus+1"],"picked":"SKIP","floor":40},{"not_picked":["Wellcheers","WhitesApple","ShyLook"],"picked":"Singing Bowl","floor":41},{"not_picked":["FlashingScatteredFlowers","SlashOfDelusionalInnerEye+1","PreachingAvici+1","SlashOfMeditation"],"picked":"SKIP","floor":41},{"not_picked":["TenKingsRetributionOnThePreta","DispleasureOfTheSevenHakus+1","LifeCuttingSword+1","ThoughtCuttingSword+1"],"picked":"SKIP","floor":41},{"not_picked":["SingingMachine","Yin","BlueStar"],"picked":"Singing Bowl","floor":44},{"not_picked":["QueenBee","Mercenary"],"picked":"BigBird","floor":44},{"not_picked":["FlashingScatteredFlowers","HumanKnowledgeSword+1","TwoHundredYojanaInOneSlash+1","CrescentMoonSlash+1"],"picked":"SKIP","floor":44},{"not_picked":["RapidSlash+1","FlashingScatteredFlowers","PhosphoricSlash","CherryBlossomFlashing+1"],"picked":"SKIP","floor":44},{"not_picked":["BodiesMountain","LittleHelper","CherryBlossoms"],"picked":"Singing Bowl","floor":47},{"not_picked":["Variant","Funeral","NakedNest"],"picked":"Singing Bowl","floor":48},{"not_picked":["Scorched","Alriune"],"picked":"WhiteNight","floor":48},{"not_picked":["ConstancyOfTheConventionalTruth+1","DeadlyForm","RapidSlash","HumanKnowledgeSword"],"picked":"SKIP","floor":48},{"not_picked":["LowerRealmReflectionSlash+1","HeavenlyHaloSlash","HellGodSword+1","SlashClearingTheSixSenses+1"],"picked":"SKIP","floor":48}],"player_experience":159081,"relics_obtained":[{"floor":1.0,"key":"LetterFromLob"},{"floor":7.0,"key":"AntiCross"},{"floor":9.0,"key":"Toxic Egg 2"},{"floor":13.0,"key":"FencingExperience"},{"floor":14.0,"key":"Peace Pipe"},{"floor":17.0,"key":"Vajra"},{"floor":17.0,"key":"Question Card"},{"floor":17.0,"key":"Prayer Wheel"},{"floor":23.0,"key":"Potion Belt"},{"floor":25.0,"key":"Centennial Puzzle"},{"floor":26.0,"key":"Bag of Marbles"},{"floor":29.0,"key":"ChestCloth"},{"floor":31.0,"key":"AtMidnight"},{"floor":38.0,"key":"Meat on the Bone"},{"floor":40,"key":"Pear"},{"floor":43,"key":"Roukanken"},{"floor":47,"key":"Twilight"}],"event_choices":[],"is_beta":false,"boss_relics":[{"not_picked":["Sozu","RedLine:ReiMu"],"picked":"Calling Bell"},{"not_picked":["Busted Crown","Tiny House"],"picked":"Philosopher\u0027s Stone"}],"items_purged_floors":[19,39,42],"is_endless":false,"potions_floor_spawned":[2,7,14,16,21,28,29,31,44,48],"ascension_level":1}}