{"host":"jqln3q8z91cyrmpl","time":1612169165,"event":{"mods":["AchievementEnabler","BaseMod","Colored Map","DeckTracker","Keyboard Shortcuts","Minty Spire (QoL Compilation)","SuperFastMode"],"gold_per_floor":[111,36,36,48,48,48,83,102,102,102,136,153,15,46,46,145,145,159,159,176,76,93,93,122,122,122,122,122],"floor_reached":27,"language":"KOR","playtime":710,"items_purged":["Strike_P","Strike_P"],"score":374,"play_id":"c6e79af0-108c-4386-a607-4ade164551bf","local_time":"20210201174605","is_ascension_mode":true,"campfire_choices":[{"data":"Eruption","floor":6.0,"key":"SMITH"},{"data":"Adaptation","floor":10.0,"key":"SMITH"},{"data":"Prostrate","floor":15.0,"key":"SMITH"},{"data":"DevaForm","floor":23.0,"key":"SMITH"},{"floor":25,"key":"REST"}],"circlet_count":0,"master_deck":["Strike_P","Strike_P","Defend_P","Defend_P","Defend_P","Defend_P","Eruption+1","Vigilance","EmptyFist","Prostrate+1","Adaptation+1","Halt+1","LessonLearned","Crescendo","Judgement","ClearTheMind","DevaForm+1"],"relics":["PureWater","NeowsBlessing","Turnip","TungstenRod","Pen Nib","InkBottle","VioletLotus","Singing Bowl","Gremlin Horn"],"acts_visited":["Exordium","TheCity"],"potions_floor_usage":[24,24],"damage_taken":[{"damage":0.0,"enemies":"Jaw Worm","floor":1.0,"turns":1.0},{"damage":0.0,"enemies":"Small Slimes","floor":4.0,"turns":1.0},{"damage":0.0,"enemies":"3 Sentries","floor":7.0,"turns":1.0},{"damage":1.0,"enemies":"Cultist","floor":8.0,"turns":3.0},{"damage":0.0,"enemies":"Gremlin Nob","floor":11.0,"turns":2.0},{"damage":0.0,"enemies":"3 Louse","floor":12.0,"turns":3.0},{"damage":10.0,"enemies":"3 Sentries","floor":14.0,"turns":9.0},{"damage":14.0,"enemies":"Slime Boss","floor":16.0,"turns":10.0},{"damage":0.0,"enemies":"Spheric Guardian","floor":18.0,"turns":1.0},{"damage":3.0,"enemies":"Chosen","floor":20.0,"turns":3.0},{"damage":21.0,"enemies":"Snecko","floor":22.0,"turns":6.0},{"damage":54,"enemies":"Gremlin Leader","floor":24,"turns":9},{"damage":31,"enemies":"Book of Stabbing","floor":27,"turns":6}],"seed_played":"-4361392886246863971","potions_obtained":[{"floor":5.0,"key":"ColorlessPotion"},{"floor":5.0,"key":"Swift Potion"},{"floor":5.0,"key":"AttackPotion"},{"floor":7.0,"key":"Block Potion"},{"floor":14.0,"key":"Regen Potion"},{"floor":18.0,"key":"BottledMiracle"}],"is_trial":false,"path_per_floor":["M","$","?","M","?","R","E","M","T","R","E","M","$","E","R","B",null,"M","?","M","$","M","R","E","R","T","E"],"character_chosen":"WATCHER","items_purchased":["LessonLearned"],"campfire_rested":1,"item_purchase_floors":[13],"current_hp_per_floor":[72,72,72,72,72,72,72,71,71,71,71,71,71,61,61,47,66,66,66,63,63,42,42,5,27,27,0,0],"gold":122,"neow_bonus":"THREE_ENEMY_KILL","is_daily":false,"chose_seed":false,"campfire_upgraded":4,"win_rate":0.0,"timestamp":1612169165,"path_taken":["M","$","?","M","?","R","E","M","T","R","E","M","$","E","R","BOSS","M","?","M","$","M","R","E","R","T","E"],"items_purchased_type":["Card"],"build_version":"2020-12-22","purchased_purges":2,"victory":false,"max_hp_per_floor":[72,72,72,72,72,72,72,72,72,72,72,72,72,72,72,72,72,72,72,72,72,72,72,74,74,74,74,74],"card_choices":[{"not_picked":["BowlingBash","CutThroughFate"],"picked":"EmptyFist","floor":1.0},{"not_picked":["SandsOfTime","FollowUp"],"picked":"Prostrate","floor":4.0},{"not_picked":["SashWhip","Vault"],"picked":"Adaptation","floor":7.0},{"not_picked":["BowlingBash","PathToVictory","Weave"],"picked":"SKIP","floor":8.0},{"not_picked":["CarveReality","BattleHymn"],"picked":"Halt","floor":11.0},{"not_picked":["Evaluate","EmptyBody","JustLucky"],"picked":"SKIP","floor":12.0},{"not_picked":["Evaluate","Protect"],"picked":"Crescendo","floor":14.0},{"not_picked":["Establishment","LessonLearned"],"picked":"Judgement","floor":16.0},{"not_picked":["SashWhip+1","Halt"],"picked":"ClearTheMind","floor":18.0},{"not_picked":["Consecrate","EmptyFist","EmptyBody"],"picked":"SKIP","floor":20.0},{"not_picked":["Halt","BowlingBash"],"picked":"DevaForm","floor":22.0},{"not_picked":["ThirdEye","Consecrate+1","ForeignInfluence"],"picked":"Singing Bowl","floor":24}],"player_experience":410158,"relics_obtained":[{"floor":7.0,"key":"Turnip"},{"floor":9.0,"key":"TungstenRod"},{"floor":11.0,"key":"Pen Nib"},{"floor":14.0,"key":"InkBottle"},{"floor":24,"key":"Singing Bowl"},{"floor":26,"key":"Gremlin Horn"}],"event_choices":[{"damage_healed":0.0,"max_hp_gain":0.0,"max_hp_loss":0.0,"gold_gain":0.0,"event_name":"Liars Game","player_choice":"Ignored","floor":3.0,"gold_loss":0.0,"damage_taken":0.0},{"damage_healed":0.0,"max_hp_gain":0.0,"max_hp_loss":0.0,"gold_gain":0.0,"event_name":"Lab","player_choice":"Got Potions","floor":5.0,"gold_loss":0.0,"damage_taken":0.0},{"damage_healed":0.0,"max_hp_gain":0.0,"max_hp_loss":0.0,"gold_gain":0.0,"event_name":"Ghosts","player_choice":"Ignored","floor":19.0,"gold_loss":0.0,"damage_taken":0.0}],"is_beta":false,"boss_relics":[{"not_picked":["Sozu","Black Star"],"picked":"VioletLotus"}],"items_purged_floors":[2,21],"is_endless":false,"potions_floor_spawned":[7,14,18],"killed_by":"Book of Stabbing","ascension_level":5}}