{"host":"cfv8orgc8997ql4r","time":1612193693,"event":{"mods":["AchievementEnabler","BaseMod","DeckTracker","Keyboard Shortcuts","Lobotomy","Minty Spire (QoL Compilation)"],"gold_per_floor":[118,118,130,130,130,170,170,210,210,210,118,118,152,182,182,314,314,333,342,342],"floor_reached":19,"language":"KOR","playtime":350,"items_purged":["Injury"],"score":235,"play_id":"878e87a3-f451-4834-8adf-e47450b87f48","local_time":"20210202003453","is_ascension_mode":true,"campfire_choices":[{"data":"Perfected Strike","floor":10.0,"key":"SMITH"},{"floor":12.0,"key":"REST"},{"floor":15.0,"key":"REST"}],"circlet_count":0,"master_deck":["Strike_R","Strike_R","Strike_R","Strike_R+1","Strike_R","Defend_R","Defend_R","Defend_R","Bash+1","Perfected Strike+1","Pommel Strike","Sword Boomerang","True Grit","Armaments","Sword Boomerang","Warcry","Reaper","RitualDagger"],"relics":["Burning Blood","Golden Idol","Paper Frog","Ornamental Fan","Strawberry","CeramicFish","Mark of Pain"],"acts_visited":["Exordium","TheCity"],"potions_floor_usage":[],"damage_taken":[{"damage":9.0,"enemies":"Jaw Worm","floor":1.0,"turns":4.0},{"damage":3.0,"enemies":"Small Slimes","floor":3.0,"turns":3.0},{"damage":35.0,"enemies":"Lagavulin","floor":6.0,"turns":4.0},{"damage":4.0,"enemies":"Gremlin Nob","floor":8.0,"turns":3.0},{"damage":1.0,"enemies":"2 Louse","floor":13.0,"turns":2.0},{"damage":26.0,"enemies":"Large Slime","floor":14.0,"turns":4.0},{"damage":55,"enemies":"The Guardian","floor":16,"turns":9},{"damage":29,"enemies":"2 Thieves","floor":18,"turns":4}],"seed_played":"-8319793479709134125","potions_obtained":[{"floor":3.0,"key":"LiquidMemories"},{"floor":14.0,"key":"DistilledChaos"}],"is_trial":false,"path_per_floor":["M","?","M","?","?","E","?","E","T","R","$","R","M","M","R","B",null,"M","?"],"character_chosen":"IRONCLAD","items_purchased":["Armaments"],"campfire_rested":2,"item_purchase_floors":[11],"current_hp_per_floor":[85,78,81,81,63,34,16,25,25,25,25,53,58,38,66,17,95,80,74,74],"gold":342,"neow_bonus":"TEN_PERCENT_HP_BONUS","is_daily":false,"chose_seed":false,"campfire_upgraded":1,"win_rate":0.0,"timestamp":1612193693,"path_taken":["M","?","M","?","?","E","?","E","T","R","$","R","M","M","R","BOSS","M","?"],"items_purchased_type":["Card"],"build_version":"2020-12-22","purchased_purges":1,"victory":false,"max_hp_per_floor":[88,88,88,88,88,88,88,95,95,95,95,95,95,95,95,95,95,95,95,95],"card_choices":[{"not_picked":["Twin Strike","Flex"],"picked":"Perfected Strike","floor":1.0},{"not_picked":["Metallicize","Clash"],"picked":"Pommel Strike","floor":3.0},{"not_picked":["Feel No Pain","Cleave"],"picked":"Sword Boomerang","floor":6.0},{"not_picked":["Reckless Charge","Power Through"],"picked":"True Grit","floor":8.0},{"not_picked":["Uppercut","Heavy Blade"],"picked":"Sword Boomerang","floor":13.0},{"not_picked":["Sword Boomerang","Blood for Blood"],"picked":"Warcry","floor":14.0},{"not_picked":["Offering","Feed"],"picked":"Reaper","floor":16},{"not_picked":["Anger+1","Headbutt+1","Disarm"],"picked":"SKIP","floor":18},{"not_picked":["Anger+1","Headbutt+1","Disarm"],"picked":"SKIP","floor":18}],"player_experience":189523,"relics_obtained":[{"floor":6.0,"key":"Ornamental Fan"},{"floor":8.0,"key":"Strawberry"},{"floor":9.0,"key":"CeramicFish"}],"event_choices":[{"cards_removed":["Defend_R"],"damage_healed":0.0,"max_hp_gain":0.0,"max_hp_loss":0.0,"gold_gain":0.0,"event_name":"Golden Wing","player_choice":"Card Removal","floor":2.0,"gold_loss":0.0,"damage_taken":7.0},{"damage_healed":0.0,"max_hp_gain":0.0,"max_hp_loss":0.0,"gold_gain":0.0,"event_name":"Golden Idol","player_choice":"Take Wound","floor":4.0,"gold_loss":0.0,"damage_taken":0.0,"relics_obtained":["Golden Idol"],"cards_obtained":["Injury"]},{"damage_healed":0.0,"max_hp_gain":0.0,"max_hp_loss":0.0,"gold_gain":0.0,"event_name":"Scrap Ooze","player_choice":"Success","floor":5.0,"gold_loss":0.0,"damage_taken":18.0,"relics_obtained":["Paper Frog"]},{"damage_healed":0.0,"max_hp_gain":0.0,"max_hp_loss":0.0,"gold_gain":0.0,"event_name":"Shining Light","player_choice":"Entered Light","floor":7.0,"gold_loss":0.0,"damage_taken":18.0,"cards_upgraded":["Strike_R","Bash"]},{"damage_healed":0,"gold_gain":0,"player_choice":"Joined the Cult","damage_taken":6,"max_hp_gain":0,"max_hp_loss":0,"event_name":"Nest","floor":19,"gold_loss":0,"cards_obtained":["RitualDagger"]}],"is_beta":false,"boss_relics":[{"not_picked":["Coffee Dripper","Runic Dome"],"picked":"Mark of Pain"}],"items_purged_floors":[11],"is_endless":false,"potions_floor_spawned":[3,14],"ascension_level":4}}