{"host":"mb4cisebr17g8vuz","time":1612138122,"event":{"mods":["AchievementEnabler","BaseMod","Colored Map","Colored Powertips","Minty Spire (QoL Compilation)","SuperFastMode","everything is the same but u backflip on backflip"],"gold_per_floor":[111,111,122,137,152,152,227,227,227,243,1,33,33,47,47,126,126,137,137,153,7,57,57,57],"floor_reached":23,"language":"KOR","playtime":603,"items_purged":["Strike_R","Strike_R"],"score":470,"play_id":"f0d775df-464f-48ae-aad6-851a34ca5590","local_time":"20210131190842","is_ascension_mode":true,"campfire_choices":[{"data":"Pommel Strike","floor":6.0,"key":"SMITH"},{"data":"Pommel Strike","floor":8.0,"key":"SMITH"},{"floor":13.0,"key":"REST"},{"data":"Pummel","floor":15.0,"key":"SMITH"}],"circlet_count":0,"master_deck":["AscendersBane","Strike_R","Strike_R","Strike_R","Defend_R","Defend_R","Defend_R","Defend_R","Bash","Pommel Strike+1","Inflame+1","Pommel Strike+1","Intimidate","Shrug It Off","Pummel+1","CurseOfTheBell","Feel No Pain+1","Burning Pact","Dark Embrace"],"relics":["Burning Blood","Bag of Marbles","Lantern","Bottled Tornado","Calling Bell","Omamori","The Courier","Pocketwatch","Oddly Smooth Stone"],"acts_visited":["Exordium","TheCity"],"potions_floor_usage":[16],"damage_taken":[{"damage":4.0,"enemies":"Small Slimes","floor":1.0,"turns":6.0},{"damage":2.0,"enemies":"Cultist","floor":3.0,"turns":4.0},{"damage":6.0,"enemies":"Jaw Worm","floor":4.0,"turns":5.0},{"damage":39.0,"enemies":"Large Slime","floor":5.0,"turns":7.0},{"damage":0.0,"enemies":"3 Louse","floor":10.0,"turns":2.0},{"damage":19.0,"enemies":"Lagavulin","floor":12.0,"turns":4.0},{"damage":8.0,"enemies":"Blue Slaver","floor":14.0,"turns":3.0},{"damage":0,"enemies":"Slime Boss","floor":16,"turns":6},{"damage":22,"enemies":"Spheric Guardian","floor":18,"turns":4},{"damage":4,"enemies":"Chosen","floor":20,"turns":3},{"damage":60,"enemies":"Book of Stabbing","floor":23,"turns":5}],"seed_played":"-3255582523528433330","potions_obtained":[{"floor":1.0,"key":"Swift Potion"},{"floor":3.0,"key":"ColorlessPotion"}],"is_trial":false,"path_per_floor":["M","?","M","M","M","R","?","R","T","M","$","E","R","M","R","B",null,"M","?","M","$","T","E"],"character_chosen":"IRONCLAD","items_purchased":["Lantern","Dark Embrace"],"campfire_rested":1,"item_purchase_floors":[11,21],"current_hp_per_floor":[70,70,74,74,41,41,30,30,30,36,36,23,45,43,43,49,69,53,53,55,55,55,0,0],"gold":57,"neow_bonus":"THREE_CARDS","is_daily":false,"chose_seed":false,"campfire_upgraded":3,"win_rate":0.0,"timestamp":1612138122,"path_taken":["M","?","M","M","M","R","?","R","T","M","$","E","R","M","R","BOSS","M","?","?","$","?","E"],"items_purchased_type":["Relic","Card"],"build_version":"2020-12-22","purchased_purges":2,"victory":false,"max_hp_per_floor":[75,75,75,75,75,75,75,75,75,75,75,75,75,75,75,75,75,75,75,75,75,75,75,75],"card_choices":[{"not_picked":["Clash","Anger"],"picked":"Pommel Strike","floor":0.0},{"not_picked":["Body Slam","Feel No Pain"],"picked":"Inflame","floor":1.0},{"not_picked":["Anger","Reckless Charge"],"picked":"Pommel Strike","floor":3.0},{"not_picked":["Clothesline","Shrug It Off"],"picked":"Intimidate","floor":4.0},{"not_picked":["Dropkick","Armaments"],"picked":"Shrug It Off","floor":5.0},{"not_picked":["Flex","Pummel","Havoc"],"picked":"SKIP","floor":10.0},{"not_picked":["Shrug It Off","Headbutt","Juggernaut"],"picked":"SKIP","floor":12.0},{"not_picked":["Shockwave","Armaments"],"picked":"Pummel","floor":14.0},{"not_picked":["Thunderclap","Wild Strike"],"picked":"Feel No Pain+1","floor":18},{"not_picked":["Evolve","Clothesline"],"picked":"Burning Pact","floor":20}],"player_experience":253315,"relics_obtained":[{"floor":9.0,"key":"Bag of Marbles"},{"floor":12.0,"key":"Bottled Tornado"},{"floor":17,"key":"Omamori"},{"floor":17,"key":"The Courier"},{"floor":17,"key":"Pocketwatch"},{"floor":22,"key":"Oddly Smooth Stone"}],"event_choices":[{"damage_healed":0.0,"max_hp_gain":0.0,"max_hp_loss":0.0,"gold_gain":0.0,"event_name":"Accursed Blacksmith","player_choice":"Forge","floor":2.0,"gold_loss":0.0,"damage_taken":0.0,"cards_upgraded":["Inflame"]},{"damage_healed":0.0,"max_hp_gain":0.0,"max_hp_loss":0.0,"gold_gain":75.0,"event_name":"World of Goop","player_choice":"Gather Gold","floor":7.0,"gold_loss":0.0,"damage_taken":11.0},{"damage_healed":0,"gold_gain":0,"player_choice":"Cursed","damage_taken":0,"max_hp_gain":0,"max_hp_loss":0,"event_name":"Wheel of Change","floor":19,"gold_loss":0,"cards_obtained":["Decay"]}],"is_beta":false,"boss_relics":[{"not_picked":["Runic Dome","Velvet Choker"],"picked":"Calling Bell"}],"items_purged_floors":[11,21],"is_endless":false,"potions_floor_spawned":[1,3,14],"killed_by":"Book of Stabbing","ascension_level":19}}