{"host":"qbjtml023iza03hb","time":1612199264,"event":{"mods":["AchievementEnabler","BaseMod","Better Sensory Stone","Hermit","Minty Spire (QoL Compilation)","StSLib","The Animator","The Cursed"],"gold_per_floor":[129,55,5,53,53,53,85,111,111,111,142,142,161,188,188,284,284,295,136,151,19,33,33,33,33],"floor_reached":24,"language":"FRA","playtime":2027,"items_purged":["animator:Strike"],"score":263,"play_id":"a721c2b0-77b2-4ae5-85c2-105bee9bc65b","local_time":"20210201180744","is_ascension_mode":true,"campfire_choices":[{"data":"animator:Demiurge","floor":6.0,"key":"SMITH"},{"data":"animator:NarberalGamma","floor":15,"key":"SMITH"},{"data":"animator:DolaSchwi","floor":23,"key":"SMITH"}],"circlet_count":0,"master_deck":["animator:Strike_Overlord","animator:Strike+1","animator:Strike","animator:Defend","animator:Defend","animator:Cocytus","animator:Demiurge+1","animator:Gillette+1","animator:DolaStephanie","animator:ElricAlphonse","animator:ChlammyZell","animator:PandorasActor","animator:LeleiLaLalena","animator:NarberalGamma+1","animator:PinaCoLada","animator:Darkness","animator:Shimakaze","animator:DolaSchwi+1","animator:YunYun","animator:Magilou"],"relics":["animator:VividPicture","animator:TheMissingPiece","NeowsBlessing","Blue Candle","Red Skull","Eternal Feather","Tiny Chest"],"acts_visited":["Exordium","TheCity"],"potions_floor_usage":[13,14,16,18,20,24],"damage_taken":[{"damage":0.0,"enemies":"2 Louse","floor":1.0,"turns":1.0},{"damage":0.0,"enemies":"Lagavulin","floor":7.0,"turns":1.0},{"damage":0.0,"enemies":"Jaw Worm","floor":8.0,"turns":1.0},{"damage":0.0,"enemies":"Small Slimes","floor":11.0,"turns":3.0},{"damage":2,"enemies":"3 Louse","floor":13,"turns":2},{"damage":27,"enemies":"Gremlin Nob","floor":14,"turns":4},{"damage":21,"enemies":"The Guardian","floor":16,"turns":7},{"damage":20,"enemies":"Shell Parasite","floor":18,"turns":5},{"damage":30,"enemies":"3 Byrds","floor":20,"turns":4},{"damage":16,"enemies":"Shelled Parasite and Fungi","floor":22,"turns":3},{"damage":16,"enemies":"Slavers","floor":24,"turns":3}],"seed_played":"972472429792190643","potions_obtained":[{"floor":11.0,"key":"SkillPotion"},{"floor":12.0,"key":"CultistPotion"},{"floor":12.0,"key":"SneckoOil"},{"floor":16,"key":"Block Potion"},{"floor":18,"key":"ColorlessPotion"},{"floor":20,"key":"Strength Potion"}],"is_trial":false,"path_per_floor":["M","$","?","?","T","R","E","M","T","?","M","?","M","E","R","B",null,"M","$","M","$","M","R","E"],"character_chosen":"THE_ANIMATOR","items_purchased":["animator:DolaStephanie","animator:Shimakaze","animator:YunYun","animator:Magilou"],"campfire_rested":0,"item_purchase_floors":[2,19,21,21],"current_hp_per_floor":[66,66,66,66,66,66,66,66,66,53,53,53,51,25,34,13,67,47,47,18,18,2,14,0,0],"gold":33,"neow_bonus":"THREE_ENEMY_KILL","is_daily":false,"chose_seed":false,"campfire_upgraded":3,"win_rate":0.0,"timestamp":1612199264,"path_taken":["M","$","?","?","?","R","E","M","T","?","M","?","M","E","R","BOSS","M","$","M","?","M","R","E"],"items_purchased_type":["Card","Card","Card","Card"],"build_version":"2020-12-22","purchased_purges":1,"victory":false,"max_hp_per_floor":[66,66,66,66,66,66,66,66,66,66,66,66,66,67,67,67,67,67,67,68,68,68,68,68,68],"card_choices":[{"not_picked":["animator:Mitsurugi","animator:Kuribayashi"],"picked":"animator:Gillette","floor":1.0},{"not_picked":["animator:Wiz","animator:Viivi"],"picked":"animator:ElricAlphonse","floor":7.0},{"not_picked":["animator:ChaikaBohdan","animator:Layla"],"picked":"animator:ChlammyZell","floor":8.0},{"not_picked":["animator:Evileye","animator:Demiurge"],"picked":"animator:PandorasActor","floor":11.0},{"not_picked":["animator:AcuraShin","animator:Tyuule"],"picked":"animator:LeleiLaLalena","floor":13},{"not_picked":["animator:YaoHaDucy","animator:AcuraAkari"],"picked":"animator:NarberalGamma","floor":14},{"not_picked":["animator:Hans","animator:Father"],"picked":"animator:PinaCoLada","floor":16},{"not_picked":["animator:Vanir+1","animator:Demiurge"],"picked":"animator:Darkness","floor":18},{"not_picked":["animator:IzunaHatsuse","animator:Jibril"],"picked":"animator:DolaSchwi","floor":20},{"not_picked":["animator:DolaSchwi","animator:RoryMercury"],"picked":"animator:Eris","floor":22}],"player_experience":534500,"relics_obtained":[{"floor":5.0,"key":"Blue Candle"},{"floor":7.0,"key":"Red Skull"},{"floor":9.0,"key":"Eternal Feather"},{"floor":14,"key":"Tiny Chest"}],"event_choices":[{"cards_removed":["animator:Defend"],"damage_healed":0.0,"max_hp_gain":0.0,"max_hp_loss":0.0,"gold_gain":0.0,"event_name":"The Cleric","player_choice":"Card Removal","floor":3.0,"gold_loss":50.0,"damage_taken":0.0},{"damage_healed":0.0,"max_hp_gain":0.0,"max_hp_loss":0.0,"gold_gain":0.0,"event_name":"Shining Light","player_choice":"Entered Light","floor":10.0,"gold_loss":0.0,"damage_taken":13.0,"cards_upgraded":["animator:Gillette","animator:Strike"]},{"damage_healed":0.0,"max_hp_gain":0.0,"max_hp_loss":0.0,"gold_gain":0.0,"event_name":"Lab","player_choice":"Got Potions","floor":12.0,"gold_loss":0.0,"damage_taken":0.0}],"is_beta":false,"boss_relics":[{"not_picked":["Busted Crown","Sozu"],"picked":"animator:VividPicture"}],"items_purged_floors":[19],"is_endless":false,"potions_floor_spawned":[11,16,18,20],"killed_by":"Slavers","ascension_level":3}}