{"host":"8is2j71l4wmybkoi","time":1612180273,"event":{"mods":["AchievementEnabler","BaseMod","Colored Map","Minty Spire (QoL Compilation)","Rare Cards Sparkle","StSLib","SuperFastMode"],"gold_per_floor":[112,112,37,55,55,80,80,95,95,26,41,70,70,86,86,158,158,171,187,239,249,78,78,93,93,140,140,55,55,55,88,88,162,162,176,176,187,204,224,253,273,273,273,289,318,318,347,347,347],"floor_reached":48,"language":"KOR","playtime":1879,"items_purged":["Strike_G","Strike_G"],"score":1050,"play_id":"8be0e96b-0c69-4ee1-9b21-c505c2b06721","local_time":"20210201205113","is_ascension_mode":true,"campfire_choices":[{"data":"Blade Dance","floor":7.0,"key":"SMITH"},{"data":"A Thousand Cuts","floor":13.0,"key":"SMITH"},{"data":"Poisoned Stab","floor":15.0,"key":"SMITH"},{"data":"Malaise","floor":23.0,"key":"SMITH"},{"floor":25.0,"key":"REST"},{"data":"Neutralize","floor":27.0,"key":"SMITH"},{"data":"Accuracy","floor":32.0,"key":"SMITH"},{"floor":42.0,"key":"REST"},{"floor":46.0,"key":"RECALL"}],"circlet_count":0,"master_deck":["AscendersBane","Strike_G","Defend_G","Defend_G","Defend_G","Defend_G","Survivor","Neutralize+1","Die Die Die+1","Masterful Stab","Cloak And Dagger","Blade Dance+1","Poisoned Stab+1","Escape Plan","A Thousand Cuts+1","Adrenaline","Malaise+1","Blur","Prepared+1","Dash","Accuracy+1","Envenom","Accuracy","Backflip","Crippling Poison","Burst","Corpse Explosion"],"relics":["Ring of the Snake","Pocketwatch","Sundial","Art of War","Runic Pyramid","Snake Skull","Ninja Scroll","Akabeko","Fusion Hammer","MealTicket","Unceasing Top","Mercury Hourglass","Pantograph","Happy Flower"],"acts_visited":["Exordium","TheCity","TheBeyond"],"potions_floor_usage":[],"damage_taken":[{"damage":0.0,"enemies":"2 Louse","floor":1.0,"turns":2.0},{"damage":1.0,"enemies":"Cultist","floor":4.0,"turns":3.0},{"damage":0.0,"enemies":"3 Sentries","floor":6.0,"turns":7.0},{"damage":0.0,"enemies":"Jaw Worm","floor":8.0,"turns":2.0},{"damage":3.0,"enemies":"Red Slaver","floor":11.0,"turns":4.0},{"damage":11.0,"enemies":"Lagavulin","floor":12.0,"turns":5.0},{"damage":0.0,"enemies":"Gremlin Gang","floor":14.0,"turns":1.0},{"damage":2.0,"enemies":"The Guardian","floor":16.0,"turns":10.0},{"damage":12.0,"enemies":"Spheric Guardian","floor":18.0,"turns":4.0},{"damage":17.0,"enemies":"Shell Parasite","floor":19.0,"turns":4.0},{"damage":17.0,"enemies":"Chosen and Byrds","floor":21.0,"turns":5.0},{"damage":5.0,"enemies":"Snecko","floor":24.0,"turns":6.0},{"damage":13.0,"enemies":"Gremlin Leader","floor":31.0,"turns":4.0},{"damage":7.0,"enemies":"Collector","floor":33.0,"turns":5.0},{"damage":0.0,"enemies":"Orb Walker","floor":35.0,"turns":1.0},{"damage":3.0,"enemies":"3 Shapes","floor":37.0,"turns":2.0},{"damage":14.0,"enemies":"Writhing Mass","floor":38.0,"turns":5.0},{"damage":7.0,"enemies":"Spire Growth","floor":39.0,"turns":3.0},{"damage":0.0,"enemies":"Nemesis","floor":40.0,"turns":4.0},{"damage":4.0,"enemies":"Jaw Worm Horde","floor":41.0,"turns":3.0},{"damage":0.0,"enemies":"Sphere and 2 Shapes","floor":44.0,"turns":4.0},{"damage":5.0,"enemies":"Giant Head","floor":45.0,"turns":6.0},{"damage":29.0,"enemies":"Reptomancer","floor":47.0,"turns":4.0},{"damage":7,"enemies":"4 Shapes","floor":48,"turns":1}],"seed_played":"1875529512906205655","potions_obtained":[{"floor":6.0,"key":"EntropicBrew"},{"floor":24.0,"key":"DuplicationPotion"},{"floor":31.0,"key":"Fire Potion"},{"floor":33.0,"key":"SteroidPotion"},{"floor":35.0,"key":"Block Potion"},{"floor":38.0,"key":"BlessingOfTheForge"},{"floor":45.0,"key":"AttackPotion"}],"is_trial":false,"path_per_floor":["M","?","$","M","?","E","R","M","T","$","M","E","R","M","R","B",null,"M","M","T","M","$","R","M","R","T","R","?","$","?","E","R","B",null,"M","?","M","M","M","E","M","R","T","M","E","R","E","M"],"character_chosen":"THE_SILENT","items_purchased":["Escape Plan","DuplicationPotion"],"campfire_rested":2,"item_purchase_floors":[10,22],"current_hp_per_floor":[59,59,59,58,51,51,51,51,51,51,48,37,37,37,37,35,54,42,37,37,20,20,20,15,33,33,33,33,33,33,20,20,13,48,48,48,45,31,24,24,20,38,38,38,33,33,4,0,0],"gold":347,"neow_bonus":"THREE_RARE_CARDS","is_daily":false,"chose_seed":false,"campfire_upgraded":6,"win_rate":0.0,"timestamp":1612180273,"path_taken":["M","?","$","?","?","E","R","M","T","?","M","E","R","M","R","BOSS","M","M","?","?","$","R","M","R","T","R","?","$","?","E","R","BOSS","M","?","M","?","M","E","M","R","T","M","E","R","E","M"],"items_purchased_type":["Card","Potion"],"build_version":"2020-12-22","purchased_purges":2,"victory":false,"max_hp_per_floor":[60,60,60,60,60,60,60,60,60,60,60,60,60,60,60,60,60,60,60,60,60,60,60,60,60,60,60,60,60,60,60,60,60,60,60,60,60,60,60,60,60,60,60,60,60,60,60,60,60],"card_choices":[{"not_picked":["Doppelganger","Unload"],"picked":"Die Die Die","floor":0.0},{"not_picked":["Cloak And Dagger","Underhanded Strike"],"picked":"Masterful Stab","floor":1.0},{"not_picked":["Acrobatics","Deflect"],"picked":"Cloak And Dagger","floor":4.0},{"not_picked":["Sucker Punch","PiercingWail"],"picked":"Blade Dance","floor":6.0},{"not_picked":["Sucker Punch","Acrobatics"],"picked":"Poisoned Stab","floor":8.0},{"not_picked":["Heel Hook","Prepared"],"picked":"A Thousand Cuts","floor":11.0},{"not_picked":["Quick Slash","Backflip"],"picked":"Adrenaline","floor":12.0},{"not_picked":["Caltrops","Poisoned Stab","Deadly Poison"],"picked":"SKIP","floor":14.0},{"not_picked":["Tools of the Trade","Die Die Die"],"picked":"Malaise","floor":16.0},{"not_picked":["Infinite Blades","All Out Attack","Riddle With Holes"],"picked":"SKIP","floor":18.0},{"not_picked":["Masterful Stab","Flying Knee","Deflect+1"],"picked":"SKIP","floor":19.0},{"not_picked":["Expertise+1","Backflip"],"picked":"Blur","floor":21.0},{"not_picked":["Escape Plan","Sucker Punch"],"picked":"Prepared+1","floor":24.0},{"not_picked":["Flechettes","Quick Slash"],"picked":"Accuracy","floor":31.0},{"not_picked":["Night Terror","Phantasmal Killer"],"picked":"Envenom","floor":33.0},{"not_picked":["Slice","Sucker Punch"],"picked":"Accuracy","floor":35.0},{"not_picked":["Dagger Throw","Underhanded Strike"],"picked":"Backflip","floor":37.0},{"not_picked":["Underhanded Strike","Dodge and Roll+1"],"picked":"Crippling Poison","floor":38.0},{"not_picked":["Poisoned Stab","Backflip","Flying Knee"],"picked":"SKIP","floor":39.0},{"not_picked":["Noxious Fumes","Skewer+1","Flechettes+1"],"picked":"SKIP","floor":40.0},{"not_picked":["Blur","Deadly Poison"],"picked":"Burst","floor":41.0},{"not_picked":["Blade Dance","Bane","Dagger Spray+1"],"picked":"SKIP","floor":44.0},{"not_picked":["PiercingWail+1","Dash"],"picked":"Corpse Explosion","floor":45.0},{"not_picked":["Endless Agony","Prepared","Dodge and Roll"],"picked":"SKIP","floor":47.0}],"player_experience":913330,"relics_obtained":[{"floor":6.0,"key":"Pocketwatch"},{"floor":9.0,"key":"Sundial"},{"floor":12.0,"key":"Art of War"},{"floor":26.0,"key":"Snake Skull"},{"floor":31.0,"key":"Akabeko"},{"floor":40.0,"key":"Unceasing Top"},{"floor":43.0,"key":"Mercury Hourglass"},{"floor":45.0,"key":"Pantograph"},{"floor":47.0,"key":"Happy Flower"}],"event_choices":[{"damage_healed":0.0,"max_hp_gain":0.0,"max_hp_loss":0.0,"gold_gain":0.0,"event_name":"Upgrade Shrine","player_choice":"Upgraded","floor":2.0,"gold_loss":0.0,"damage_taken":0.0,"cards_upgraded":["Die Die Die"]},{"cards_removed":["Strike_G"],"damage_healed":0.0,"max_hp_gain":0.0,"max_hp_loss":0.0,"gold_gain":0.0,"event_name":"Golden Wing","player_choice":"Card Removal","floor":5.0,"gold_loss":0.0,"damage_taken":7.0},{"damage_healed":0.0,"max_hp_gain":0.0,"max_hp_loss":0.0,"gold_gain":0.0,"event_name":"Addict","player_choice":"Obtained Relic","floor":28.0,"gold_loss":85.0,"damage_taken":0.0,"relics_obtained":["Ninja Scroll"]},{"damage_healed":0.0,"max_hp_gain":0.0,"max_hp_loss":0.0,"gold_gain":0.0,"cards_transformed":["Strike_G","Defend_G"],"event_name":"Drug Dealer","player_choice":"Became Test Subject","floor":30.0,"gold_loss":0.0,"damage_taken":0.0,"cards_obtained":["Endless Agony","Dash"]},{"cards_removed":["Endless Agony"],"damage_healed":0.0,"max_hp_gain":0.0,"max_hp_loss":0.0,"gold_gain":0.0,"event_name":"WeMeetAgain","player_choice":"Gave Card","floor":36.0,"gold_loss":0.0,"damage_taken":0.0,"relics_obtained":["MealTicket"]}],"is_beta":false,"boss_relics":[{"not_picked":["Philosopher\u0027s Stone","Runic Dome"],"picked":"Runic Pyramid"},{"not_picked":["Calling Bell","Coffee Dripper"],"picked":"Fusion Hammer"}],"items_purged_floors":[3,22],"is_endless":false,"potions_floor_spawned":[6,14,16,24,31,33,35,38,45],"killed_by":"4 Shapes","ascension_level":15}}