{"host":"swphzoo6hmc78epl","time":1612152699,"event":{"mods":["BaseMod","Highlight Path","Minty Spire (QoL Compilation)","Quick Restart"],"gold_per_floor":[112,124,140,152,163,163,163,179,179,205,305,315,315,17,17,122,122,134,153,23,34,34,34,60,72,96,114,144,185,185,202,202,202,202],"floor_reached":33,"language":"ENG","playtime":1181,"items_purged":["Strike_B","Strike_B"],"score":417,"play_id":"80f981ac-eae5-4ad6-9c34-59e3dd672694","local_time":"20210131231139","is_ascension_mode":true,"campfire_choices":[{"data":"White Noise","floor":6,"key":"SMITH"},{"data":"Storm","floor":13,"key":"SMITH"},{"data":"Electrodynamics","floor":15,"key":"SMITH"},{"data":"Thunder Strike","floor":23,"key":"SMITH"},{"data":"Fission","floor":30,"key":"SMITH"},{"data":"Buffer","floor":32,"key":"SMITH"}],"circlet_count":0,"master_deck":["Defend_B","Defend_B","Defend_B","Zap","Dualcast","Cold Snap","Sweeping Beam","Rebound","Lockon","White Noise+1","Electrodynamics+1","Storm+1","Heatsinks","Thunder Strike+1","Capacitor+1","Self Repair","Buffer+1","Fission+1","Biased Cognition","Force Field","Defragment+1","Redo+1"],"relics":["Cracked Core","Prayer Wheel","Anchor","Smiling Mask","Pear","Black Star","Bag of Marbles","StrikeDummy","CeramicFish","The Courier","Akabeko"],"acts_visited":["Exordium","TheCity"],"potions_floor_usage":[8,10,22,24,24,24,33],"damage_taken":[{"damage":7,"enemies":"Jaw Worm","floor":1,"turns":3},{"damage":0,"enemies":"Cultist","floor":2,"turns":3},{"damage":10,"enemies":"Small Slimes","floor":3,"turns":3},{"damage":7,"enemies":"Red Slaver","floor":4,"turns":3},{"damage":6,"enemies":"Blue Slaver","floor":5,"turns":3},{"damage":6,"enemies":"3 Louse","floor":8,"turns":3},{"damage":3,"enemies":"3 Sentries","floor":10,"turns":3},{"damage":2,"enemies":"Lots of Slimes","floor":12,"turns":2},{"damage":0,"enemies":"Slime Boss","floor":16,"turns":3},{"damage":9,"enemies":"Chosen","floor":18,"turns":4},{"damage":0,"enemies":"3 Byrds","floor":19,"turns":2},{"damage":28,"enemies":"Snake Plant","floor":21,"turns":4},{"damage":22,"enemies":"Slavers","floor":24,"turns":2},{"damage":11,"enemies":"Sentry and Sphere","floor":25,"turns":3},{"damage":6,"enemies":"Chosen and Byrds","floor":28,"turns":3},{"damage":20,"enemies":"Gremlin Leader","floor":29,"turns":5},{"damage":14,"enemies":"Snake Plant","floor":31,"turns":2},{"damage":24,"enemies":"Champ","floor":33,"turns":2}],"seed_played":"-6418945655413926635","potions_obtained":[{"floor":1,"key":"DuplicationPotion"},{"floor":3,"key":"BlessingOfTheForge"},{"floor":5,"key":"Swift Potion"},{"floor":8,"key":"SkillPotion"},{"floor":21,"key":"Energy Potion"},{"floor":22,"key":"Fruit Juice"},{"floor":22,"key":"DuplicationPotion"},{"floor":22,"key":"Regen Potion"},{"floor":24,"key":"SteroidPotion"},{"floor":25,"key":"PotionOfCapacity"}],"is_trial":false,"path_per_floor":["M","M","M","M","M","R","?","M","T","E","?","M","R","$","R","B",null,"M","M","$","M","?","R","E","M","T","?","M","E","R","M","R","B"],"character_chosen":"DEFECT","items_purchased":["Pear","Self Repair"],"campfire_rested":0,"item_purchase_floors":[14,20],"current_hp_per_floor":[47,47,37,30,24,24,24,18,18,15,15,13,13,23,23,23,85,76,76,76,55,60,60,43,39,39,39,33,20,20,6,6,0,0],"gold":202,"neow_bonus":"ONE_RARE_RELIC","is_daily":false,"chose_seed":false,"campfire_upgraded":6,"win_rate":0.0,"timestamp":1612152699,"path_taken":["M","M","M","M","M","R","?","?","T","E","?","M","R","$","R","BOSS","M","M","$","?","?","R","E","?","T","?","M","E","R","M","R","BOSS"],"items_purchased_type":["Relic","Card"],"build_version":"2020-12-22","purchased_purges":2,"victory":false,"max_hp_per_floor":[75,75,75,75,75,75,75,75,75,75,75,75,75,85,85,85,85,85,85,85,85,90,90,90,90,90,90,90,90,90,90,90,90,90],"card_choices":[{"not_picked":["Chill","BootSequence"],"picked":"Cold Snap","floor":1},{"not_picked":["Tempest","Coolheaded","Hologram"],"picked":"SKIP","floor":1},{"not_picked":["Hologram","Loop"],"picked":"Sweeping Beam","floor":2},{"not_picked":["Gash","Stack","Reinforced Body"],"picked":"SKIP","floor":2},{"not_picked":["Hologram","Reprogram"],"picked":"Rebound","floor":3},{"not_picked":["Consume","Gash","Redo"],"picked":"SKIP","floor":3},{"not_picked":["Redo","Conserve Battery"],"picked":"Lockon","floor":4},{"not_picked":["Reinforced Body","Chill","Turbo"],"picked":"SKIP","floor":4},{"not_picked":["Cold Snap","Sweeping Beam"],"picked":"White Noise","floor":5},{"not_picked":["Leap","Sweeping Beam","Darkness"],"picked":"SKIP","floor":5},{"not_picked":["Reinforced Body","Hologram"],"picked":"Electrodynamics","floor":8},{"not_picked":["Blizzard","Steam","Coolheaded"],"picked":"SKIP","floor":8},{"not_picked":["Steam","Hologram"],"picked":"Storm","floor":10},{"not_picked":["Turbo","Go for the Eyes"],"picked":"Heatsinks","floor":12},{"not_picked":["Rebound","Redo","Barrage"],"picked":"SKIP","floor":12},{"not_picked":["Electrodynamics","All For One"],"picked":"Thunder Strike","floor":16},{"not_picked":["Heatsinks+1","Beam Cell","Sweeping Beam"],"picked":"SKIP","floor":18},{"not_picked":["Steam Power","Compile Driver","Double Energy"],"picked":"SKIP","floor":18},{"not_picked":["FTL","Go for the Eyes"],"picked":"Capacitor+1","floor":19},{"not_picked":["Gash","Heatsinks","Sweeping Beam"],"picked":"SKIP","floor":19},{"not_picked":["Rebound","Streamline","Sweeping Beam"],"picked":"SKIP","floor":21},{"not_picked":["Compile Driver","Redo","Beam Cell"],"picked":"SKIP","floor":21},{"not_picked":["Heatsinks","Streamline"],"picked":"Buffer","floor":24},{"not_picked":["Blizzard","Streamline","Beam Cell"],"picked":"SKIP","floor":25},{"not_picked":["Coolheaded+1","Leap","Redo"],"picked":"SKIP","floor":25},{"not_picked":["Auto Shields","Sweeping Beam"],"picked":"Force Field","floor":28},{"not_picked":["Compile Driver","Reboot"],"picked":"Defragment+1","floor":28},{"not_picked":["Darkness","Go for the Eyes"],"picked":"Redo+1","floor":29},{"not_picked":["Compile Driver","Leap","Rip and Tear"],"picked":"SKIP","floor":31},{"not_picked":["Gash","Go for the Eyes","Force Field"],"picked":"SKIP","floor":31}],"player_experience":852805,"relics_obtained":[{"floor":9,"key":"Anchor"},{"floor":10,"key":"Smiling Mask"},{"floor":24,"key":"Bag of Marbles"},{"floor":24,"key":"StrikeDummy"},{"floor":26,"key":"CeramicFish"},{"floor":29,"key":"The Courier"},{"floor":29,"key":"Akabeko"}],"event_choices":[{"cards_removed":["Strike_B"],"damage_healed":0,"gold_gain":0,"player_choice":"Offered Basic","damage_taken":0,"max_hp_gain":0,"max_hp_loss":0,"event_name":"Bonfire Elementals","floor":7,"gold_loss":0},{"damage_healed":0,"gold_gain":100,"player_choice":"Pray","damage_taken":0,"max_hp_gain":0,"max_hp_loss":0,"event_name":"Golden Shrine","floor":11,"gold_loss":0},{"damage_healed":0,"gold_gain":0,"player_choice":"Got Potions","damage_taken":0,"max_hp_gain":0,"max_hp_loss":0,"event_name":"Lab","floor":22,"gold_loss":0},{"damage_healed":0,"gold_gain":0,"cards_transformed":["Strike_B","Defend_B"],"player_choice":"Became Test Subject","damage_taken":0,"max_hp_gain":0,"max_hp_loss":0,"event_name":"Drug Dealer","floor":27,"gold_loss":0,"cards_obtained":["Fission","Biased Cognition"]}],"is_beta":false,"boss_relics":[{"not_picked":["Calling Bell","Cursed Key"],"picked":"Black Star"}],"items_purged_floors":[14,20],"is_endless":false,"potions_floor_spawned":[1,3,5,8,21,24,25],"killed_by":"Champ","ascension_level":3}}