{"host":"54jr43vd79817238","time":1612139213,"event":{"mods":["100% Spire Juice","ATMod(°¢èªMod)","Act Like it!","Arknights","Aspiration","BaseMod","CapriCore","Dota2Spire","Friendly Minions","Gensokyo","Hallownest","Hermit","Jedi Mod","KomeijiMod","Lobotomy","LobotomyExtend","Marisa£¨ìFÓê¡¡Ä§ÀíÉ³£©","Minty Spire (QoL Compilation)","MostiFishMod","Quarter Circle Forward PUNCH!","Reliquary","Replay The Spire","Robot Space Explorer","RumiaBox-Â¶Ã×æ«µÄÉñÃØºÐ×Ó","Slay the StarCraft II Mod","Spicy Shops","StSLib","TestMod","The Blackbeard","The Dragon Tamer","WarShipGirlsR/Õ½½¢ÉÙÅ®R mod","Yakumo Yukari mod","Youmu£¨»êÆÇÑýÃÎ£©","Yuyuko","[IsaacMod]ÒÔÈö¼âËþ","¡¾ÒÅÎï¿¨ÅÆ¡¿REMEMod"],"gold_per_floor":[115,129,146,146,159,159,159],"floor_reached":6,"language":"ZHS","playtime":527,"items_purged":[],"score":38,"play_id":"51c0e89b-a392-4ae8-88a0-5ad893bbb6b9","local_time":"20210201082653","is_ascension_mode":false,"campfire_choices":[],"circlet_count":0,"master_deck":["Fantasy Butterflies","Fantasy Butterflies","Fantasy Butterflies","Fantasy Butterflies","Fantasy Butterflies","Dreamy Sakura","Dreamy Sakura","Dreamy Sakura","Dreamy Sakura","Dreamy Sakura","Deathly Ground","Faramita\u0027s Temptation","Bomb","MagicChant","AT_KingSlayer","Dancing Soul","Fondling of Papilio","Mirror of Mind"],"relics":["Coronal","Yuyuko\u0027s fan","DaveBox","AT_ATBox","testmod-TestBox","REME_ComplimentaryCards","HushsDoor","MoneyPower","Eternal Feather","testmod-ObsoleteBoomerang","SynthV:TestCard"],"acts_visited":["Hallownest:Greenpath"],"potions_floor_usage":[3,6],"damage_taken":[{"damage":16,"enemies":"Hallownest:2_Baldur","floor":1,"turns":4},{"damage":16,"enemies":"Hallownest:2_MossCreeps","floor":2,"turns":5},{"damage":16,"enemies":"Hallownest:monsterHuskGuard","floor":3,"turns":3},{"damage":24,"enemies":"Hallownest:monsterFoolEater","floor":5,"turns":3},{"damage":17,"enemies":"Hallownest:eliteVengeflyKing","floor":6,"turns":2}],"seed_played":"-4074867399927996251","potions_obtained":[{"floor":0,"key":"jedi:holywater"},{"floor":0,"key":"SmokeBomb"},{"floor":0,"key":"JyouchiReiPotion"},{"floor":1,"key":"AttackPotion"}],"is_trial":false,"path_per_floor":["M","M","M","?","M","E"],"character_chosen":"YUYOKO","items_purchased":[],"campfire_rested":0,"item_purchase_floors":[],"current_hp_per_floor":[36,32,22,22,13,0,0],"gold":159,"neow_bonus":"THREE_SMALL_POTIONS","is_daily":false,"chose_seed":false,"campfire_upgraded":0,"win_rate":0.0,"timestamp":1612139213,"path_taken":["M","M","?","?","M","E"],"items_purchased_type":[],"build_version":"2020-12-22","purchased_purges":0,"victory":false,"max_hp_per_floor":[40,40,40,40,40,40,40],"card_choices":[{"not_picked":[],"picked":"Bomb","floor":0},{"not_picked":["Showy Withering","Gone"],"picked":"Dancing Soul","floor":1},{"not_picked":["Elegance","Gone","Triple Snow","Unknown Petal"],"picked":"Fondling of Papilio","floor":2},{"not_picked":["Steamed Phantom","Serene Spring","Become Phantom","Postpone Bloom"],"picked":"Mirror of Mind","floor":3},{"not_picked":["Elegance","The Forgotten Winter","Become Phantom","Redemption of Death","Immigrant Phantom"],"picked":"SKIP","floor":5}],"player_experience":272113,"relics_obtained":[{"floor":1,"key":"SynthV:TestCard"}],"event_choices":[],"is_beta":false,"boss_relics":[],"items_purged_floors":[],"is_endless":false,"potions_floor_spawned":[1,2],"killed_by":"Hallownest:eliteVengeflyKing","ascension_level":0}}