{"host":"8is2j71l4wmybkoi","time":1612181023,"event":{"mods":["AchievementEnabler","BaseMod","Colored Map","Minty Spire (QoL Compilation)","Rare Cards Sparkle","StSLib","SuperFastMode"],"gold_per_floor":[114,114,134,134,153,153,167,191,191,341,356,51,72,96,96,192,192,215,40,40,65,65,65],"floor_reached":22,"language":"KOR","playtime":710,"items_purged":["Doubt","Strike_P"],"score":403,"play_id":"1ec6626a-cd7e-4fc3-b08c-f7f3a14378a4","local_time":"20210201210343","is_ascension_mode":true,"campfire_choices":[{"data":"Eruption","floor":6.0,"key":"SMITH"},{"floor":15,"key":"REST"}],"circlet_count":0,"master_deck":["AscendersBane","Strike_P","Strike_P","Strike_P","Defend_P","Defend_P","Defend_P","Defend_P","Eruption+1","Vigilance","Devotion","WheelKick","Worship","FearNoEvil","BowlingBash","DeusExMachina","Devotion","EmptyFist+1","Adaptation","Prostrate"],"relics":["PureWater","Golden Idol","Question Card","TheAbacus","Cursed Key"],"acts_visited":["Exordium","TheCity"],"potions_floor_usage":[13,16,18],"damage_taken":[{"damage":0.0,"enemies":"Small Slimes","floor":1.0,"turns":3.0},{"damage":0.0,"enemies":"Jaw Worm","floor":3.0,"turns":2.0},{"damage":0.0,"enemies":"2 Louse","floor":5.0,"turns":4.0},{"damage":26.0,"enemies":"Exordium Thugs","floor":7.0,"turns":8.0},{"damage":0.0,"enemies":"Blue Slaver","floor":8.0,"turns":1.0},{"damage":5.0,"enemies":"3 Louse","floor":11.0,"turns":2.0},{"damage":0,"enemies":"2 Fungi Beasts","floor":13,"turns":1},{"damage":5,"enemies":"Blue Slaver","floor":14,"turns":5},{"damage":0,"enemies":"Slime Boss","floor":16,"turns":4},{"damage":4,"enemies":"3 Byrds","floor":18,"turns":5},{"damage":19,"enemies":"2 Thieves","floor":21,"turns":4},{"damage":39,"enemies":"Snecko","floor":22,"turns":5}],"seed_played":"9210272905132175351","potions_obtained":[{"floor":3.0,"key":"Swift Potion"},{"floor":8.0,"key":"Ancient Potion"},{"floor":11.0,"key":"Explosive Potion"},{"floor":13,"key":"PowerPotion"},{"floor":16,"key":"Weak Potion"}],"is_trial":false,"path_per_floor":["M","?","M","?","M","R","M","M","T","?","M","$","M","M","R","B",null,"M","$","?","M","M"],"character_chosen":"WATCHER","items_purchased":["DeusExMachina","TheAbacus","Adaptation"],"campfire_rested":1,"item_purchase_floors":[12,12,19],"current_hp_per_floor":[43,65,65,42,42,42,16,16,16,16,11,11,11,6,26,26,58,54,54,54,35,0,0],"gold":65,"neow_bonus":"THREE_RARE_CARDS","is_daily":false,"chose_seed":false,"campfire_upgraded":1,"win_rate":0.0,"timestamp":1612181023,"path_taken":["M","?","M","?","M","R","M","M","T","?","M","$","M","M","R","BOSS","M","$","?","M","M"],"items_purchased_type":["Card","Relic","Card"],"build_version":"2020-12-22","purchased_purges":2,"victory":false,"max_hp_per_floor":[68,68,68,68,68,68,68,68,68,68,68,68,68,68,68,68,68,68,68,68,68,68,68],"card_choices":[{"not_picked":["Vault","MasterReality"],"picked":"Devotion","floor":0.0},{"not_picked":["Protect","CrushJoints"],"picked":"WheelKick","floor":1.0},{"not_picked":["FlyingSleeves","EmptyMind","Nirvana"],"picked":"SKIP","floor":3.0},{"not_picked":["Nirvana","FlurryOfBlows"],"picked":"Worship","floor":5.0},{"not_picked":["ForeignInfluence","EmptyBody","WindmillStrike"],"picked":"SKIP","floor":7.0},{"not_picked":["Weave","FollowUp"],"picked":"FearNoEvil","floor":8.0},{"not_picked":["EmptyMind","ClearTheMind","FlyingSleeves"],"picked":"BowlingBash","floor":11.0},{"not_picked":["Sanctity","Halt","FlurryOfBlows","Wireheading"],"picked":"SKIP","floor":13},{"not_picked":["Sanctity","Halt","FlurryOfBlows","Wireheading"],"picked":"SKIP","floor":13},{"not_picked":["Sanctity","Indignation","Conclude","Crescendo"],"picked":"SKIP","floor":14},{"not_picked":["Wish","Omniscience","Blasphemy"],"picked":"Devotion","floor":16},{"not_picked":["ForeignInfluence","ClearTheMind","JustLucky+1"],"picked":"EmptyFist+1","floor":18},{"not_picked":["FlurryOfBlows","EmptyFist","Blasphemy"],"picked":"Prostrate","floor":21}],"player_experience":915209,"relics_obtained":[{"floor":9.0,"key":"Question Card"}],"event_choices":[{"damage_healed":22.0,"max_hp_gain":0.0,"max_hp_loss":0.0,"gold_gain":0.0,"event_name":"Big Fish","player_choice":"Banana","floor":2.0,"gold_loss":0.0,"damage_taken":0.0},{"damage_healed":0.0,"max_hp_gain":0.0,"max_hp_loss":0.0,"gold_gain":0.0,"event_name":"Golden Idol","player_choice":"Take Damage","floor":4.0,"gold_loss":0.0,"damage_taken":23.0,"relics_obtained":["Golden Idol"]},{"damage_healed":0.0,"max_hp_gain":0.0,"max_hp_loss":0.0,"gold_gain":150.0,"event_name":"Liars Game","player_choice":"AGREE","floor":10.0,"gold_loss":0.0,"damage_taken":0.0,"cards_obtained":["Doubt"]},{"damage_healed":0,"gold_gain":0,"player_choice":"Ignored","damage_taken":0,"max_hp_gain":0,"max_hp_loss":0,"event_name":"The Mausoleum","floor":20,"gold_loss":0}],"is_beta":false,"boss_relics":[{"not_picked":["SacredBark","Philosopher\u0027s Stone"],"picked":"Cursed Key"}],"items_purged_floors":[12,19],"is_endless":false,"potions_floor_spawned":[3,8,11,13,16],"killed_by":"Snecko","ascension_level":15}}