{"host":"d52brwsy6af8zvaq","time":1612207163,"event":{"mods":["AchievementEnabler","BaseMod","Bestiary","Highlight Path","Minty Spire (QoL Compilation)","Quick Restart","Relic Stats","ojb\u0027s Better Paths Mod"],"gold_per_floor":[112,125,70,83,101,128,128,156,203,203,203,217,244,259,259,337,337,356,356,356,196,207,207,207],"floor_reached":23,"language":"ENG","playtime":1386,"items_purged":[],"score":527,"play_id":"2e9af991-6d56-4847-8192-9f9b165d911b","local_time":"20210201121923","is_ascension_mode":true,"campfire_choices":[{"floor":7,"key":"REST"},{"data":"Trip","floor":11,"key":"SMITH"},{"data":"Bouncing Flask","floor":15,"key":"SMITH"}],"circlet_count":0,"master_deck":["AscendersBane","Defend_G","Defend_G","Defend_G","Defend_G","Defend_G","Survivor","Neutralize","Trip+1","PiercingWail","Cloak And Dagger","Blade Dance","Flechettes","Deadly Poison","Bouncing Flask+1","All Out Attack","Leg Sweep","Backflip","Footwork+1","A Thousand Cuts+1","Slice","Bite","Bite","Bite","Bite","Bite","Crippling Poison+1"],"relics":["Ring of the Snake","Ninja Scroll","Odd Mushroom","Regal Pillow","Omamori","Frozen Egg 2","HoveringKite","Letter Opener","Frozen Eye"],"acts_visited":["Exordium","TheCity"],"potions_floor_usage":[6,14,23],"damage_taken":[{"damage":1.0,"enemies":"Cultist","floor":1.0,"turns":4.0},{"damage":0.0,"enemies":"Jaw Worm","floor":2.0,"turns":5.0},{"damage":0,"enemies":"2 Louse","floor":4,"turns":3},{"damage":11,"enemies":"Exordium Thugs","floor":5,"turns":4},{"damage":32,"enemies":"3 Sentries","floor":6,"turns":12},{"damage":5,"enemies":"The Mushroom Lair","floor":8,"turns":5},{"damage":0,"enemies":"Red Slaver","floor":12,"turns":3},{"damage":11,"enemies":"Gremlin Nob","floor":13,"turns":3},{"damage":2,"enemies":"Blue Slaver","floor":14,"turns":4},{"damage":0,"enemies":"The Guardian","floor":16,"turns":10},{"damage":35,"enemies":"Shell Parasite","floor":18,"turns":7},{"damage":7,"enemies":"3 Byrds","floor":22,"turns":7},{"damage":34,"enemies":"Slavers","floor":23,"turns":3}],"seed_played":"237862551688770233","potions_obtained":[{"floor":2.0,"key":"DuplicationPotion"},{"floor":8,"key":"CunningPotion"},{"floor":12,"key":"LiquidMemories"},{"floor":16,"key":"SkillPotion"}],"is_trial":false,"path_per_floor":["M","M","$","M","M","E","R","?","T","?","R","M","E","M","R","B",null,"M","T","?","$","M","E"],"character_chosen":"THE_SILENT","items_purchased":["Blade Dance","Frozen Eye"],"campfire_rested":1,"item_purchase_floors":[3,21],"current_hp_per_floor":[58,58,58,58,47,15,34,29,29,29,29,29,18,16,16,16,54,19,19,19,19,24,0,0],"gold":207,"neow_bonus":"RANDOM_COLORLESS","is_daily":false,"chose_seed":false,"campfire_upgraded":2,"win_rate":0.0,"timestamp":1612207163,"path_taken":["M","M","$","?","M","E","R","?","T","?","R","?","E","M","R","BOSS","M","?","?","$","M","E"],"items_purchased_type":["Card","Relic"],"build_version":"2020-12-22","purchased_purges":0,"victory":false,"max_hp_per_floor":[66,66,66,66,66,66,66,66,66,66,66,66,66,66,66,66,66,66,66,46,46,46,46,46],"relic_stats":{"Regal Pillow":0,"counters":[13,70],"HoveringKite":[6],"Letter Opener":[30],"obtain_stats":[{"Frozen Eye":21,"Regal Pillow":9,"Ninja Scroll":6,"HoveringKite":17,"Omamori":10,"Letter Opener":19,"Odd Mushroom":8,"Frozen Egg 2":13,"Ring of the Snake":0},{"Frozen Eye":11,"Regal Pillow":6,"Ninja Scroll":5,"HoveringKite":10,"Omamori":6,"Letter Opener":11,"Odd Mushroom":6,"Frozen Egg 2":8,"Ring of the Snake":0},{"Frozen Eye":60,"Regal Pillow":33,"Ninja Scroll":28,"HoveringKite":53,"Omamori":33,"Letter Opener":60,"Odd Mushroom":33,"Frozen Egg 2":39,"Ring of the Snake":0}],"Ring of the Snake":[26]},"card_choices":[{"not_picked":["Flash of Steel","Mind Blast"],"picked":"Trip","floor":0.0},{"not_picked":["Acrobatics","Backflip"],"picked":"PiercingWail","floor":1.0},{"not_picked":["Dagger Throw","Poisoned Stab"],"picked":"Cloak And Dagger","floor":2.0},{"not_picked":["Catalyst","Poisoned Stab"],"picked":"Flechettes","floor":4},{"not_picked":["Sucker Punch","Dagger Throw"],"picked":"Deadly Poison","floor":5},{"not_picked":["Cloak And Dagger","Bane"],"picked":"Bouncing Flask","floor":6},{"not_picked":["Heel Hook","Slice"],"picked":"All Out Attack","floor":8},{"not_picked":["Choke","After Image"],"picked":"Leg Sweep","floor":12},{"not_picked":["Dagger Throw","Acrobatics"],"picked":"Backflip","floor":13},{"not_picked":["Caltrops+1","PiercingWail"],"picked":"Footwork+1","floor":14},{"not_picked":["Bullet Time","Doppelganger"],"picked":"A Thousand Cuts+1","floor":16},{"not_picked":["Deflect","Quick Slash"],"picked":"Slice","floor":18},{"not_picked":["Bane","Quick Slash"],"picked":"Crippling Poison+1","floor":22}],"player_experience":2098990,"relics_obtained":[{"floor":6,"key":"Ninja Scroll"},{"floor":8,"key":"Odd Mushroom"},{"floor":9,"key":"Regal Pillow"},{"floor":13,"key":"Frozen Egg 2"},{"floor":19,"key":"Letter Opener"}],"event_choices":[{"damage_healed":0,"gold_gain":0,"player_choice":"Fought Mushrooms","damage_taken":0,"max_hp_gain":0,"max_hp_loss":0,"event_name":"Mushrooms","floor":8,"gold_loss":0},{"damage_healed":0,"gold_gain":0,"player_choice":"Gave Potion","damage_taken":0,"relics_obtained":["Omamori"],"max_hp_gain":0,"max_hp_loss":0,"event_name":"WeMeetAgain","floor":10,"gold_loss":0},{"damage_healed":0,"gold_gain":0,"player_choice":"Became a vampire","damage_taken":0,"max_hp_gain":0,"max_hp_loss":20,"event_name":"Vampires","floor":20,"gold_loss":0,"cards_obtained":["Bite","Bite","Bite","Bite","Bite"]}],"is_beta":false,"boss_relics":[{"not_picked":["Coffee Dripper","Ring of the Serpent"],"picked":"HoveringKite"}],"items_purged_floors":[],"is_endless":false,"potions_floor_spawned":[2,8,12,16],"killed_by":"Slavers","ascension_level":20}}