{"host":"6h0diz2ap0m56grs","time":1612160763,"event":{"mods":["2.2 Compatiblity","BaseMod","Colored Map","Marisa????????","Minty Spire (QoL Compilation)","Quick Restart","Replay The Spire","Shop Mod","StSLib","The Servant 0.9.4"],"gold_per_floor":[117,127,143,169,169,198,233,267,267,217,217,173,173,173,173,271,271,290,59,128,163,163,195,223,223,223,256,285,285,225,252,252,353,353,353],"floor_reached":34,"language":"ENG","playtime":965,"items_purged":["ReturningBlade"],"score":665,"play_id":"94ffddb4-d932-41bf-8516-a9819cb45eef","local_time":"20210201002603","daily_mods":["SealedDeck","Heirloom","Time Dilation","Flight"],"is_ascension_mode":true,"campfire_choices":[{"data":"Sunlight","floor":11,"key":"SMITH"},{"data":"SilverBlades","floor":13,"key":"SMITH"},{"data":"SilverBlades","floor":15,"key":"SMITH"},{"data":"Gouge","floor":25,"key":"SMITH"},{"data":"Ricochet","floor":29,"key":"SMITH"},{"data":"DancingSilver","floor":32,"key":"SMITH"}],"circlet_count":0,"master_deck":["ReturningBlade","Contraction","Contraction","Defy+1","Defy+1","InstantArmor","Ricochet+1","DancingSilver+1","Ricochet","SilverBlades+1","Gouge+1","Orbit+1","Sunlight+1","SilverBlades+1","Dilation","SurpressingFire+1","Sabotage+1","DancingSilver+1","Defy+1","FlawlessForm"],"relics":["Uniform","replay:Trail_Library","Tiny Chest","Replay:Bottled Eggs","Mirror","BranchBurnRelic","MerchantsRug","Runic Dome","Bag of Preparation","Replay:Bottled Steam","Red Mask","MutagenicStrength","Matryoshka","Bronze Scales","PreservedInsect","Gremlin Food","Replay:WaspNest","Gambling Chip","Boot"],"acts_visited":["Exordium","TheCity"],"potions_floor_usage":[8,18],"damage_taken":[{"damage":0,"enemies":"Cultist","floor":1,"turns":3},{"damage":0,"enemies":"Small Slimes","floor":2,"turns":2},{"damage":0,"enemies":"2 Louse","floor":3,"turns":1},{"damage":5,"enemies":"3 Sentries","floor":6,"turns":4},{"damage":0,"enemies":"Lagavulin","floor":7,"turns":4},{"damage":3,"enemies":"Gremlin Nob","floor":8,"turns":4},{"damage":15,"enemies":"Hexaghost","floor":16,"turns":8},{"damage":0,"enemies":"2 Thieves","floor":18,"turns":1},{"damage":2,"enemies":"Masked Bandits","floor":21,"turns":4},{"damage":0,"enemies":"Gremlin Leader","floor":23,"turns":4},{"damage":0,"enemies":"Replay:Snechameleon","floor":24,"turns":4},{"damage":0,"enemies":"Book of Stabbing","floor":27,"turns":3},{"damage":2,"enemies":"Slavers","floor":28,"turns":2},{"damage":0,"enemies":"Replay:Snechameleon","floor":31,"turns":2},{"damage":0,"enemies":"Automaton","floor":33,"turns":6}],"seed_played":"84985528339051954","potions_obtained":[{"floor":1,"key":"Energy Potion"},{"floor":2,"key":"Dexterity Potion"},{"floor":8,"key":"Fruit Juice"},{"floor":16,"key":"SteroidPotion"},{"floor":18,"key":"CultistPotion"},{"floor":21,"key":"Weak Potion"}],"is_trial":true,"path_per_floor":["M","M","M","T","?","E","E","E","T","?","R","$","R","?","R","B",null,"M","$","T","?","?","E","E","R","T","E","E","R","?","E","R","B",null],"character_chosen":"THE_SERVANT","items_purchased":["MerchantsRug","Bag of Preparation"],"campfire_rested":0,"item_purchase_floors":[12,19],"current_hp_per_floor":[65,65,65,65,65,60,60,57,57,57,65,65,65,52,52,52,65,70,70,70,68,68,68,68,68,68,70,68,68,68,70,70,70,70,70],"gold":353,"neow_bonus":"","is_daily":false,"chose_seed":false,"campfire_upgraded":6,"win_rate":0.0,"timestamp":1612160763,"path_taken":["M","M","?","?","?","E","E","E","T","?","R","$","R","?","R","BOSS","M","$","?","?","?","E","E","R","T","E","E","R","?","E","R","BOSS"],"items_purchased_type":["Relic","Relic"],"build_version":"2020-12-22","purchased_purges":1,"victory":false,"max_hp_per_floor":[65,65,65,65,65,65,65,65,65,65,65,65,65,65,65,65,65,70,70,70,70,70,70,70,70,70,70,70,70,70,70,70,70,70,70],"card_choices":[{"not_picked":["Replace","Rearm","Starlight"],"picked":"SKIP","floor":1},{"not_picked":["Starlight","Unruled"],"picked":"Gouge","floor":2},{"not_picked":["TimeWarp","Alleviate","FastForward"],"picked":"SKIP","floor":3},{"not_picked":["BottledTime","Shuttle"],"picked":"Sunlight","floor":6},{"not_picked":["TimeWarp","Comet"],"picked":"SilverBlades","floor":7},{"not_picked":["ShatteredReality","Initiator","Rewind"],"picked":"SKIP","floor":8},{"not_picked":["SilverMatrix","Solidify"],"picked":"Dilation","floor":16},{"not_picked":["ShiftingGears","Orbit"],"picked":"SurpressingFire+1","floor":18},{"not_picked":["ShatteredReality+1","TimeTheft"],"picked":"Sabotage+1","floor":23},{"not_picked":["Sabotage","Initiator","Rewind"],"picked":"SKIP","floor":24},{"not_picked":["StarChef","Luminosity","Deadline+1"],"picked":"SKIP","floor":27},{"not_picked":["Moonlight","Spin"],"picked":"DancingSilver","floor":28},{"not_picked":["Rewind","DoubleEdge","Spin"],"picked":"SKIP","floor":31},{"not_picked":["Dilation","Duplication"],"picked":"FlawlessForm","floor":33}],"player_experience":239763,"relics_obtained":[{"floor":4,"key":"Tiny Chest"},{"floor":6,"key":"Replay:Bottled Eggs"},{"floor":7,"key":"Pet Ghost"},{"floor":8,"key":"Mirror"},{"floor":9,"key":"Eternal Feather"},{"floor":20,"key":"Replay:Bottled Steam"},{"floor":21,"key":"Red Mask"},{"floor":23,"key":"Matryoshka"},{"floor":24,"key":"Bronze Scales"},{"floor":26,"key":"PreservedInsect"},{"floor":26,"key":"Gremlin Food"},{"floor":27,"key":"Replay:WaspNest"},{"floor":28,"key":"Gambling Chip"},{"floor":31,"key":"Boot"}],"event_choices":[{"damage_healed":0,"gold_gain":0,"player_choice":"Ignored","damage_taken":0,"max_hp_gain":0,"max_hp_loss":0,"event_name":"Liars Game","floor":5,"gold_loss":0},{"cards_removed":["SurpressingFire"],"damage_healed":0,"gold_gain":0,"player_choice":"Card Removal","damage_taken":0,"max_hp_gain":0,"max_hp_loss":0,"event_name":"The Cleric","floor":10,"gold_loss":50},{"damage_healed":0,"gold_gain":0,"player_choice":"Entered Light","damage_taken":13,"max_hp_gain":0,"max_hp_loss":0,"event_name":"Shining Light","floor":14,"gold_loss":0,"cards_upgraded":["DancingSilver","Orbit"]},{"damage_healed":0,"gold_gain":0,"player_choice":"Fought Bandits","damage_taken":0,"max_hp_gain":0,"max_hp_loss":0,"event_name":"Masked Bandits","floor":21,"gold_loss":0},{"damage_healed":0,"gold_gain":0,"player_choice":"Inject Mutagens","damage_taken":0,"relics_obtained":["MutagenicStrength"],"max_hp_gain":0,"max_hp_loss":0,"event_name":"Drug Dealer","floor":22,"gold_loss":0}],"is_beta":false,"boss_relics":[{"not_picked":["ReplayTheSpireMod:DimensionalGlitch","SacredBark"],"picked":"Runic Dome"}],"items_purged_floors":[19],"is_endless":false,"potions_floor_spawned":[1,2,8,16,18,21,31],"ascension_level":1}}