{"host":"36t3qd3wjvajtu1z","time":1612164559,"event":{"mods":["AchievementEnabler","BaseMod","Block Reminder","Colored Powertips","Minty Spire (QoL Compilation)","Permanent Neow","Quick Restart","Random Character Button","Rare Cards Sparkle","Relic Stats","Slay-I","StSLib"],"gold_per_floor":[118,118,135,10,22,22,47,58,358,383,383,401,419,435,435,536,536,552,564,42,52,70,99,99,134,134,134,166,266,284,302,302,407,407,427,477,477,24,0,0,19,19,19,35,61,80,80,92,92,92],"floor_reached":51,"language":"ENG","playtime":3649,"items_purged":["Defend_B","Strike_B"],"score":926,"play_id":"6fe1a888-5282-4a1c-8919-dc4c4ecca7e6","local_time":"20210131232919","is_ascension_mode":true,"campfire_choices":[{"data":"Reprogram","floor":6.0,"key":"SMITH"},{"floor":11.0,"key":"REST"},{"data":"Echo Form","floor":15.0,"key":"SMITH"},{"data":"Hologram","floor":27.0,"key":"SMITH"},{"data":"Turbo","floor":32.0,"key":"SMITH"},{"floor":42.0,"key":"REST"},{"floor":47.0,"key":"REST"},{"floor":49,"key":"REST"}],"circlet_count":0,"master_deck":["Strike_B","Strike_B","Defend_B","Defend_B","Defend_B","Zap","Echo Form+1","Chill","Reprogram+1","Hologram","Rip and Tear","Gash","Go for the Eyes","Hologram+1","Self Repair","BootSequence","Hyperbeam","Gash+1","FTL","Recycle","Leap+1","Beam Cell","Rip and Tear","Turbo+1","Machine Learning+1","Hologram","Steam+1","Sadistic Nature+1","Sadistic Nature+1","Seek","Gash+1","Conserve Battery+1","Go for the Eyes","Rebound+1","Reprogram"],"relics":["Cracked Core","Cables","Old Coin","Gambling Chip","Runic Pyramid","TungstenRod","Ornamental Fan","Frozen Egg 2","White Beast Statue","Oddly Smooth Stone","Fusion Hammer","Lizard Tail","Bottled Lightning","Red Mask","Bag of Marbles","InkBottle"],"acts_visited":["Exordium","TheCity","TheBeyond"],"potions_floor_usage":[50,50],"damage_taken":[{"damage":4.0,"enemies":"2 Louse","floor":1.0,"turns":2.0},{"damage":0.0,"enemies":"Cultist","floor":3.0,"turns":4.0},{"damage":10.0,"enemies":"Small Slimes","floor":5.0,"turns":4.0},{"damage":38.0,"enemies":"3 Sentries","floor":7.0,"turns":12.0},{"damage":1.0,"enemies":"3 Louse","floor":8.0,"turns":3.0},{"damage":8.0,"enemies":"Lagavulin","floor":10.0,"turns":7.0},{"damage":2.0,"enemies":"2 Fungi Beasts","floor":12.0,"turns":2.0},{"damage":5.0,"enemies":"Lots of Slimes","floor":13.0,"turns":4.0},{"damage":2.0,"enemies":"Exordium Thugs","floor":14.0,"turns":4.0},{"damage":12.0,"enemies":"The Guardian","floor":16.0,"turns":7.0},{"damage":10.0,"enemies":"Chosen","floor":18.0,"turns":5.0},{"damage":5.0,"enemies":"2 Thieves","floor":19.0,"turns":3.0},{"damage":19.0,"enemies":"Snake Plant","floor":21.0,"turns":4.0},{"damage":21.0,"enemies":"Sentry and Sphere","floor":22.0,"turns":6.0},{"damage":18.0,"enemies":"Book of Stabbing","floor":23.0,"turns":6.0},{"damage":19.0,"enemies":"Slavers","floor":25.0,"turns":5.0},{"damage":22.0,"enemies":"Book of Stabbing","floor":28.0,"turns":6.0},{"damage":0.0,"enemies":"Centurion and Healer","floor":30.0,"turns":5.0},{"damage":15.0,"enemies":"3 Cultists","floor":31.0,"turns":4.0},{"damage":23.0,"enemies":"Automaton","floor":33.0,"turns":8.0},{"damage":17.0,"enemies":"3 Darklings","floor":35.0,"turns":3.0},{"damage":24.0,"enemies":"2 Orb Walkers","floor":36.0,"turns":3.0},{"damage":0.0,"enemies":"3 Shapes","floor":41.0,"turns":7.0},{"damage":9.0,"enemies":"Sphere and 2 Shapes","floor":44.0,"turns":6.0},{"damage":10.0,"enemies":"Nemesis","floor":45.0,"turns":7.0},{"damage":1.0,"enemies":"3 Darklings","floor":46.0,"turns":3.0},{"damage":0,"enemies":"4 Shapes","floor":48,"turns":5},{"damage":6,"enemies":"Awakened One","floor":50,"turns":13}],"seed_played":"-6091991867394124358","potions_obtained":[{"floor":1.0,"key":"EssenceOfSteel"},{"floor":8.0,"key":"Regen Potion"},{"floor":10.0,"key":"AttackPotion"},{"floor":13.0,"key":"EssenceOfDarkness"},{"floor":16.0,"key":"Block Potion"},{"floor":19.0,"key":"Energy Potion"},{"floor":22.0,"key":"AttackPotion"},{"floor":23.0,"key":"Explosive Potion"},{"floor":28.0,"key":"BlessingOfTheForge"},{"floor":30.0,"key":"ColorlessPotion"},{"floor":31.0,"key":"Energy Potion"},{"floor":33.0,"key":"ColorlessPotion"},{"floor":35.0,"key":"CultistPotion"},{"floor":36.0,"key":"Swift Potion"},{"floor":41.0,"key":"Explosive Potion"},{"floor":44.0,"key":"GamblersBrew"},{"floor":45.0,"key":"DistilledChaos"}],"is_trial":false,"path_per_floor":["M","?","M","$","M","R","E","M","T","E","R","M","M","M","R","B",null,"M","M","$","M","M","E","?","E","T","R","E","?","M","M","R","B",null,"M","?","?","$","?","?","M","R","T","M","E","M","R","M","R","B",null],"character_chosen":"DEFECT","items_purchased":["Strength Potion","TungstenRod","FTL","SteroidPotion","Bottled Lightning","Sadistic Nature+1"],"campfire_rested":4,"item_purchase_floors":[4,20,20,20,38,38],"current_hp_per_floor":[50,50,50,50,40,40,2,1,1,7,29,27,22,27,27,22,62,59,61,61,56,42,38,63,51,51,51,43,43,63,48,48,32,64,54,30,30,30,30,30,44,66,66,64,68,67,75,75,75,75],"gold":92,"neow_bonus":"THREE_RARE_CARDS","is_daily":false,"chose_seed":false,"campfire_upgraded":4,"win_rate":0.0,"timestamp":1612164559,"path_taken":["M","?","M","$","M","R","E","M","T","E","R","M","?","M","R","BOSS","M","M","$","M","M","E","?","E","T","R","E","?","?","M","R","BOSS","M","?","?","$","?","?","M","R","T","?","E","M","R","M","R","BOSS"],"items_purchased_type":["Potion","Relic","Card","Potion","Relic","Card"],"build_version":"2020-12-22","purchased_purges":2,"victory":true,"max_hp_per_floor":[75,75,75,75,75,75,75,75,75,75,75,75,75,75,75,75,75,75,75,75,75,75,75,75,75,75,75,75,75,75,75,75,75,75,75,75,75,75,75,75,75,75,75,75,75,75,75,75,75,75],"relic_stats":{"Lizard Tail":0,"counters":[28,148],"Ornamental Fan":[108],"Gambling Chip":[45],"obtain_stats":[{"Oddly Smooth Stone":28,"Frozen Egg 2":25,"White Beast Statue":26,"Cables":7,"Old Coin":9,"Lizard Tail":36,"Ornamental Fan":23,"Gambling Chip":10,"Fusion Hammer":34,"Red Mask":39,"Bag of Marbles":43,"Bottled Lightning":38,"Cracked Core":0,"TungstenRod":20,"InkBottle":45,"Runic Pyramid":17},{"Oddly Smooth Stone":17,"Frozen Egg 2":16,"White Beast Statue":16,"Cables":4,"Old Coin":5,"Lizard Tail":22,"Ornamental Fan":15,"Gambling Chip":6,"Fusion Hammer":20,"Red Mask":22,"Bag of Marbles":23,"Bottled Lightning":22,"Cracked Core":0,"TungstenRod":12,"InkBottle":25,"Runic Pyramid":10},{"Oddly Smooth Stone":84,"Frozen Egg 2":78,"White Beast Statue":78,"Cables":22,"Old Coin":25,"Lizard Tail":107,"Ornamental Fan":73,"Gambling Chip":32,"Fusion Hammer":101,"Red Mask":107,"Bag of Marbles":114,"Bottled Lightning":107,"Cracked Core":0,"TungstenRod":57,"InkBottle":127,"Runic Pyramid":49}],"TungstenRod":38,"InkBottle":[11],"Cables":[97,71,21,5,0]},"card_choices":[{"not_picked":["Creative AI","Machine Learning"],"picked":"Echo Form","floor":0.0},{"not_picked":["Aggregate","Redo"],"picked":"Chill","floor":1.0},{"not_picked":["Reinforced Body","FTL"],"picked":"Reprogram","floor":3.0},{"not_picked":["Barrage","Coolheaded"],"picked":"Hologram","floor":5.0},{"not_picked":["Steam","Auto Shields"],"picked":"Rip and Tear","floor":7.0},{"not_picked":["Steam","Aggregate"],"picked":"Gash","floor":8.0},{"not_picked":["BootSequence","Coolheaded"],"picked":"Go for the Eyes","floor":10.0},{"not_picked":["Doom and Gloom","Loop"],"picked":"Hologram","floor":12.0},{"not_picked":["Sweeping Beam","Cold Snap"],"picked":"Self Repair","floor":13.0},{"not_picked":["Capacitor","Barrage"],"picked":"BootSequence","floor":14.0},{"not_picked":["Seek","Echo Form"],"picked":"Hyperbeam","floor":16.0},{"not_picked":["Redo+1","Ball Lightning+1","Heatsinks"],"picked":"SKIP","floor":18.0},{"not_picked":["Hologram","Stack"],"picked":"Gash+1","floor":19.0},{"not_picked":["Streamline+1","Beam Cell"],"picked":"Recycle","floor":21.0},{"not_picked":["Storm","FTL"],"picked":"Leap+1","floor":22.0},{"not_picked":["Chaos+1","Defragment","Ball Lightning"],"picked":"SKIP","floor":23.0},{"not_picked":["Capacitor+1","Aggregate"],"picked":"Beam Cell","floor":25.0},{"not_picked":["Coolheaded","Hello World+1","Cold Snap+1"],"picked":"SKIP","floor":28.0},{"not_picked":["Redo","Gash"],"picked":"Rip and Tear","floor":30.0},{"not_picked":["Gash","Darkness+1"],"picked":"Turbo","floor":31.0},{"not_picked":["Fission","Buffer+1"],"picked":"Machine Learning+1","floor":33.0},{"not_picked":["Undo","Go for the Eyes+1"],"picked":"Hologram","floor":35.0},{"not_picked":["Rebound","Doom and Gloom+1"],"picked":"Steam+1","floor":36.0},{"not_picked":["Forethought","Thinking Ahead"],"picked":"Sadistic Nature+1","floor":37.0},{"not_picked":["Turbo+1","Stack"],"picked":"Gash+1","floor":41.0},{"not_picked":["BootSequence+1","Cold Snap"],"picked":"Conserve Battery+1","floor":44.0},{"not_picked":["Ball Lightning","Consume"],"picked":"Go for the Eyes","floor":45.0},{"not_picked":["Leap","Glacier"],"picked":"Rebound+1","floor":46.0},{"not_picked":["Undo","Go for the Eyes"],"picked":"Reprogram","floor":48}],"player_experience":380857,"relics_obtained":[{"floor":7.0,"key":"Cables"},{"floor":9.0,"key":"Old Coin"},{"floor":10.0,"key":"Gambling Chip"},{"floor":23.0,"key":"Ornamental Fan"},{"floor":25.0,"key":"Frozen Egg 2"},{"floor":26.0,"key":"White Beast Statue"},{"floor":28.0,"key":"Oddly Smooth Stone"},{"floor":36.0,"key":"Lizard Tail"},{"floor":43.0,"key":"Bag of Marbles"},{"floor":45.0,"key":"InkBottle"}],"event_choices":[{"cards_removed":["Strike_B"],"damage_healed":0.0,"max_hp_gain":0.0,"max_hp_loss":0.0,"gold_gain":0.0,"event_name":"Bonfire Elementals","player_choice":"Offered Basic","floor":2.0,"gold_loss":0.0,"damage_taken":0.0},{"damage_healed":25.0,"max_hp_gain":0.0,"max_hp_loss":0.0,"gold_gain":0.0,"event_name":"The Library","player_choice":"Heal","floor":24.0,"gold_loss":0.0,"damage_taken":0.0},{"damage_healed":0.0,"max_hp_gain":0.0,"max_hp_loss":0.0,"gold_gain":100.0,"event_name":"Golden Shrine","player_choice":"Pray","floor":29.0,"gold_loss":0.0,"damage_taken":0.0},{"damage_healed":0.0,"max_hp_gain":0.0,"max_hp_loss":0.0,"gold_gain":0.0,"event_name":"Mysterious Sphere","player_choice":"Fight","floor":36.0,"gold_loss":0.0,"damage_taken":0.0},{"damage_healed":0.0,"max_hp_gain":0.0,"max_hp_loss":0.0,"gold_gain":0.0,"event_name":"SensoryStone","player_choice":"Memory 1","floor":37.0,"gold_loss":0.0,"damage_taken":0.0},{"damage_healed":0.0,"max_hp_gain":0.0,"max_hp_loss":0.0,"gold_gain":0.0,"event_name":"Tomb of Lord Red Mask","player_choice":"Paid","floor":39.0,"gold_loss":24.0,"damage_taken":0.0,"relics_obtained":["Red Mask"]},{"damage_healed":0.0,"max_hp_gain":0.0,"max_hp_loss":0.0,"gold_gain":0.0,"cards_transformed":["Dualcast"],"event_name":"Transmorgrifier","player_choice":"Transformed","floor":40.0,"gold_loss":0.0,"damage_taken":0.0,"cards_obtained":["Seek"]}],"is_beta":false,"boss_relics":[{"not_picked":["SlaversCollar","SacredBark"],"picked":"Runic Pyramid"},{"not_picked":["Runic Dome","Calling Bell"],"picked":"Fusion Hammer"}],"items_purged_floors":[4,20],"is_endless":false,"potions_floor_spawned":[1,8,10,13,16,19,22,23,28,30,31,33,35,36,41,44,45,46,48],"ascension_level":5}}