{"host":"lr515x7bpk6b6t09","time":1612138071,"event":{"mods":["Act Like it!","BaseMod","CapriCore","Downfall","Gensokyo","Marisa£®ÏF”Í°°ƒß¿Ì…≥£©","Minty Spire (QoL Compilation)","Prisma Mod","Quick Restart","Relic Stats","Shop Mod","StSLib","The Cursed","The Jungle","Waifu the Spire","Youmu£®ªÍ∆«—˝√Œ£©","[IsaacMod]“‘»ˆº‚À˛","°æ“≈ŒÔø®≈∆°øREMEMod"],"gold_per_floor":[99,99,99,99,24,24,47,32,132,166,186,186,186,186],"floor_reached":12,"language":"ZHS","playtime":673,"items_purged":["sneckomod:Defend"],"score":72,"play_id":"fcecb82e-b025-4914-affe-1bddc1ac1bd7","local_time":"20210201080751","is_ascension_mode":false,"campfire_choices":[{"data":"Feed","floor":1,"key":"SMITH"},{"data":"sneckomod:SnekBite","floor":6,"key":"SMITH"}],"circlet_count":0,"master_deck":["sneckomod:Strike","sneckomod:Defend","sneckomod:Defend","sneckomod:TailWhip","sneckomod:SnekBite+1","sneckomod:Unknown","sneckomod:Unknown","Feed+1","sneckomod:UnknownBlock","sneckomod:QuickMove","sneckomod:SoulDraw+1","sneckomod:UnknownUncommonPower","sneckomod:UnknownUncommonPower","sneckomod:Nope","sneckomod:Unknown1Cost"],"relics":["sneckomod:SneckoSoul","HushsDoor","REME_ComplimentaryCards","GuppysHead","downfall:HeartsMalice","Nunchaku","Vajra","Kunai"],"acts_visited":["Exordium"],"potions_floor_usage":[11],"damage_taken":[{"damage":0,"enemies":"2 Louse","floor":3,"turns":1},{"damage":0,"enemies":"Jaw Worm","floor":4,"turns":1},{"damage":0,"enemies":"downfall:FleeingMerchant","floor":5,"turns":1},{"damage":0,"enemies":"downfall:FleeingMerchant","floor":8,"turns":4},{"damage":23,"enemies":"downfall:Heads","floor":9,"turns":6},{"damage":14,"enemies":"Gremlin Nob","floor":10,"turns":4},{"damage":6,"enemies":"Cultist","floor":11,"turns":3},{"damage":0,"enemies":"Lagavulin","floor":12,"turns":1}],"seed_played":"8055903841196865443","potions_obtained":[{"floor":9,"key":"Fire Potion"},{"floor":11,"key":"CultistPotion"}],"is_trial":false,"path_per_floor":["R","?","M","M","$","R","T","$","?","E","M","E"],"character_chosen":"THE_SNECKO","items_purchased":[],"campfire_rested":0,"item_purchase_floors":[],"current_hp_per_floor":[90,83,83,83,83,83,83,83,60,50,48,48,48,48],"gold":186,"neow_bonus":"THREE_ENEMY_KILL","is_daily":false,"chose_seed":false,"campfire_upgraded":2,"win_rate":0.0,"timestamp":1612138071,"path_taken":["R","?","M","?","$","R","T","$","?","E","M","E"],"items_purchased_type":[],"build_version":"2020-12-22","purchased_purges":1,"victory":false,"max_hp_per_floor":[90,90,90,90,90,90,90,90,90,94,98,98,98,98],"relic_stats":{"Nunchaku":[3],"counters":[8,17],"Kunai":[0],"obtain_stats":[{"KeepersGift":0,"Nunchaku":2,"Vajra":7,"downfall:HeartsMalice":0,"GuppysHead":0,"Kunai":10,"sneckomod:SneckoSoul":0,"HushsDoor":0,"REME_ComplimentaryCards":0},{"KeepersGift":0,"Nunchaku":0,"Vajra":3,"downfall:HeartsMalice":0,"GuppysHead":0,"Kunai":6,"sneckomod:SneckoSoul":0,"HushsDoor":0,"REME_ComplimentaryCards":0},{"KeepersGift":0,"Nunchaku":0,"Vajra":0,"downfall:HeartsMalice":0,"GuppysHead":0,"Kunai":14,"sneckomod:SneckoSoul":0,"HushsDoor":0,"REME_ComplimentaryCards":0}]},"card_choices":[{"not_picked":["sneckomod:UnknownCommonAttack","sneckomod:DiceBlock"],"picked":"sneckomod:UnknownBlock","floor":3},{"not_picked":["sneckomod:Unknown2Cost","sneckomod:UnknownUncommonAttack"],"picked":"sneckomod:QuickMove","floor":4},{"not_picked":["sneckomod:Unknown1Cost","sneckomod:UnknownRarePower"],"picked":"sneckomod:SoulDraw","floor":5},{"not_picked":["sneckomod:UnknownBlock","sneckomod:UnknownDraw","sneckomod:UnknownX"],"picked":"SKIP","floor":8},{"not_picked":["sneckomod:QuickMove","sneckomod:UnknownVulnerable"],"picked":"sneckomod:UnknownUncommonPower","floor":9},{"not_picked":["sneckomod:SnekBeam","sneckomod:UnknownBlock"],"picked":"sneckomod:Nope","floor":10},{"not_picked":["sneckomod:Unknown2Cost","sneckomod:Nope"],"picked":"sneckomod:Unknown1Cost","floor":11}],"player_experience":195393,"relics_obtained":[{"floor":7,"key":"Vajra"},{"floor":10,"key":"Kunai"}],"event_choices":[{"damage_healed":0,"gold_gain":0,"player_choice":"Success","damage_taken":7,"relics_obtained":["Nunchaku"],"max_hp_gain":0,"max_hp_loss":0,"event_name":"Scrap Ooze","floor":2,"gold_loss":0}],"is_beta":false,"boss_relics":[],"items_purged_floors":[5],"is_endless":false,"potions_floor_spawned":[9,11],"killed_by":"Lagavulin","ascension_level":0}}