{"host":"88sw61cmk1203zgj","time":1612156987,"event":{"mods":["BaseMod","Minty Spire (QoL Compilation)"],"gold_per_floor":[113,78,91,109,109,139,139,139,207,232,251,269,269,281,281,376,376,386,406,416,39,39,39,39,51,77,77,87,106,106,137,137,137,137],"floor_reached":33,"language":"ENG","playtime":1723,"items_purged":["Strike_B"],"score":526,"play_id":"6b52a736-f427-47b2-9e15-586415abf225","local_time":"20210201002307","is_ascension_mode":true,"campfire_choices":[{"data":"Defragment","floor":7.0,"key":"SMITH"},{"data":"Capacitor","floor":13.0,"key":"SMITH"},{"floor":15.0,"key":"REST"},{"floor":23,"key":"REST"},{"data":"Consume","floor":27,"key":"SMITH"},{"floor":30,"key":"REST"},{"floor":32,"key":"REST"}],"circlet_count":0,"master_deck":["AscendersBane","Strike_B","Strike_B+1","Defend_B","Defend_B","Defend_B","Defend_B","Zap","Dualcast","Tempest+1","Capacitor+1","Ball Lightning+1","Defragment+1","Sunder+1","Lockon+1","Consume+1","Ball Lightning+1","Rainbow","Cold Snap+1","Compile Driver+1","Redo","Electrodynamics","Heatsinks","Auto Shields"],"relics":["Snecko Eye","Ancient Tea Set","Molten Egg 2","PreservedInsect","Black Star","Lizard Tail","Whetstone","Symbiotic Virus","Vajra"],"acts_visited":["Exordium","TheCity"],"potions_floor_usage":[20,20,28,33,33],"damage_taken":[{"damage":12.0,"enemies":"Small Slimes","floor":1.0,"turns":3.0},{"damage":2.0,"enemies":"Jaw Worm","floor":3.0,"turns":3.0},{"damage":10.0,"enemies":"2 Louse","floor":4.0,"turns":2.0},{"damage":20.0,"enemies":"3 Sentries","floor":6.0,"turns":7.0},{"damage":15.0,"enemies":"Lagavulin","floor":10.0,"turns":4.0},{"damage":0.0,"enemies":"Exordium Thugs","floor":11.0,"turns":2.0},{"damage":7.0,"enemies":"Lots of Slimes","floor":12.0,"turns":2.0},{"damage":6.0,"enemies":"Looter","floor":14.0,"turns":2.0},{"damage":0.0,"enemies":"Slime Boss","floor":16.0,"turns":6.0},{"damage":13.0,"enemies":"Shell Parasite","floor":18.0,"turns":4.0},{"damage":61.0,"enemies":"2 Thieves","floor":19.0,"turns":5.0},{"damage":0,"enemies":"Sentry and Sphere","floor":20,"turns":3},{"damage":53,"enemies":"Shelled Parasite and Fungi","floor":25,"turns":4},{"damage":11,"enemies":"Centurion and Healer","floor":28,"turns":3},{"damage":12,"enemies":"Snake Plant","floor":29,"turns":3},{"damage":25,"enemies":"Slavers","floor":31,"turns":3},{"damage":58,"enemies":"Automaton","floor":33,"turns":6}],"seed_played":"4152405895860792029","potions_obtained":[{"floor":1.0,"key":"Regen Potion"},{"floor":6.0,"key":"FearPotion"},{"floor":12.0,"key":"SteroidPotion"},{"floor":16.0,"key":"SteroidPotion"},{"floor":19.0,"key":"Block Potion"},{"floor":25,"key":"EntropicBrew"},{"floor":31,"key":"Fruit Juice"}],"is_trial":false,"path_per_floor":["M","?","M","M","?","E","R","?","T","E","M","M","R","M","R","B",null,"M","M","M","$","?","R","?","M","T","R","M","M","R","E","R","B"],"character_chosen":"DEFECT","items_purchased":["Lizard Tail"],"campfire_rested":4,"item_purchase_floors":[21],"current_hp_per_floor":[56,74,72,62,62,57,57,62,62,47,47,40,40,34,58,58,75,62,1,1,1,1,25,25,40,40,40,29,17,41,16,40,0,0],"gold":137,"neow_bonus":"BOSS_RELIC","is_daily":false,"chose_seed":false,"campfire_upgraded":3,"win_rate":0.0,"timestamp":1612156987,"path_taken":["M","?","M","M","?","E","R","?","T","E","M","M","R","M","R","BOSS","M","M","M","$","?","R","?","M","T","R","?","M","R","E","R","BOSS"],"items_purchased_type":["Relic"],"build_version":"2020-12-22","purchased_purges":1,"victory":false,"max_hp_per_floor":[75,75,75,75,75,75,75,80,80,80,80,80,80,80,80,80,80,80,80,80,80,80,80,80,80,80,80,80,80,80,80,80,85,85],"card_choices":[{"not_picked":["Hologram","Go for the Eyes"],"picked":"Tempest","floor":1.0},{"not_picked":["FTL","Barrage"],"picked":"Capacitor","floor":3.0},{"not_picked":["Turbo","Barrage"],"picked":"Ball Lightning","floor":4.0},{"not_picked":["Multi-Cast","Gash"],"picked":"Defragment","floor":6.0},{"not_picked":["Scrape+1","Gash+1"],"picked":"Sunder+1","floor":10.0},{"not_picked":["Turbo","Auto Shields"],"picked":"Lockon+1","floor":11.0},{"not_picked":["Turbo","Steam Power"],"picked":"Consume","floor":12.0},{"not_picked":["Steam","Streamline+1"],"picked":"Ball Lightning+1","floor":14.0},{"not_picked":["Amplify","Multi-Cast"],"picked":"Rainbow","floor":16.0},{"not_picked":["Barrage+1","Streamline+1","Blizzard+1"],"picked":"SKIP","floor":18.0},{"not_picked":["Hologram","Ball Lightning+1"],"picked":"Cold Snap+1","floor":19.0},{"not_picked":["Ball Lightning+1","Chill"],"picked":"Compile Driver+1","floor":20},{"not_picked":["Coolheaded","Tempest+1"],"picked":"Electrodynamics","floor":25},{"not_picked":["Compile Driver+1","Beam Cell+1"],"picked":"Heatsinks","floor":28},{"not_picked":["Sweeping Beam+1","Rip and Tear+1","Scrape+1"],"picked":"SKIP","floor":29},{"not_picked":["Compile Driver+1","Hyperbeam+1"],"picked":"Auto Shields","floor":31}],"player_experience":1547927,"relics_obtained":[{"floor":6.0,"key":"Ancient Tea Set"},{"floor":9.0,"key":"Molten Egg 2"},{"floor":10.0,"key":"PreservedInsect"},{"floor":26,"key":"Whetstone"},{"floor":31,"key":"Symbiotic Virus"},{"floor":31,"key":"Vajra"}],"event_choices":[{"damage_healed":18.0,"max_hp_gain":0.0,"max_hp_loss":0.0,"gold_gain":0.0,"event_name":"The Cleric","player_choice":"Healed","floor":2.0,"gold_loss":35.0,"damage_taken":0.0},{"damage_healed":0.0,"max_hp_gain":0.0,"max_hp_loss":0.0,"gold_gain":0.0,"event_name":"Living Wall","player_choice":"Grow","floor":5.0,"gold_loss":0.0,"damage_taken":0.0,"cards_upgraded":["Tempest"]},{"damage_healed":0.0,"max_hp_gain":5.0,"max_hp_loss":0.0,"gold_gain":0.0,"event_name":"Big Fish","player_choice":"Donut","floor":8.0,"gold_loss":0.0,"damage_taken":0.0},{"damage_healed":0,"gold_gain":0,"cards_transformed":["Strike_B"],"player_choice":"Transformed","damage_taken":0,"max_hp_gain":0,"max_hp_loss":0,"event_name":"Transmorgrifier","floor":24,"gold_loss":0,"cards_obtained":["Redo"]}],"is_beta":false,"boss_relics":[{"not_picked":["SacredBark","Calling Bell"],"picked":"Black Star"}],"items_purged_floors":[21],"is_endless":false,"potions_floor_spawned":[1,6,12,16,19,25,28,31],"killed_by":"Automaton","ascension_level":12}}