{"host":"4jpe1m3cviuzvkch","time":1612191664,"event":{"mods":["BaseMod","Marisa£®ÏF”Í°°ƒß¿Ì…≥£©","Minty Spire (QoL Compilation)","Remilia£®¿Ÿ√◊¿Ú—«£©","StSLib","The Servant 0.9.4","Youmu£®ªÍ∆«—˝√Œ£©"],"gold_per_floor":[112,287,237,256,256,289,289,289,361,361,376,405,424,53,53,152,452,470,470,470,62,62,93,93,112,137,171,96,96,96,96,96,198,198,209,229,25,76,96,130,180,193,220,254,254,269,289,324,324,324,324,324,122,122],"floor_reached":55,"language":"ZHS","playtime":2057,"items_purged":["Strike_RM","Lust_TH"],"score":1724,"play_id":"3e014e35-9609-43a2-97cf-e017058e2ab7","local_time":"20210201230104","is_ascension_mode":true,"campfire_choices":[{"data":"MastersStateliness","floor":8.0,"key":"SMITH"},{"floor":15.0,"key":"REST"},{"floor":24.0,"key":"RECALL"},{"data":"KillingBlow","floor":32.0,"key":"SMITH"},{"data":"SuperhumanBloodyKnife","floor":45.0,"key":"SMITH"},{"data":"1","floor":49.0,"key":"LIFT"},{"data":"BloodAndWine","floor":52,"key":"SMITH"}],"circlet_count":0,"master_deck":["Strike_RM","Strike_RM+1","Defend_RM+1","Defend_RM","RedMoon+1","ScarletShoot","BloodyMagicSquare+1","MastersStateliness+1","VampireSweep","CurseOfVladTepes+1","ScarletNetherworld","QueenOfMidnight+1","CurseOfTheBell","VampireKiss","BlasphemousPunishment","ScarletMeister","KillingBlow+1","VampireKiss","HunterOfTheNight","J.A.X.","BloodyHallows","Stigmanizer+1","BloodHunter","SuperhumanBloodyKnife+1","BlasphemousPunishment+1","RedRainbow+1","BlasphemousPunishment+1","BloodyMagicSquare","BlasphemousPunishment","BloodAndWine+1","NightDance"],"relics":["ScarletHat","NeowsBlessing","Mummified Hand","WingedGreaves","Question Card","Art of War","Orichalcum","Vajra","Calling Bell","Oddly Smooth Stone","HornCleat","Old Coin","War Paint","Potion Belt","Gungnir","ScarletEmblem","OrangePellets","CatCart","Bronze Scales","Girya","Bag of Preparation","ScarletDevilRocket","Juzu Bracelet","Nunchaku"],"acts_visited":["Exordium","TheCity","TheBeyond","TheEnding"],"potions_floor_usage":[50,50,50],"damage_taken":[{"damage":0.0,"enemies":"Jaw Worm","floor":1.0,"turns":1.0},{"damage":0.0,"enemies":"Small Slimes","floor":4.0,"turns":2.0},{"damage":0.0,"enemies":"Lagavulin","floor":6.0,"turns":1.0},{"damage":3.0,"enemies":"2 Louse","floor":11.0,"turns":4.0},{"damage":13.0,"enemies":"Gremlin Nob","floor":12.0,"turns":4.0},{"damage":2.0,"enemies":"2 Fungi Beasts","floor":13.0,"turns":4.0},{"damage":22.0,"enemies":"Hexaghost","floor":16.0,"turns":9.0},{"damage":41.0,"enemies":"Chosen","floor":18.0,"turns":7.0},{"damage":56.0,"enemies":"Gremlin Leader","floor":23.0,"turns":5.0},{"damage":36.0,"enemies":"Spheric Guardian","floor":25.0,"turns":3.0},{"damage":46.0,"enemies":"Slavers","floor":27.0,"turns":5.0},{"damage":74.0,"enemies":"Collector","floor":33.0,"turns":5.0},{"damage":53.0,"enemies":"3 Shapes","floor":35.0,"turns":5.0},{"damage":57.0,"enemies":"3 Darklings","floor":36.0,"turns":5.0},{"damage":61.0,"enemies":"Orin","floor":38.0,"turns":7.0},{"damage":83.0,"enemies":"Transient","floor":39.0,"turns":5.0},{"damage":75.0,"enemies":"Nemesis","floor":40.0,"turns":6.0},{"damage":60.0,"enemies":"Mind Bloom Boss Battle","floor":41.0,"turns":4.0},{"damage":50.0,"enemies":"Spire Growth","floor":42.0,"turns":3.0},{"damage":82.0,"enemies":"Reptomancer","floor":44.0,"turns":3.0},{"damage":48.0,"enemies":"Sphere and 2 Shapes","floor":46.0,"turns":2.0},{"damage":58.0,"enemies":"Maw","floor":47.0,"turns":2.0},{"damage":73.0,"enemies":"Nemesis","floor":48.0,"turns":5.0},{"damage":96,"enemies":"Time Eater","floor":50,"turns":7},{"damage":170,"enemies":"The Heart","floor":54,"turns":8}],"seed_played":"-1777935357271088584","potions_obtained":[{"floor":4.0,"key":"AttackPotion"},{"floor":6.0,"key":"LiquidMemories"},{"floor":13.0,"key":"Swift Potion"},{"floor":27.0,"key":"Weak Potion"},{"floor":39.0,"key":"Fire Potion"},{"floor":40.0,"key":"BlessingOfTheForge"},{"floor":41.0,"key":"SkillPotion"},{"floor":42.0,"key":"BlessingOfTheForge"},{"floor":44.0,"key":"Fire Potion"}],"is_trial":false,"path_per_floor":["M","?","?","M","?","E","?","R","T","?","M","E","M","$","R","B",null,"M","?","?","$","$","E","R","M","T","E","?","?","?","?","R","B",null,"M","M","$","?","M","E","?","M","T","E","R","M","M","E","R","B",null,"R","$","B",null],"character_chosen":"REMILIA","items_purchased":["Orichalcum","Vajra","ScarletMeister","War Paint","BloodHunter","OrangePellets","NightDance","Nunchaku"],"campfire_rested":1,"item_purchase_floors":[14,14,21,21,37,37,53,53],"current_hp_per_floor":[75,75,75,75,57,57,50,50,50,35,35,28,26,26,48,37,75,73,73,73,73,73,73,73,75,75,75,75,75,75,75,75,75,75,70,74,74,75,75,72,75,75,75,75,75,74,75,75,75,75,75,75,75,75],"gold":122,"neow_bonus":"THREE_ENEMY_KILL","is_daily":false,"chose_seed":false,"campfire_upgraded":4,"win_rate":0.0,"timestamp":1612191664,"path_taken":["M","?","?","M","?","E","?","R","T","?","M","E","?","$","R","BOSS","M","?","?","?","$","E","R","?","T","E","?","?","?","?","R","BOSS","M","M","$","?","M","E","?","M","T","E","R","M","M","E","R","BOSS","R","$","BOSS"],"items_purchased_type":["Relic","Relic","Card","Relic","Card","Relic","Card","Relic"],"build_version":"2020-12-22","purchased_purges":2,"victory":true,"max_hp_per_floor":[75,75,75,75,75,75,75,75,75,75,75,75,75,75,75,75,75,75,75,75,75,75,75,75,75,75,75,75,75,75,75,75,75,75,75,75,75,75,75,75,75,75,75,75,75,75,75,75,75,75,75,75,75,75],"card_choices":[{"not_picked":["UnderTheZenith","TwelveNightmare"],"picked":"BloodyMagicSquare","floor":1.0},{"not_picked":["RedRainbow","RedNightlessCastle"],"picked":"MastersStateliness","floor":4.0},{"not_picked":["MastersStateliness","EndlessAdversity"],"picked":"VampireSweep","floor":6.0},{"not_picked":["EternalNight","NightDance","CharismaGuard"],"picked":"CurseOfVladTepes","floor":11.0},{"not_picked":["RedMagic","ScarletSymphony","NightDance"],"picked":"ScarletNetherworld","floor":12.0},{"not_picked":["CharismaGuard","BombardNight","ScarletImprint","ScarletDevil"],"picked":"SKIP","floor":13.0},{"not_picked":["DemonKingCradle","CeilingFear","BloodRain"],"picked":"QueenOfMidnight","floor":16.0},{"not_picked":["StarOfDavid+1","VampireClaw","NightDance+1"],"picked":"VampireKiss","floor":18.0},{"not_picked":["DiffusionOfMisfortune","UnderTheZenith","ScarletDevil"],"picked":"KillingBlow","floor":23.0},{"not_picked":["ScarletImprint","ReincarnationDial+1","StarOfDavid+1"],"picked":"VampireKiss","floor":25.0},{"not_picked":["UnderTheZenith","FavorOfDestiny","Stigmanizer"],"picked":"HunterOfTheNight","floor":27.0},{"not_picked":["BloodyCatastrophe","ScarletMeister","ForecastOfChange"],"picked":"BloodyHallows","floor":33.0},{"not_picked":["ScarletNetherworld+1","CharismaGuard+1","FavorOfDestiny"],"picked":"Stigmanizer+1","floor":35.0},{"not_picked":["BlasphemousPunishment","MiserableFate","ScarletImprint","Septette+1"],"picked":"SKIP","floor":36.0},{"not_picked":["DevilSight","BadLadyScramble","EndlessAdversity+1"],"picked":"SuperhumanBloodyKnife","floor":38.0},{"not_picked":["ScarletDream+1","Stigmanizer+1","Septette+1","ScarletDevil+1"],"picked":"SKIP","floor":39.0},{"not_picked":["AfternoonTea+1","RedMagic","BloodRain"],"picked":"BlasphemousPunishment+1","floor":40.0},{"not_picked":["ReincarnationDial+1","StarOfDavid","ScarletImprint"],"picked":"RedRainbow+1","floor":41.0},{"not_picked":["BadLadyScramble","UnderTheZenith+1","ScarletSymphony+1","HunterOfTheNight+1"],"picked":"SKIP","floor":42.0},{"not_picked":["MastersStateliness","VampireKiss+1","RedRainbow+1"],"picked":"BlasphemousPunishment+1","floor":44.0},{"not_picked":["RedRainbow+1","CharismaGuard+1","BloodHunter+1"],"picked":"BloodyMagicSquare","floor":46.0},{"not_picked":["VampireClaw","DemonKingCradle","FavorOfDestiny"],"picked":"BlasphemousPunishment","floor":47.0},{"not_picked":["DiffusionOfMisfortune","MastersStateliness","TwelveNightmare"],"picked":"BloodAndWine","floor":48.0}],"player_experience":320429,"relics_obtained":[{"floor":6.0,"key":"WingedGreaves"},{"floor":9.0,"key":"Question Card"},{"floor":12.0,"key":"Art of War"},{"floor":17.0,"key":"Oddly Smooth Stone"},{"floor":17.0,"key":"HornCleat"},{"floor":17.0,"key":"Old Coin"},{"floor":23.0,"key":"Potion Belt"},{"floor":27.0,"key":"Gungnir"},{"floor":38.0,"key":"CatCart"},{"floor":40.0,"key":"Bronze Scales"},{"floor":41.0,"key":"Girya"},{"floor":43.0,"key":"Bag of Preparation"},{"floor":44.0,"key":"ScarletDevilRocket"},{"floor":48.0,"key":"Juzu Bracelet"}],"event_choices":[{"damage_healed":0.0,"max_hp_gain":0.0,"max_hp_loss":0.0,"gold_gain":175.0,"event_name":"Liars Game","player_choice":"AGREE","floor":2.0,"gold_loss":0.0,"damage_taken":0.0,"cards_obtained":["Doubt"]},{"cards_removed":["Doubt"],"damage_healed":0.0,"max_hp_gain":0.0,"max_hp_loss":0.0,"gold_gain":0.0,"event_name":"The Cleric","player_choice":"Card Removal","floor":3.0,"gold_loss":50.0,"damage_taken":0.0},{"damage_healed":0.0,"max_hp_gain":0.0,"max_hp_loss":0.0,"gold_gain":0.0,"event_name":"Scrap Ooze","player_choice":"Success","floor":5.0,"gold_loss":0.0,"damage_taken":18.0,"relics_obtained":["Mummified Hand"]},{"cards_removed":["Defend_RM"],"damage_healed":0.0,"max_hp_gain":0.0,"max_hp_loss":0.0,"gold_gain":0.0,"event_name":"Golden Wing","player_choice":"Card Removal","floor":7.0,"gold_loss":0.0,"damage_taken":7.0},{"damage_healed":0.0,"max_hp_gain":0.0,"max_hp_loss":0.0,"gold_gain":0.0,"event_name":"Shining Light","player_choice":"Entered Light","floor":10.0,"gold_loss":0.0,"damage_taken":15.0,"cards_upgraded":["RedMoon","Strike_RM"]},{"damage_healed":0.0,"max_hp_gain":0.0,"max_hp_loss":0.0,"gold_gain":0.0,"event_name":"The Library","player_choice":"Read","floor":19.0,"gold_loss":0.0,"damage_taken":0.0,"cards_obtained":["BlasphemousPunishment"]},{"cards_removed":["Defend_RM"],"damage_healed":0.0,"max_hp_gain":0.0,"max_hp_loss":0.0,"gold_gain":0.0,"event_name":"Beggar","player_choice":"Gave Gold","floor":28.0,"gold_loss":75.0,"damage_taken":0.0},{"cards_removed":["Strike_RM"],"damage_healed":0.0,"max_hp_gain":0.0,"max_hp_loss":0.0,"gold_gain":0.0,"event_name":"Back to Basics","player_choice":"Elegance","floor":29.0,"gold_loss":0.0,"damage_taken":0.0},{"damage_healed":0.0,"max_hp_gain":0.0,"max_hp_loss":0.0,"gold_gain":0.0,"event_name":"Ghosts","player_choice":"Ignored","floor":30.0,"gold_loss":0.0,"damage_taken":0.0},{"damage_healed":0.0,"max_hp_gain":0.0,"max_hp_loss":0.0,"gold_gain":0.0,"event_name":"Drug Dealer","player_choice":"Obtain J.A.X.","floor":31.0,"gold_loss":0.0,"damage_taken":0.0,"cards_obtained":["J.A.X."]},{"damage_healed":0.0,"max_hp_gain":0.0,"max_hp_loss":0.0,"gold_gain":0.0,"event_name":"OrinTheCat","player_choice":"Fight","floor":38.0,"gold_loss":0.0,"damage_taken":0.0},{"damage_healed":0.0,"max_hp_gain":0.0,"max_hp_loss":0.0,"gold_gain":0.0,"event_name":"MindBloom","player_choice":"Fight","floor":41.0,"gold_loss":0.0,"damage_taken":0.0}],"is_beta":false,"boss_relics":[{"not_picked":["Snecko Eye","Runic Dome"],"picked":"Calling Bell"},{"not_picked":["SacredBark","Runic Pyramid"],"picked":"ScarletEmblem"}],"items_purged_floors":[14,21],"is_endless":false,"potions_floor_spawned":[4,6,13,16,18,27,39,40,41,42,44],"ascension_level":4}}