{"host":"5x08nt64u3vxxcfi","time":1612149733,"event":{"mods":["BaseMod","Minty Spire (QoL Compilation)","StSLib","SuperFastMode"],"gold_per_floor":[112,112,122,38,58,58,87,52,52,52,66,66,83,108,108,182,182,200,250,3,15,29,29,29],"floor_reached":23,"language":"KOR","playtime":501,"items_purged":["Strike_G"],"score":372,"play_id":"0905d42a-79ad-4355-9b30-a4be7a47831f","local_time":"20210201122213","is_ascension_mode":true,"campfire_choices":[{"data":"Glass Knife","floor":6.0,"key":"SMITH"},{"data":"Neutralize","floor":12.0,"key":"SMITH"},{"data":"Envenom","floor":15.0,"key":"SMITH"}],"circlet_count":0,"master_deck":["AscendersBane","Strike_G+1","Defend_G","Defend_G+1","Defend_G","Defend_G","Defend_G","Survivor","Neutralize+1","Glass Knife+1","Quick Slash","Slice","Blur","Dagger Spray","Blade Dance","Envenom+1","Blur","After Image","Footwork+1","Dagger Throw+1","Unload+1","PiercingWail","After Image","Prepared","Distraction"],"relics":["Ring of the Snake","Peace Pipe","Blue Candle","Pantograph","Astrolabe","DollysMirror"],"acts_visited":["Exordium","TheCity"],"potions_floor_usage":[23,23],"damage_taken":[{"damage":0.0,"enemies":"Cultist","floor":1.0,"turns":4.0},{"damage":4.0,"enemies":"Jaw Worm","floor":3.0,"turns":3.0},{"damage":0.0,"enemies":"2 Louse","floor":5.0,"turns":2.0},{"damage":24.0,"enemies":"Gremlin Nob","floor":7.0,"turns":4.0},{"damage":3.0,"enemies":"Looter","floor":11.0,"turns":2.0},{"damage":4.0,"enemies":"Exordium Thugs","floor":13.0,"turns":4.0},{"damage":19.0,"enemies":"3 Sentries","floor":14.0,"turns":9.0},{"damage":17.0,"enemies":"Hexaghost","floor":16.0,"turns":8.0},{"damage":7.0,"enemies":"Shell Parasite","floor":18.0,"turns":7.0},{"damage":43,"enemies":"2 Thieves","floor":21,"turns":4},{"damage":14,"enemies":"Snecko","floor":22,"turns":7},{"damage":20,"enemies":"Book of Stabbing","floor":23,"turns":5}],"seed_played":"-4061246130485735015","potions_obtained":[{"floor":5.0,"key":"Fruit Juice"},{"floor":13.0,"key":"FearPotion"},{"floor":14.0,"key":"FairyPotion"},{"floor":16.0,"key":"CunningPotion"},{"floor":22,"key":"Energy Potion"}],"is_trial":false,"path_per_floor":["M","?","M","$","M","R","E","?","T","?","M","R","M","E","R","B",null,"M","?","$","M","M","E"],"character_chosen":"THE_SILENT","items_purchased":["Blur","DollysMirror"],"campfire_rested":0,"item_purchase_floors":[4,20],"current_hp_per_floor":[59,41,37,37,37,42,18,34,34,34,31,31,27,8,8,16,53,46,46,46,3,17,0,0],"gold":29,"neow_bonus":"THREE_RARE_CARDS","is_daily":false,"chose_seed":false,"campfire_upgraded":3,"win_rate":0.0,"timestamp":1612149733,"path_taken":["M","?","M","?","M","R","E","?","T","?","M","R","?","E","R","BOSS","M","?","$","M","?","E"],"items_purchased_type":["Card","Relic"],"build_version":"2020-12-22","purchased_purges":1,"victory":false,"max_hp_per_floor":[60,60,60,60,60,65,65,65,65,65,65,65,65,65,65,65,65,65,65,65,65,65,65,65],"card_choices":[{"not_picked":["Wraith Form v2","Night Terror"],"picked":"Glass Knife","floor":0.0},{"not_picked":["Acrobatics","Eviscerate"],"picked":"Quick Slash","floor":1.0},{"not_picked":["Acrobatics","Flying Knee"],"picked":"Slice","floor":3.0},{"not_picked":["Dodge and Roll","Backflip"],"picked":"Noxious Fumes","floor":5.0},{"not_picked":["Calculated Gamble","Backflip"],"picked":"Dagger Spray","floor":7.0},{"not_picked":["Distraction","Sucker Punch"],"picked":"Blade Dance","floor":11.0},{"not_picked":["Catalyst","Dodge and Roll"],"picked":"Envenom","floor":13.0},{"not_picked":["Poisoned Stab","Deadly Poison"],"picked":"Blur","floor":14.0},{"not_picked":["Burst","Bullet Time"],"picked":"After Image","floor":16.0},{"not_picked":["Outmaneuver","Skewer"],"picked":"PiercingWail","floor":18.0},{"not_picked":["Poisoned Stab","Dagger Throw"],"picked":"Prepared","floor":21},{"not_picked":["Underhanded Strike","Concentrate"],"picked":"Distraction","floor":22}],"player_experience":122584,"relics_obtained":[{"floor":7.0,"key":"Peace Pipe"},{"floor":9.0,"key":"Blue Candle"},{"floor":14.0,"key":"Pantograph"}],"event_choices":[{"damage_healed":0.0,"max_hp_gain":0.0,"max_hp_loss":0.0,"gold_gain":0.0,"event_name":"Shining Light","player_choice":"Entered Light","floor":2.0,"gold_loss":0.0,"damage_taken":18.0,"cards_upgraded":["Strike_G","Defend_G"]},{"damage_healed":16.0,"max_hp_gain":0.0,"max_hp_loss":0.0,"gold_gain":0.0,"event_name":"The Cleric","player_choice":"Healed","floor":8.0,"gold_loss":35.0,"damage_taken":0.0},{"cards_removed":["Noxious Fumes"],"damage_healed":0.0,"max_hp_gain":0.0,"max_hp_loss":0.0,"gold_gain":0.0,"event_name":"Purifier","player_choice":"Purged","floor":10.0,"gold_loss":0.0,"damage_taken":0.0},{"damage_healed":0,"gold_gain":100,"player_choice":"Bet on Murderer","damage_taken":0,"max_hp_gain":0,"max_hp_loss":0,"event_name":"The Joust","floor":19,"gold_loss":50}],"is_beta":false,"boss_relics":[{"not_picked":["Fusion Hammer","Busted Crown"],"picked":"Astrolabe"}],"items_purged_floors":[20],"is_endless":false,"potions_floor_spawned":[5,13,14,16,18,22],"killed_by":"Book of Stabbing","ascension_level":17}}