{"host":"lheqn2stdak53gn8","time":1612164193,"event":{"mods":["BaseMod","BetterRewards","Colored Map","Colored Powertips","Custom Start","Infinite Spire","Minty Spire (QoL Compilation)","Quick Restart","Replay The Spire","StSLib"],"gold_per_floor":[112,112,33,33,8009,8038,8038,8038,8062,8096,8124,8124,8140,8167,8167,8268,8268,8283,8283,7770,7770,7770,7800,6710,6710,6737,6049,6049,6049,6083,6102,6102,6199,6299,6312,5725,5775,5825,5886,5886,5936,5967,6021,5687,5737,5754,5804,5804,5804,5804,5804,5804,5756,5783,5783],"floor_reached":56,"language":"ENG","playtime":2363,"items_purged":["Pain","PathToVictory","Prostrate","Writhe"],"score":1654,"play_id":"6e5f857c-ed13-4beb-8108-ca17c39a643e","local_time":"20210201012313","daily_mods":["SealedDeck","Heirloom","Flight"],"is_ascension_mode":false,"campfire_choices":[{"data":"Enlightenment","floor":7,"key":"SMITH"},{"data":"Study","floor":8,"key":"SMITH"},{"data":"Tantrum","floor":12,"key":"SMITH"},{"data":"TalkToTheHand","floor":15,"key":"SMITH"},{"data":"Apotheosis","floor":29,"key":"SMITH"},{"floor":32,"key":"RECALL"},{"floor":40,"key":"REST"},{"floor":52,"key":"REST"}],"circlet_count":0,"master_deck":["ReachHeaven","CutThroughFate","Consecrate","CarveReality","CarveReality","Evaluate","Wallop+1","Halt","EmptyBody","Indignation+1","Halt","TalkToTheHand+1","Enlightenment+1","Study+1","Tantrum+1","Consecrate","Consecrate+1","FlurryOfBlows","ThirdEye","ConjureBlade","infinitespire:Gouge","J.A.X.","infinitespire:FutureSight","infinitespire:Starlight","infinitespire:UltimateForm","CutThroughFate+1","Apotheosis+1","Evaluate","ThirdEye","Nirvana","FearNoEvil","InnerPeace","Adaptation","Evaluate","FlurryOfBlows","DevaForm","LikeWater","Good Instincts","Panacea","FlurryOfBlows+1","CutThroughFate","Omniscience+1","WheelKick","Perseverance","Parasite","CutThroughFate+1","Madness","Madness","infinitespire:Oblivion","infinitespire:Punishment","infinitespire:DeathsTouch","Protect","ThirdEye","Consecrate"],"relics":["SsserpentHead","Sizzling Blood","Replay:Wanted Poster","Nilry\u0027s Codex","Replay:Ancient Bell","infinitespire:DarkRift","Cracked Core","infinitespire:Lychee Nut","Ring of the Snake","Bottled Flame","Melange","Pen Nib","Byrd Skull","ChewingGum","Simple Rune","Tough Bandages","Orichalcum","Burning Blood","PureWater","Medical Kit","replay:Trail_Library","infinitespire:WardingShard","MealTicket","infinitespire:Joker Card","Membership Card","Fusion Hammer","Geode","infinitespire:Chaos","Snack Pack","Gremlin Food","ReplayTheSpireMod:Lightbulb","Akabeko","Replay:Bronze Core","BargainBundle","ReplayFunnel","infinitespire:Magic Flask","Centennial Puzzle"],"acts_visited":["Exordium","TheCity","TheBeyond","TheEnding"],"potions_floor_usage":[5,23,50,54,55],"damage_taken":[{"damage":0.0,"enemies":"Small Slimes","floor":1.0,"turns":1.0},{"damage":6,"enemies":"Lagavulin","floor":6,"turns":5},{"damage":0,"enemies":"3 Sentries","floor":10,"turns":3},{"damage":0,"enemies":"Lagavulin","floor":11,"turns":4},{"damage":0,"enemies":"Jaw Worm","floor":13,"turns":2},{"damage":0,"enemies":"3 Sentries","floor":14,"turns":2},{"damage":14,"enemies":"Hexaghost","floor":16,"turns":6},{"damage":0,"enemies":"2 Thieves","floor":18,"turns":3},{"damage":0,"enemies":"Book of Stabbing","floor":23,"turns":2},{"damage":0,"enemies":"Gremlin Leader","floor":30,"turns":4},{"damage":0,"enemies":"Spheric Guardian","floor":31,"turns":3},{"damage":3,"enemies":"Champ","floor":33,"turns":5},{"damage":3,"enemies":"Orb Walker","floor":35,"turns":2},{"damage":2,"enemies":"3 Shapes","floor":39,"turns":4},{"damage":0,"enemies":"Nemesis","floor":42,"turns":1},{"damage":3,"enemies":"Writhing Mass","floor":46,"turns":4},{"damage":58,"enemies":"infinitespire:MassOfShapes","floor":50,"turns":7},{"damage":0,"enemies":"Shield and Spear","floor":54,"turns":3},{"damage":5,"enemies":"The Heart","floor":55,"turns":7}],"seed_played":"-735029971379716361","potions_obtained":[{"floor":1.0,"key":"DistilledChaos"},{"floor":18,"key":"Elixir"},{"floor":39,"key":"Elixir"},{"floor":46,"key":"BlessingOfTheForge"},{"floor":54,"key":"SkillPotion"}],"is_trial":true,"path_per_floor":["M","?","$","?","$","E","R","R","T","E","E","R","M","E","R","B",null,"M","?","?","?","AVR","E","$","T","T","$","?","R","E","M","R_BF","B",null,"M","$","?","?","M","R","?","E","T","$","?","M","?","AVR","R_BF","B",null,"R","$","E","B",null],"character_chosen":"WATCHER","items_purchased":["TalkToTheHand","PathToVictory","Fruit Juice","Elixir","Fire Potion","Enlightenment","Study","Damaru","FossilizedHelix","infinitespire:CheckeredPen","Gambling Chip","Frozen Eye","BottledMiracle","Apotheosis","Evaluate","ThirdEye","Nirvana","FearNoEvil","InnerPeace","Replay:Purple Gloves","Tiny Chest","Adaptation","Evaluate","Mirror","Bag of Marbles","infinitespire:Chaos","LikeWater","Good Instincts","Gremlin Food","ReplayTheSpireMod:Lightbulb","Adrenaline Potion","Omniscience+1","WheelKick","Perseverance","BargainBundle","ReplayFunnel","infinitespire:Magic Flask","Protect","ThirdEye","Swift Potion"],"campfire_rested":2,"item_purchase_floors":[3,5,5,5,5,5,5,5,5,24,24,24,24,24,24,24,24,27,27,27,27,27,27,36,36,36,36,36,44,44,44,44,44,44,53,53,53,53,53,53],"current_hp_per_floor":[72,72,72,72,77,71,71,71,78,78,78,78,78,78,78,64,84,84,84,84,84,84,84,84,84,84,84,84,84,84,84,84,84,84,81,66,66,66,66,66,66,66,66,66,66,66,58,58,58,32,63,63,63,63,63],"gold":5783,"neow_bonus":"","is_daily":false,"chose_seed":false,"campfire_upgraded":5,"win_rate":0.0,"timestamp":1612164193,"path_taken":["M","?","$","?","$","E","R","R","T","E","E","R","?","E","R","BOSS","M","?","?","?","AVR","E","$","?","T","$","?","R","E","M","R_BF","BOSS","M","$","?","?","?","R","?","E","T","?","?","M","?","AVR","R_BF","BOSS","R","$","E","BOSS"],"items_purchased_type":["Card","Card","Potion","Potion","Potion","Card","Card","Relic","Relic","Relic","Relic","Relic","Potion","Card","Card","Card","Card","Card","Card","Relic","Relic","Card","Card","Relic","Relic","Relic","Card","Card","Relic","Relic","Potion","Card","Card","Card","Relic","Relic","Relic","Card","Card","Potion"],"build_version":"2020-12-22","purchased_purges":4,"victory":true,"max_hp_per_floor":[72,72,72,72,77,77,77,77,84,84,84,84,84,84,84,84,84,84,84,84,84,84,84,84,84,84,84,84,84,84,84,84,84,84,84,66,66,66,66,66,66,66,66,66,66,66,66,66,63,63,63,63,63,63,63],"card_choices":[{"not_picked":["FollowUp","FlyingSleeves"],"picked":"Halt","floor":1.0},{"not_picked":["ClearTheMind","Prostrate"],"picked":"Tantrum","floor":6},{"not_picked":["FlyingSleeves","Replay:AllIn"],"picked":"Consecrate","floor":10},{"not_picked":["FollowUp","Swivel"],"picked":"Consecrate","floor":11},{"not_picked":["Indignation","ThirdEye"],"picked":"FlurryOfBlows","floor":13},{"not_picked":["Fasting2","PathToVictory"],"picked":"ThirdEye","floor":14},{"not_picked":["Wish","Replay:LoomingThreat"],"picked":"ConjureBlade","floor":16},{"not_picked":["ClearTheMind","BattleHymn+1","Worship"],"picked":"SKIP","floor":18},{"not_picked":["ReplayTheSpireMod:Chaos Vortex","infinitespire:FinalStrike"],"picked":"infinitespire:Gouge","floor":20},{"not_picked":["Fasting2+1","FollowUp+1"],"picked":"CutThroughFate+1","floor":23},{"not_picked":["PathToVictory","EmptyBody+1"],"picked":"FlurryOfBlows","floor":30},{"not_picked":["Consecrate+1","Judgement","Worship"],"picked":"SKIP","floor":31},{"not_picked":["Brilliance","Replay:AllIn"],"picked":"DevaForm","floor":33},{"not_picked":["PathToVictory","Nirvana","Crescendo"],"picked":"SKIP","floor":35},{"not_picked":["Discovery","Survey Options"],"picked":"Panacea","floor":37},{"not_picked":["CrushJoints+1","Replay:Cycle+1"],"picked":"FlurryOfBlows+1","floor":39},{"not_picked":["PathToVictory+1","FlyingSleeves"],"picked":"CutThroughFate","floor":42},{"not_picked":["BowlingBash+1","ClearTheMind"],"picked":"CutThroughFate+1","floor":46},{"not_picked":["Replay:ManipulateFuture","CrushJoints"],"picked":"Consecrate","floor":54}],"player_experience":2237593,"relics_obtained":[{"floor":6,"key":"Vajra"},{"floor":9,"key":"Strawberry"},{"floor":10,"key":"infinitespire:Midas Blood"},{"floor":11,"key":"Nunchaku"},{"floor":14,"key":"infinitespire:Beetle Shell"},{"floor":23,"key":"Yang"},{"floor":25,"key":"Ginger"},{"floor":26,"key":"Whetstone"},{"floor":30,"key":"infinitespire:Golems Mask"},{"floor":42,"key":"Snack Pack"},{"floor":54,"key":"Centennial Puzzle"}],"event_choices":[{"damage_healed":0.0,"max_hp_gain":0.0,"max_hp_loss":0.0,"gold_gain":0.0,"event_name":"Liars Game","player_choice":"Ignored","floor":2.0,"gold_loss":0.0,"damage_taken":0.0},{"damage_healed":0.0,"max_hp_gain":0.0,"max_hp_loss":0.0,"gold_gain":0.0,"event_name":"Accursed Blacksmith","player_choice":"Rummage","floor":4.0,"gold_loss":0.0,"damage_taken":0.0,"relics_obtained":["WarpedTongs"],"cards_obtained":["Pain"]},{"damage_healed":0,"gold_gain":0,"player_choice":"Obtain J.A.X.","damage_taken":0,"max_hp_gain":0,"max_hp_loss":0,"event_name":"Drug Dealer","floor":21,"gold_loss":0,"cards_obtained":["J.A.X."]},{"damage_healed":0,"gold_gain":0,"player_choice":"Ignored","damage_taken":0,"max_hp_gain":0,"max_hp_loss":0,"event_name":"Beggar","floor":28,"gold_loss":0},{"damage_healed":0,"gold_gain":0,"player_choice":"Memory 1","damage_taken":0,"max_hp_gain":0,"max_hp_loss":0,"event_name":"SensoryStone","floor":37,"gold_loss":0},{"damage_healed":0,"gold_gain":0,"player_choice":"Ignored","damage_taken":0,"max_hp_gain":0,"max_hp_loss":0,"event_name":"Purifier","floor":38,"gold_loss":0},{"damage_healed":0,"gold_gain":0,"player_choice":"Embrace Madness","damage_taken":8,"max_hp_gain":0,"max_hp_loss":0,"event_name":"Winding Halls","floor":47,"gold_loss":0,"cards_obtained":["Madness","Madness"]}],"is_beta":false,"boss_relics":[{"not_picked":["Snecko Eye","Ring of Chaos"],"picked":"SacredBark"},{"not_picked":["Sozu","Black Star"],"picked":"Replay:Grab Bag"},{"not_picked":["Busted Crown","Coffee Dripper"],"picked":"Replay:Wanted Poster"},{"not_picked":["Replay:Drink Me","Astrolabe"],"picked":"SlaversCollar"}],"items_purged_floors":[5,22,44,53],"is_endless":false,"potions_floor_spawned":[1,6,13,18,31,39,46,54],"ascension_level":0}}