{"host":"4rvakrj1idbgia3f","time":1612200305,"event":{"mods":["BaseMod","Colored Map","Colored Powertips","DeckTracker","Highlight Path","Minty Spire (QoL Compilation)","Random Character Button","StSLib"],"gold_per_floor":[112,131,147,19,0,0,35,0,24,54,64,97,97,108,108,186,186,203,203,222,70,90,90,116,130,130,165,185,185,185,185],"floor_reached":30,"language":"JPN","playtime":1469,"items_purged":["Strike_R"],"score":630,"play_id":"3bef7483-827a-4fbb-8824-2b55103a8233","local_time":"20210202022505","is_ascension_mode":true,"campfire_choices":[{"data":"Carnage","floor":6.0,"key":"SMITH"},{"data":"Bash","floor":13.0,"key":"SMITH"},{"data":"Clothesline","floor":15.0,"key":"SMITH"},{"data":"Exhume","floor":23,"key":"SMITH"},{"data":"Wild Strike","floor":29,"key":"SMITH"}],"circlet_count":0,"master_deck":["AscendersBane","Strike_R","Strike_R","Strike_R+1","Strike_R","Defend_R","Defend_R","Defend_R","Defend_R","Bash+1","Fire Breathing","Twin Strike+1","Clothesline+1","Carnage+1","Evolve","Sword Boomerang","Second Wind","Impervious","Shockwave","Exhume+1","Body Slam+1","Wild Strike+1","Battle Trance","Shrug It Off+1","Decay","Wild Strike"],"relics":["Burning Blood","CaptainsWheel","Whetstone","PreservedInsect","Pantograph","Bottled Tornado","Cursed Key","Paper Frog","Turnip","Mango"],"acts_visited":["Exordium","TheCity"],"potions_floor_usage":[16,27,27,27],"damage_taken":[{"damage":1.0,"enemies":"2 Louse","floor":1.0,"turns":3.0},{"damage":0.0,"enemies":"Jaw Worm","floor":2.0,"turns":5.0},{"damage":11.0,"enemies":"Small Slimes","floor":3.0,"turns":4.0},{"damage":20.0,"enemies":"3 Sentries","floor":7.0,"turns":4.0},{"damage":15.0,"enemies":"Lagavulin","floor":10.0,"turns":5.0},{"damage":7.0,"enemies":"Blue Slaver","floor":11.0,"turns":4.0},{"damage":15.0,"enemies":"3 Sentries","floor":12.0,"turns":5.0},{"damage":5.0,"enemies":"Red Slaver","floor":14.0,"turns":2.0},{"damage":46,"enemies":"The Guardian","floor":16,"turns":8},{"damage":28,"enemies":"Spheric Guardian","floor":18,"turns":6},{"damage":23,"enemies":"3 Byrds","floor":20,"turns":5},{"damage":2,"enemies":"Snecko","floor":22,"turns":4},{"damage":0,"enemies":"Gremlin Leader","floor":24,"turns":6},{"damage":6,"enemies":"Cultist and Chosen","floor":25,"turns":6},{"damage":18,"enemies":"Book of Stabbing","floor":27,"turns":2},{"damage":31,"enemies":"Shelled Parasite and Fungi","floor":28,"turns":3},{"damage":20,"enemies":"Centurion and Healer","floor":30,"turns":2}],"seed_played":"2334300159432157445","potions_obtained":[{"floor":2.0,"key":"Weak Potion"},{"floor":10.0,"key":"BlessingOfTheForge"},{"floor":11.0,"key":"Strength Potion"},{"floor":18,"key":"Energy Potion"},{"floor":27,"key":"Fruit Juice"},{"floor":28,"key":"AttackPotion"}],"is_trial":false,"path_per_floor":["M","M","M","$","?","R","E","?","T","E","M","E","R","M","R","B",null,"M","?","M","$","M","R","E","M","T","E","M","R","M"],"character_chosen":"IRONCLAD","items_purchased":["Carnage","Evolve","Battle Trance"],"campfire_rested":0,"item_purchase_floors":[4,4,21],"current_hp_per_floor":[55,61,56,56,56,56,42,60,60,51,50,41,41,42,42,27,63,41,41,24,24,28,28,34,34,34,41,16,16,0,0],"gold":185,"neow_bonus":"ONE_RARE_RELIC","is_daily":false,"chose_seed":false,"campfire_upgraded":5,"win_rate":0.0,"timestamp":1612200305,"path_taken":["M","M","M","$","?","R","E","?","T","E","M","E","R","M","R","BOSS","M","?","M","$","M","R","E","M","T","E","M","R","M"],"items_purchased_type":["Card","Card","Card"],"build_version":"2020-12-22","purchased_purges":1,"victory":false,"max_hp_per_floor":[75,75,75,75,75,75,75,75,75,75,75,75,75,75,75,75,75,75,75,75,75,75,75,75,75,75,94,94,94,94,94],"card_choices":[{"not_picked":["Warcry","Dual Wield"],"picked":"Fire Breathing","floor":1.0},{"not_picked":["Headbutt","Cleave"],"picked":"Twin Strike","floor":2.0},{"not_picked":["Pommel Strike","Warcry"],"picked":"Clothesline","floor":3.0},{"not_picked":["Flex","Rupture"],"picked":"Sword Boomerang","floor":7.0},{"not_picked":["Dropkick","Warcry"],"picked":"Second Wind","floor":10.0},{"not_picked":["Shrug It Off","Flex"],"picked":"Impervious","floor":11.0},{"not_picked":["Heavy Blade","Cleave","Dropkick"],"picked":"SKIP","floor":12.0},{"not_picked":["Ghostly Armor","Fire Breathing"],"picked":"Shockwave","floor":14.0},{"not_picked":["Juggernaut","Impervious"],"picked":"Exhume","floor":16},{"not_picked":["Flex","Thunderclap"],"picked":"Body Slam+1","floor":18},{"not_picked":["Bloodletting","Body Slam","Heavy Blade"],"picked":"SKIP","floor":20},{"not_picked":["Combust","Pommel Strike","Pummel+1"],"picked":"SKIP","floor":22},{"not_picked":["Havoc","Perfected Strike"],"picked":"Shrug It Off+1","floor":24},{"not_picked":["Entrench","Carnage","Rage"],"picked":"SKIP","floor":25},{"not_picked":["Brutality","Thunderclap+1"],"picked":"Wild Strike","floor":27},{"not_picked":["Clash","Combust","Thunderclap"],"picked":"SKIP","floor":28}],"player_experience":2187953,"relics_obtained":[{"floor":7.0,"key":"Whetstone"},{"floor":9.0,"key":"PreservedInsect"},{"floor":10.0,"key":"Pantograph"},{"floor":12.0,"key":"Bottled Tornado"},{"floor":24,"key":"Paper Frog"},{"floor":26,"key":"Turnip"},{"floor":27,"key":"Mango"}],"event_choices":[{"damage_healed":0.0,"max_hp_gain":0.0,"max_hp_loss":0.0,"gold_gain":0.0,"event_name":"World of Goop","player_choice":"Left Gold","floor":5.0,"gold_loss":19.0,"damage_taken":0.0},{"damage_healed":18.0,"max_hp_gain":0.0,"max_hp_loss":0.0,"gold_gain":0.0,"event_name":"The Cleric","player_choice":"Healed","floor":8.0,"gold_loss":35.0,"damage_taken":0.0},{"damage_healed":0,"gold_gain":0,"player_choice":"Read","damage_taken":0,"max_hp_gain":0,"max_hp_loss":0,"event_name":"The Library","floor":19,"gold_loss":0,"cards_obtained":["Wild Strike"]}],"is_beta":false,"boss_relics":[{"not_picked":["Empty Cage","SacredBark"],"picked":"Cursed Key"}],"items_purged_floors":[21],"is_endless":false,"potions_floor_spawned":[2,10,11,12,18,20,27,28],"killed_by":"Centurion and Healer","ascension_level":20}}