{"host":"kdt6w7ix8lwe69i9","time":1612153333,"event":{"mods":["100% Spire Juice","BaseMod","ChefMod","Evolution","Minty Spire (QoL Compilation)","Poor People Problems","Reimu（博丽灵梦）","Robot Space Explorer","Shade Mod","StSLib","The Dragonkin","The Gatherer","TheSurvivalist"],"gold_per_floor":[99,99,99,99,99,99,24,24,24,24,24,24,24,24,24,24,24,24,24,24,24,24,24,24,24,24,24,24,24,24,24,24,24,24,24,24,24,24,24],"floor_reached":38,"language":"ENG","playtime":3440,"items_purged":["Doubt"],"score":515,"play_id":"42a0000c-403a-4c24-9956-b403d588470f","local_time":"20210131232213","is_ascension_mode":false,"campfire_choices":[{"data":"survmod:VersatileOffense","floor":6,"key":"SMITH"},{"data":"survmod:Sprint","floor":8,"key":"SMITH"},{"data":"survmod:SkillfulManeuver","floor":12,"key":"SMITH"},{"data":"survmod:FocusedFire","floor":15,"key":"SMITH"},{"data":"survmod:Marksmanship","floor":23,"key":"SMITH"},{"floor":25,"key":"RECALL"},{"data":"survmod:FlareBarrage","floor":32,"key":"SMITH"}],"circlet_count":0,"master_deck":["survmod:PinningSnipe","survmod:PinningSnipe","survmod:DuckAndFlare","survmod:DuckAndFlare","survmod:DuckAndFlare","survmod:DuckAndFlare","survmod:VersatileOffense+1","survmod:Sprint+1","survmod:MarkedShot+1","survmod:FocusedFire+1","survmod:QuickDash","survmod:AcidArrow","survmod:SkillfulManeuver+1","survmod:DuckAndFlare","survmod:CloseCall","survmod:AcidTrap","survmod:MarkTrap+1","survmod:TwinShot+1","survmod:TwinShot","survmod:Marksmanship+1","survmod:TacticalManeuver","survmod:FlareBarrage+1","RitualDagger","survmod:CloseCombat","survmod:GoForFace+1","survmod:BatteringStrike"],"relics":["EVO:Axolotl","Ectoplasm","Blue Candle","PreservedInsect","Oddly Smooth Stone","RuthlessExorcism:ReiMu","Tiny House","PureWhite:ReiMu","Art of War","Black Star","FossilizedHelix"],"acts_visited":["Exordium","TheCity","TheBeyond"],"potions_floor_usage":[21,27,33,36],"damage_taken":[{"damage":0,"enemies":"Small Slimes","floor":1,"turns":3},{"damage":0,"enemies":"Jaw Worm","floor":4,"turns":3},{"damage":0,"enemies":"Cultist","floor":10,"turns":2},{"damage":0,"enemies":"Gremlin Nob","floor":11,"turns":3},{"damage":0,"enemies":"Blue Slaver","floor":13,"turns":2},{"damage":0,"enemies":"The Guardian","floor":16,"turns":7},{"damage":0,"enemies":"3 Byrds","floor":18,"turns":4},{"damage":4,"enemies":"Shell Parasite","floor":19,"turns":4},{"damage":0,"enemies":"Centurion and Healer","floor":21,"turns":5},{"damage":3,"enemies":"Snake Plant","floor":22,"turns":4},{"damage":10,"enemies":"Book of Stabbing","floor":27,"turns":5},{"damage":0,"enemies":"Cultist and Chosen","floor":29,"turns":6},{"damage":13,"enemies":"Automaton","floor":33,"turns":12},{"damage":14,"enemies":"3 Shapes","floor":35,"turns":5},{"damage":51,"enemies":"2 Orb Walkers","floor":36,"turns":6},{"damage":7,"enemies":"3 Darklings","floor":38,"turns":1}],"seed_played":"-2077258573377031361","potions_obtained":[{"floor":4,"key":"Ancient Potion"},{"floor":13,"key":"Dexterity Potion"},{"floor":17,"key":"GamblersBrew"},{"floor":18,"key":"LiquidMemories"},{"floor":22,"key":"Fire Potion"},{"floor":33,"key":"Explosive Potion"}],"is_trial":false,"path_per_floor":["M","?","?","M","?","R","$","R","T","M","E","R","M","T","R","B",null,"M","M","?","M","M","R","$","R","T","E","?","M","$","?","R","B",null,"M","?","?","M"],"character_chosen":"THE_SURVIVOR","items_purchased":[],"campfire_rested":0,"item_purchase_floors":[],"current_hp_per_floor":[55,55,55,55,55,55,55,55,55,55,55,55,55,55,55,55,60,60,56,56,56,53,53,53,53,53,43,70,70,70,64,64,51,70,56,5,5,0,0],"gold":24,"neow_bonus":"BOSS_RELIC","is_daily":false,"chose_seed":false,"campfire_upgraded":6,"win_rate":0.0,"timestamp":1612153333,"path_taken":["M","?","?","?","?","R","$","R","T","M","E","R","?","?","R","BOSS","M","M","?","?","M","R","$","R","T","E","?","M","?","?","R","BOSS","M","?","?","M"],"items_purchased_type":[],"build_version":"2020-12-22","purchased_purges":1,"victory":false,"max_hp_per_floor":[55,55,55,55,55,55,55,55,55,55,55,55,55,55,55,55,60,60,60,60,60,60,60,60,60,60,60,70,70,70,70,70,70,70,70,70,70,70,70],"card_choices":[{"not_picked":["survmod:PenetratingShot","survmod:TakeAim"],"picked":"survmod:MarkedShot","floor":1},{"not_picked":["survmod:SwiftKick","survmod:UnfortunateEscape"],"picked":"survmod:QuickDash","floor":4},{"not_picked":["survmod:Marksmanship","survmod:QuickThinking"],"picked":"survmod:AcidArrow","floor":10},{"not_picked":["survmod:ShrapnelTraps","survmod:TakeAim"],"picked":"survmod:SkillfulManeuver","floor":11},{"not_picked":["survmod:BearTrap","survmod:SurpriseTrap"],"picked":"survmod:DuckAndFlare","floor":13},{"not_picked":["survmod:ConcussiveShot","survmod:MercifulShot"],"picked":"survmod:CloseCall","floor":16},{"not_picked":["survmod:DuckAndFlare","survmod:Hawkeye"],"picked":"survmod:AcidTrap","floor":17},{"not_picked":["survmod:UnfortunateEscape","survmod:DuckAndFlare"],"picked":"survmod:MarkTrap+1","floor":18},{"not_picked":["survmod:FlashbangTrap","survmod:FindCover"],"picked":"survmod:TwinShot+1","floor":19},{"not_picked":["survmod:PersonalMark","survmod:MarkedForDeath"],"picked":"survmod:TwinShot","floor":21},{"not_picked":["survmod:BearTrap","survmod:FindCover"],"picked":"survmod:Marksmanship","floor":22},{"not_picked":["survmod:MarkedFromAfar","survmod:OverexertingShot"],"picked":"survmod:TacticalManeuver","floor":27},{"not_picked":["survmod:TakeAim","survmod:HiddenTactic"],"picked":"survmod:FlareBarrage","floor":29},{"not_picked":["survmod:PerfectPosition","survmod:Decoy"],"picked":"survmod:CloseCombat","floor":33},{"not_picked":["survmod:ShrapnelTraps+1","survmod:BearTrap"],"picked":"survmod:GoForFace+1","floor":35},{"not_picked":["survmod:SimpleMutation+1","survmod:SurpriseTrap+1"],"picked":"survmod:BatteringStrike","floor":36}],"player_experience":1168097,"relics_obtained":[{"floor":5,"key":"Blue Candle"},{"floor":9,"key":"PreservedInsect"},{"floor":11,"key":"Oddly Smooth Stone"},{"floor":14,"key":"RuthlessExorcism:ReiMu"},{"floor":26,"key":"PureWhite:ReiMu"},{"floor":27,"key":"Art of War"},{"floor":36,"key":"FossilizedHelix"}],"event_choices":[{"damage_healed":0,"gold_gain":175,"player_choice":"AGREE","damage_taken":0,"max_hp_gain":0,"max_hp_loss":0,"event_name":"Liars Game","floor":2,"gold_loss":0,"cards_obtained":["Doubt"]},{"damage_healed":0,"gold_gain":0,"player_choice":"1 cards matched","damage_taken":0,"max_hp_gain":0,"max_hp_loss":0,"event_name":"Match and Keep!","floor":3,"gold_loss":0,"cards_obtained":["survmod:FocusedFire"]},{"damage_healed":0,"gold_gain":0,"player_choice":"Relic","damage_taken":0,"max_hp_gain":0,"max_hp_loss":0,"event_name":"Wheel of Change","floor":5,"gold_loss":0},{"damage_healed":0,"gold_gain":0,"cards_transformed":["survmod:PinningSnipe"],"player_choice":"Transformed","damage_taken":0,"max_hp_gain":0,"max_hp_loss":0,"event_name":"Transmorgrifier","floor":20,"gold_loss":0,"cards_obtained":["survmod:Decoy"]},{"cards_removed":["survmod:Decoy"],"damage_healed":17,"gold_gain":0,"player_choice":"Offered Rare","damage_taken":0,"max_hp_gain":10,"max_hp_loss":0,"event_name":"Bonfire Elementals","floor":28,"gold_loss":0},{"damage_healed":0,"gold_gain":0,"player_choice":"Joined the Cult","damage_taken":6,"max_hp_gain":0,"max_hp_loss":0,"event_name":"Nest","floor":31,"gold_loss":0,"cards_obtained":["RitualDagger"]},{"damage_healed":0,"gold_gain":0,"player_choice":"Fight","damage_taken":0,"max_hp_gain":0,"max_hp_loss":0,"event_name":"Mysterious Sphere","floor":36,"gold_loss":0},{"cards_removed":["survmod:PinningSnipe"],"damage_healed":0,"gold_gain":0,"player_choice":"Removed Attack","damage_taken":0,"max_hp_gain":0,"max_hp_loss":0,"event_name":"Falling","floor":37,"gold_loss":0}],"is_beta":false,"boss_relics":[{"not_picked":["Sozu","Pandora\u0027s Box"],"picked":"Tiny House"},{"not_picked":["Cursed Key","RedLine:ReiMu"],"picked":"Black Star"}],"items_purged_floors":[7],"is_endless":false,"potions_floor_spawned":[4,13,18,22,33],"killed_by":"3 Darklings","ascension_level":0}}