{"host":"hpn0uxah5qjr7pa6","time":1612152063,"event":{"mods":["Act Like it!","Aspiration","BaseMod","Better Third Choice","BetterRewards","Challenge The Spire","Colored Powertips","Conspire","Downfall","Energized Spire","Hallownest","Hermit","Hubris","Infinite Spire","Minty Spire (QoL Compilation)","Permanent Neow","Quick Restart","Rare Cards Sparkle","Replay The Spire","Spicy Shops","StSLib","The Bug Knight","The Jungle"],"gold_per_floor":[119,134,11,11,11,11,11,27,100,100,115,115,135,150,150,150,150],"floor_reached":16,"language":"ENG","playtime":693,"items_purged":["Bash"],"score":97,"play_id":"808bd61f-33e5-4d0c-9b0a-aee93f962d83","local_time":"20210131200103","is_ascension_mode":true,"campfire_choices":[{"floor":6,"key":"REST"},{"data":"Flex","floor":12,"key":"SMITH"},{"data":"infinitespire:OneForAll","floor":15,"key":"SMITH"}],"circlet_count":0,"master_deck":["Strike_R","Strike_R","Strike_R","Strike_R","Strike_R","Defend_R","Defend_R","Defend_R","Defend_R","Shrug It Off","Flex+1","infinitespire:OneForAll+1"],"relics":["Burning Blood","HollowMod:PaleOreRelic","Pantograph","aspiration:BabyByrd","Frozen Egg 2"],"acts_visited":["Exordium"],"potions_floor_usage":[16,16],"damage_taken":[{"damage":7,"enemies":"Small Slimes","floor":1,"turns":4},{"damage":0,"enemies":"2 Louse","floor":2,"turns":3},{"damage":3,"enemies":"Jaw Worm","floor":8,"turns":4},{"damage":2,"enemies":"Large Slime","floor":11,"turns":5},{"damage":6,"enemies":"Exordium Wildlife","floor":13,"turns":4},{"damage":7,"enemies":"Blue Slaver","floor":14,"turns":3},{"damage":86,"enemies":"The Guardian","floor":16,"turns":20}],"seed_played":"2049623504737803364","potions_obtained":[{"floor":11,"key":"SpeedPotion"},{"floor":13,"key":"Guardian:BlockOnCardUsePotion"}],"is_trial":false,"path_per_floor":["M","M","$","?","$","R","?","M","T","$","M","R","M","M","R","B"],"character_chosen":"IRONCLAD","items_purchased":["Flex"],"campfire_rested":1,"item_purchase_floors":[3],"current_hp_per_floor":[79,80,80,55,55,79,79,80,80,80,80,80,80,79,79,0,0],"gold":150,"neow_bonus":"RANDOM_COMMON_RELIC","is_daily":false,"chose_seed":false,"campfire_upgraded":2,"win_rate":0.0,"timestamp":1612152063,"path_taken":["M","M","$","?","$","R","?","M","T","$","M","R","M","M","R","BOSS"],"items_purchased_type":["Card"],"build_version":"2020-12-22","purchased_purges":1,"victory":false,"max_hp_per_floor":[80,80,80,80,80,80,80,80,80,80,80,80,80,80,80,80,80],"card_choices":[{"not_picked":["ReplayTheSpireMod:LeadingStrike","Warcry"],"picked":"Shrug It Off","floor":1},{"not_picked":["Dropkick","Twin Strike","Uppercut"],"picked":"SKIP","floor":2},{"not_picked":["ReplayTheSpireMod:Strike From Hell","hubris:ReadiedAction","Searing Blow"],"picked":"SKIP","floor":8},{"not_picked":["Run Through","Rampage","hubris:ReadiedAction"],"picked":"SKIP","floor":11},{"not_picked":["Armaments","Evolve+1","Dual Wield"],"picked":"SKIP","floor":13},{"not_picked":["hubris:SharpeningStone","Thunderclap"],"picked":"infinitespire:OneForAll","floor":14}],"player_experience":147032,"relics_obtained":[{"floor":9,"key":"Frozen Egg 2"}],"event_choices":[{"damage_healed":0,"gold_gain":0,"player_choice":"Relic ","damage_taken":25,"max_hp_gain":0,"max_hp_loss":0,"event_name":"betterThird:BetterScrap","floor":4,"gold_loss":0,"cards_obtained":["Terror"]}],"is_beta":false,"boss_relics":[],"items_purged_floors":[3],"is_endless":false,"potions_floor_spawned":[11,13],"killed_by":"The Guardian","ascension_level":1}}