{"host":"q57ekfojy3i00x9o","time":1612192793,"event":{"mods":["Arknights","Aspiration","BaseMod","Colored Map","Energized Spire","Hermit","Minty Spire (QoL Compilation)","Quick Restart","Spicy Shops","Spikes Relics","StSLib","slay the spire mod where everything is the same but ironclad has a cowboy hat"],"gold_per_floor":[215,235,42,42,79,79,106,117,141,141,141,167,167,180,180,180,180],"floor_reached":16,"language":"RUS","playtime":442,"items_purged":[],"score":138,"play_id":"b8408c35-8131-4a77-876f-c1e2b15f67d7","local_time":"20210201201953","is_ascension_mode":true,"campfire_choices":[{"data":"ats:Closed Bolt Burst Fire","floor":6,"key":"SMITH"},{"data":"ats:Consecutive Shot Auto","floor":11,"key":"SMITH"},{"floor":13,"key":"REST"},{"data":"ats:Wolf Pack","floor":15,"key":"SMITH"}],"circlet_count":0,"master_deck":["ats:Strike C","ats:Strike G","ats:Strike S","ats:Strike V","ats:Armor Crushing Shot","ats:Defend","ats:Defend","ats:Defend","ats:Defend","ats:Emotion Absorption","ats:Closed Bolt Burst Fire+1","ats:Powerful Strike","ats:Hammer On","ats:Consecutive Shot Auto+1","ats:Blood Oath","ats:Apocalypse+1","ats:Wolf Pack+1","ats:Apocalypse"],"relics":["ats:Sanity","Toolbox","ats:Originium","InkBottle","aspiration:Lifesprig","Peace Pipe"],"acts_visited":["Exordium"],"potions_floor_usage":[4,12,16,16,16],"damage_taken":[{"damage":18,"enemies":"Jaw Worm","floor":1,"turns":4},{"damage":6,"enemies":"Cultist","floor":2,"turns":4},{"damage":0,"enemies":"2 Louse","floor":5,"turns":2},{"damage":10,"enemies":"Gremlin Nob","floor":7,"turns":3},{"damage":6,"enemies":"Exordium Wildlife","floor":8,"turns":3},{"damage":35,"enemies":"3 Sentries","floor":12,"turns":6},{"damage":0,"enemies":"3 Louse","floor":14,"turns":3},{"damage":69,"enemies":"The Guardian","floor":16,"turns":9}],"seed_played":"7320811110548718945","potions_obtained":[{"floor":4,"key":"Fruit Juice"},{"floor":4,"key":"FearPotion"},{"floor":4,"key":"PowerPotion"},{"floor":5,"key":"LiquidBronze"},{"floor":14,"key":"SpeedPotion"}],"is_trial":false,"path_per_floor":["M","M","$","?","M","R","E","M","T","?","R","E","R","M","R","B"],"character_chosen":"DOCTOR_CLASS","items_purchased":["Toolbox","ats:Hammer On"],"campfire_rested":1,"item_purchase_floors":[3,3],"current_hp_per_floor":[54,48,48,53,53,53,43,40,40,40,40,20,43,49,49,0,0],"gold":180,"neow_bonus":"HUNDRED_GOLD","is_daily":false,"chose_seed":false,"campfire_upgraded":3,"win_rate":0.0,"timestamp":1612192793,"path_taken":["M","M","$","?","?","R","E","M","T","?","R","E","R","M","R","BOSS"],"items_purchased_type":["Relic","Card"],"build_version":"2020-12-22","purchased_purges":0,"victory":false,"max_hp_per_floor":[72,72,72,77,77,77,77,77,77,77,77,77,77,77,77,77,77],"card_choices":[{"not_picked":["ats:Sashimi Platter","ats:Flexible Camouflage"],"picked":"ats:Closed Bolt Burst Fire","floor":1},{"not_picked":["ats:Ignite","ats:Revitalization"],"picked":"ats:Powerful Strike","floor":2},{"not_picked":["ats:Closed Bolt Burst Fire","ats:Blood Oath"],"picked":"ats:Consecutive Shot Auto","floor":5},{"not_picked":["ats:LN2 Cannon","ats:Counter Healing Mode"],"picked":"ats:Blood Oath","floor":7},{"not_picked":["ats:Curse Doll","ats:Composite Medical Shells"],"picked":"ats:Apocalypse","floor":8},{"not_picked":["ats:Ignite","ats:Soul Absorption"],"picked":"ats:Wolf Pack","floor":12},{"not_picked":["ats:Phantom","ats:Leaping Hammer"],"picked":"ats:Apocalypse","floor":14}],"player_experience":742336,"relics_obtained":[{"floor":7,"key":"ats:Originium"},{"floor":7,"key":"InkBottle"},{"floor":9,"key":"aspiration:Lifesprig"},{"floor":12,"key":"ats:Originium"},{"floor":12,"key":"Peace Pipe"}],"event_choices":[{"damage_healed":0,"gold_gain":0,"player_choice":"Got Potions","damage_taken":0,"max_hp_gain":0,"max_hp_loss":0,"event_name":"Lab","floor":4,"gold_loss":0},{"damage_healed":0,"gold_gain":0,"player_choice":"Grow","damage_taken":0,"max_hp_gain":0,"max_hp_loss":0,"event_name":"Living Wall","floor":10,"gold_loss":0,"cards_upgraded":["ats:Apocalypse"]}],"is_beta":false,"boss_relics":[],"items_purged_floors":[],"is_endless":false,"potions_floor_spawned":[5,7,14],"killed_by":"The Guardian","ascension_level":5}}