{"host":"rz8ryyppw1rffr47","time":1612211653,"event":{"mods":["BaseMod","BetterRewards","Downfall","Googly Eyes","Minty Spire (QoL Compilation)","Quick Restart","Replay The Spire","StSLib","everything is the same but u backflip on backflip","slay the spire mod where everything is the same but ironclad has a cowboy hat"],"gold_per_floor":[119,294,369,387,109,109,129,146,146,166,180,208,225,242,242,338,338,358,358,373,231,247,247,265,265,289,307,326,326,326,360,360,462,462,479,551,575,587,652,691,703,715,753,765,777,802,659,659,659,659],"floor_reached":51,"language":"ENG","playtime":2973,"items_purged":["Strike_G","Doubt","Strike_G","Defend_G"],"score":1206,"play_id":"b6cf10b0-e5da-4d75-a18f-fed585737b7a","local_time":"20210201203413","is_ascension_mode":false,"campfire_choices":[{"floor":6.0,"key":"REST"},{"floor":15.0,"key":"REST"},{"data":"Noxious Fumes","floor":23.0,"key":"SMITH"},{"data":"Replay:Bag of Tricks","floor":23.0,"key":"SMITH"},{"data":"Backflip","floor":25.0,"key":"SMITH"},{"data":"Distraction","floor":25.0,"key":"SMITH"},{"floor":30.0,"key":"REST"},{"data":"Prepared","floor":32.0,"key":"SMITH"},{"data":"Dodge and Roll","floor":32.0,"key":"SMITH"},{"floor":41.0,"key":"REST"},{"floor":44,"key":"REST"},{"floor":49,"key":"DIG"}],"circlet_count":0,"master_deck":["Strike_G","Strike_G","Defend_G","Defend_G","Defend_G","Survivor","Neutralize","Distraction+1","Poisoned Stab","Prepared+1","Replay:Bootleg Shield Generator","Noxious Fumes+1","ReplayTheSpireMod:Tripwire","Backflip+1","Dodge and Roll+1","Replay:Bag of Tricks+1","Backstab","Pot Of Greed","Pot Of Greed","Acrobatics","Venomology","Blur+1","Venomology+1","Pot Of Greed","Draining Mist+1","Distraction+1"],"relics":["Ring of the Snake","Snake Skull","Membership Card","Replay:Arrowhead","Tough Bandages","TwistedFunnel","ReplayFunnel","ReplayTheSpireMod:TigerMarble","Peace Pipe","Du-Vu Doll","Grinning Jar","Smiling Mask","Mirror","Gremlin Food","MawBank","Replay:Kaleidoscope","Paper Crane","Pet Ghost","ReplayTheSpireMod:Lightbulb","Pen Nib"],"acts_visited":["TheCity","TheBeyond"],"potions_floor_usage":[42,48,50,50,50,50],"damage_taken":[{"damage":0.0,"enemies":"2 Louse","floor":1.0,"turns":3.0},{"damage":0.0,"enemies":"Small Slimes","floor":4.0,"turns":5.0},{"damage":0.0,"enemies":"Jaw Worm","floor":7.0,"turns":2.0},{"damage":0.0,"enemies":"Red Slaver","floor":8.0,"turns":2.0},{"damage":2.0,"enemies":"Exordium Thugs","floor":10.0,"turns":5.0},{"damage":0.0,"enemies":"2 Fungi Beasts","floor":11.0,"turns":3.0},{"damage":8.0,"enemies":"Gremlin Nob","floor":12.0,"turns":3.0},{"damage":1.0,"enemies":"Looter","floor":13.0,"turns":3.0},{"damage":3.0,"enemies":"Large Slime","floor":14.0,"turns":7.0},{"damage":6.0,"enemies":"Fading Forest","floor":16.0,"turns":11.0},{"damage":10.0,"enemies":"Spheric Guardian","floor":18.0,"turns":5.0},{"damage":0.0,"enemies":"Shell Parasite","floor":20.0,"turns":3.0},{"damage":2.0,"enemies":"Snecko","floor":22.0,"turns":4.0},{"damage":1.0,"enemies":"Chosen and Byrds","floor":24.0,"turns":4.0},{"damage":9.0,"enemies":"3 Cultists","floor":27.0,"turns":4.0},{"damage":2.0,"enemies":"Snake Plant","floor":28.0,"turns":3.0},{"damage":1.0,"enemies":"Gremlin Leader","floor":31.0,"turns":7.0},{"damage":9.0,"enemies":"Pondfish","floor":33.0,"turns":11.0},{"damage":0.0,"enemies":"Orb Walker","floor":35.0,"turns":4.0},{"damage":0.0,"enemies":"3 Shapes","floor":37.0,"turns":3.0},{"damage":13.0,"enemies":"2 Orb Walkers","floor":39.0,"turns":5.0},{"damage":25.0,"enemies":"Nemesis","floor":40.0,"turns":9.0},{"damage":0,"enemies":"Reptomancer","floor":42,"turns":1},{"damage":0,"enemies":"Maw","floor":46,"turns":7},{"damage":0,"enemies":"Writhing Mass","floor":48,"turns":1},{"damage":26,"enemies":"Donu and Deca","floor":50,"turns":11}],"seed_played":"7315175007927740854","potions_obtained":[{"floor":4.0,"key":"BlessingOfTheForge"},{"floor":10.0,"key":"Energy Potion"},{"floor":11.0,"key":"Swift Potion"},{"floor":18.0,"key":"hexamod:SoulburnPotion"},{"floor":22.0,"key":"CultistPotion"},{"floor":27.0,"key":"Block Potion"},{"floor":33.0,"key":"Explosive Potion"},{"floor":37.0,"key":"Fruit Juice"}],"is_trial":false,"path_per_floor":["M","?","?","M","$","R","M","M","T","M","M","E","M","M","R","B",null,"M","?","M","$","M","R","M","R","T","M","M","T","R","E","R","B",null,"M","?","M","?","?","E","R","E","T","R","?","M","$","M","R","B",null],"character_chosen":"THE_SILENT","items_purchased":["Snake Skull","Membership Card","Replay:Arrowhead","Distraction","Poisoned Stab","Replay:Bootleg Shield Generator","TwistedFunnel","ReplayFunnel","ReplayTheSpireMod:TigerMarble","Grinning Jar","ReplayTheSpireMod:Lightbulb"],"campfire_rested":5,"item_purchase_floors":[0,0,0,0,0,0,5,5,5,21,47],"current_hp_per_floor":[44,44,33,33,33,54,54,54,54,52,52,44,43,40,61,70,70,60,60,60,60,58,58,57,57,57,48,46,46,67,66,66,57,70,70,53,53,53,45,20,42,42,42,64,64,64,64,64,64,38],"gold":659,"neow_bonus":"","is_daily":false,"chose_seed":false,"campfire_upgraded":6,"win_rate":0.0,"timestamp":1612211653,"path_taken":["M","?","?","M","$","R","M","M","T","M","M","E","M","M","R","BOSS","M","?","?","$","M","R","M","R","T","M","M","?","R","E","R","BOSS","M","?","M","?","?","E","R","E","T","R","?","?","$","M","R","BOSS"],"items_purchased_type":["Relic","Relic","Relic","Card","Card","Card","Relic","Relic","Relic","Relic","Relic"],"build_version":"2020-12-22","purchased_purges":4,"victory":true,"max_hp_per_floor":[70,70,70,70,70,70,70,70,70,70,70,70,70,70,70,70,70,70,70,70,70,70,70,70,70,70,70,70,70,70,70,70,70,70,70,70,70,70,75,75,75,75,75,75,75,75,75,75,75,75],"card_choices":[{"not_picked":["Fluid Movement","Deflect","Deadly Poison"],"picked":"SKIP","floor":1.0},{"not_picked":["Predator","Sucker Punch"],"picked":"Noxious Fumes","floor":4.0},{"not_picked":["Flying Knee","Blade Dance","Dagger Throw"],"picked":"SKIP","floor":7.0},{"not_picked":["Sucker Punch","Sneak Up"],"picked":"ReplayTheSpireMod:Tripwire","floor":8.0},{"not_picked":["Choke","Dodge and Roll"],"picked":"Backflip","floor":10.0},{"not_picked":["Bullet Time","Underhanded Strike","PiercingWail"],"picked":"SKIP","floor":11.0},{"not_picked":["Concentrate","PiercingWail","Cloak And Dagger"],"picked":"SKIP","floor":12.0},{"not_picked":["Poisoned Stab","Flying Knee"],"picked":"Dodge and Roll","floor":13.0},{"not_picked":["Poisoned Stab","ReplayTheSpireMod:Tripwire","Cloak And Dagger"],"picked":"SKIP","floor":14.0},{"not_picked":["Bullet Time","Malaise"],"picked":"Replay:Bag of Tricks","floor":16.0},{"not_picked":["Outmaneuver+1","ReplayTheSpireMod:Scrap Shanks","Deflect"],"picked":"SKIP","floor":18.0},{"not_picked":["Acrobatics","Sneak Up","Sucker Punch"],"picked":"SKIP","floor":20.0},{"not_picked":["Accuracy+1","Dagger Spray","Dodge and Roll"],"picked":"SKIP","floor":22.0},{"not_picked":["Underhanded Strike","Blade Dance","Dagger Spray"],"picked":"SKIP","floor":24.0},{"not_picked":["ReplayTheSpireMod:The Works+1","Dagger Throw"],"picked":"Acrobatics","floor":27.0},{"not_picked":["Dodge and Roll","Predator+1","Sucker Punch"],"picked":"SKIP","floor":28.0},{"not_picked":["Accuracy","Glass Knife","Outmaneuver"],"picked":"SKIP","floor":31.0},{"not_picked":["Wraith Form v2","Poison Darts"],"picked":"Venomology","floor":33.0},{"not_picked":["Leg Sweep","Blade Dance"],"picked":"Blur+1","floor":35.0},{"not_picked":["Bouncing Flask+1","Sucker Punch"],"picked":"Venomology","floor":37.0},{"not_picked":["Prepared+1","Dodge and Roll+1"],"picked":"Draining Mist","floor":39.0},{"not_picked":["ReplayTheSpireMod:The Works","Leg Sweep","Bouncing Flask"],"picked":"SKIP","floor":40.0},{"not_picked":["PiercingWail","Backflip+1"],"picked":"Distraction+1","floor":46}],"player_experience":396029,"relics_obtained":[{"floor":9.0,"key":"Peace Pipe"},{"floor":12.0,"key":"Du-Vu Doll"},{"floor":26.0,"key":"Smiling Mask"},{"floor":29.0,"key":"Mirror"},{"floor":31.0,"key":"Gremlin Food"},{"floor":36.0,"key":"MawBank"},{"floor":39.0,"key":"Replay:Kaleidoscope"},{"floor":40.0,"key":"Paper Crane"},{"floor":43,"key":"Pet Ghost"},{"floor":49,"key":"Pen Nib"}],"event_choices":[{"damage_healed":0.0,"max_hp_gain":0.0,"max_hp_loss":0.0,"gold_gain":175.0,"event_name":"Liars Game","player_choice":"AGREE","floor":2.0,"gold_loss":0.0,"damage_taken":0.0,"cards_obtained":["Doubt"]},{"damage_healed":0.0,"max_hp_gain":0.0,"max_hp_loss":0.0,"gold_gain":75.0,"event_name":"World of Goop","player_choice":"Gather Gold","floor":3.0,"gold_loss":0.0,"damage_taken":11.0},{"damage_healed":0.0,"max_hp_gain":0.0,"max_hp_loss":0.0,"gold_gain":0.0,"cards_transformed":["Defend_G"],"event_name":"Transmorgrifier","player_choice":"Transformed","floor":19.0,"gold_loss":0.0,"damage_taken":0.0,"cards_obtained":["Backstab"]},{"cards_removed":["Strike_G"],"damage_healed":0.0,"max_hp_gain":0.0,"max_hp_loss":0.0,"gold_gain":0.0,"event_name":"Falling","player_choice":"Removed Attack","floor":38.0,"gold_loss":0.0,"damage_taken":0.0},{"damage_healed":0.0,"max_hp_gain":0.0,"max_hp_loss":0.0,"gold_gain":0.0,"event_name":"Mysterious Sphere","player_choice":"Fight","floor":39.0,"gold_loss":0.0,"damage_taken":0.0},{"damage_healed":0,"gold_gain":0,"player_choice":"Ignored","damage_taken":0,"max_hp_gain":0,"max_hp_loss":0,"event_name":"SecretPortal","floor":45,"gold_loss":0}],"is_beta":false,"boss_relics":[{"not_picked":["Replay:Drink Me","Velvet Choker","Abe\u0027s Treasure"]},{"not_picked":["Replay:Bronze Core","Snecko Eye","Sozu"]}],"items_purged_floors":[0,5,21,47],"is_endless":false,"potions_floor_spawned":[4,10,11,18,22,27,33,37,42,46],"ascension_level":0}}