{"host":"29uuqgkzqd703i93","time":1612220072,"event":{"mods":["BaseMod","Minty Spire (QoL Compilation)"],"gold_per_floor":[110,36,111,76,89,122,122,132,155,165,180,21,21,38,38,38,38],"floor_reached":16,"language":"ENG","playtime":834,"items_purged":[],"score":102,"play_id":"27f24706-19a0-4308-beb0-15270d82ea84","local_time":"20210201235432","is_ascension_mode":false,"campfire_choices":[{"floor":7,"key":"REST"},{"floor":15,"key":"REST"}],"circlet_count":0,"master_deck":["Strike_R","Strike_R","Strike_R","Strike_R+1","Strike_R","Defend_R","Defend_R","Defend_R","Defend_R","Bash+1","Seeing Red","Reckless Charge","Power Through","Clothesline","Cleave","Twin Strike","Armaments","Madness","Whirlwind","Hemokinesis","Headbutt"],"relics":["Burning Blood","Whetstone","Dream Catcher","Pear"],"acts_visited":["Exordium"],"potions_floor_usage":[6,16,16],"damage_taken":[{"damage":1,"enemies":"Jaw Worm","floor":1,"turns":5},{"damage":0,"enemies":"Small Slimes","floor":5,"turns":3},{"damage":63,"enemies":"3 Sentries","floor":6,"turns":15},{"damage":0,"enemies":"2 Louse","floor":8,"turns":2},{"damage":32,"enemies":"Gremlin Gang","floor":10,"turns":4},{"damage":4,"enemies":"Exordium Thugs","floor":11,"turns":3},{"damage":3,"enemies":"Red Slaver","floor":14,"turns":4},{"damage":84,"enemies":"Hexaghost","floor":16,"turns":10}],"seed_played":"-6595610708570696653","potions_obtained":[{"floor":0,"key":"AttackPotion"},{"floor":0,"key":"PowerPotion"},{"floor":0,"key":"Regen Potion"},{"floor":6,"key":"Strength Potion"}],"is_trial":false,"path_per_floor":["M","$","?","?","M","E","R","M","T","M","M","$","?","M","R","B"],"character_chosen":"IRONCLAD","items_purchased":["Reckless Charge","Madness","Whirlwind"],"campfire_rested":2,"item_purchase_floors":[2,12,12],"current_hp_per_floor":[80,80,69,80,80,38,62,68,68,42,44,44,47,50,77,0,0],"gold":38,"neow_bonus":"THREE_SMALL_POTIONS","is_daily":false,"chose_seed":false,"campfire_upgraded":0,"win_rate":0.0,"timestamp":1612220072,"path_taken":["M","$","?","?","M","E","R","M","T","M","M","$","?","M","R","BOSS"],"items_purchased_type":["Card","Card","Card"],"build_version":"2020-12-22","purchased_purges":0,"victory":false,"max_hp_per_floor":[80,80,80,80,80,80,80,80,80,80,80,80,90,90,90,90,90],"card_choices":[{"not_picked":["Metallicize","Clash"],"picked":"Seeing Red","floor":1},{"not_picked":["Clash","Anger"],"picked":"Power Through","floor":5},{"not_picked":["Double Tap","Bloodletting"],"picked":"Clothesline","floor":6},{"not_picked":["Power Through","Perfected Strike"],"picked":"Cleave","floor":8},{"not_picked":["Fire Breathing","Infernal Blade"],"picked":"Twin Strike","floor":10},{"not_picked":["Flex","Wild Strike"],"picked":"Armaments","floor":11},{"not_picked":["Rampage","Twin Strike"],"picked":"Hemokinesis","floor":14},{"not_picked":["True Grit","Inflame"],"picked":"Headbutt","floor":15}],"player_experience":57176,"relics_obtained":[{"floor":6,"key":"Whetstone"},{"floor":9,"key":"Dream Catcher"}],"event_choices":[{"damage_healed":0,"gold_gain":75,"player_choice":"Gather Gold","damage_taken":11,"max_hp_gain":0,"max_hp_loss":0,"event_name":"World of Goop","floor":3,"gold_loss":0},{"damage_healed":20,"gold_gain":0,"player_choice":"Healed","damage_taken":0,"max_hp_gain":0,"max_hp_loss":0,"event_name":"The Cleric","floor":4,"gold_loss":35},{"damage_healed":0,"gold_gain":0,"player_choice":"Success","damage_taken":7,"relics_obtained":["Pear"],"max_hp_gain":0,"max_hp_loss":0,"event_name":"Scrap Ooze","floor":13,"gold_loss":0}],"is_beta":false,"boss_relics":[],"items_purged_floors":[],"is_endless":false,"potions_floor_spawned":[6,14],"killed_by":"Hexaghost","ascension_level":0}}