{"host":"7erghha4zaoybdup","time":1612194472,"event":{"mods":["2.2 Compatiblity","AchievementEnabler","Act Like it!","Astrologer","BaseMod","Better Third Choice","CapriCore","ChefMod","Chen","Colored Powertips","Conspire","Downfall","Friendly Minions","Gensokyo","GifTheSpireLib","Glutton Mod","Hermit","Hubris","Infinite Spire","Jorbs\u0027s Wanderer Trilogy","Lobotomy","LobotomyExtend","MarisaÅiñ∂âJÅ@ñÇóùçπÅj","Minty Spire (QoL Compilation)","Quick Restart","Random Character Button","ReimuÅiîé??öÎÅj","Reliquary","Shade Mod","Somnambulant","StSLib","The Administrix","The Alterego","The Bug Knight","The Clintock","The Cursed","The Disciple","The Dragon Tamer","The Fake Hero","The Gatherer","The Immortal","The Judge","The Marked","The Necromancer","The Poker Player","The Wild Card","TheBandit","Wandering Minibosses","Yakumo Yukari mod","Yuyuko","Åy?ï®?îvÅzREMEMod"],"gold_per_floor":[113,124,124,46,63,95,95,112,112,112,122,122,122,122,122,225,225,238,118,118,136,154,189,189,189,189,206,206,131,141,158,158,254,254,269,269,282,282,282],"floor_reached":38,"language":"ENG","playtime":2717,"items_purged":["downfall:Haunted","downfall:Haunted"],"score":396,"play_id":"86b49c7a-4b42-4fa0-bef7-69126bd45e62","local_time":"20210201094752","is_ascension_mode":false,"campfire_choices":[{"data":"Chen:Nimbleness","floor":7,"key":"SMITH"},{"data":"Chen:Assault","floor":13,"key":"SMITH"},{"floor":15,"key":"REST"},{"floor":25,"key":"REST"},{"floor":32,"key":"REST"}],"circlet_count":0,"master_deck":["Chen:Strike","Chen:Strike","Chen:Strike","Chen:Strike","Chen:Strike","Chen:Defend","Chen:Defend","Chen:Defend","Chen:Defend","Chen:PounceTurnTail","Chen:GlitterPoke","Chen:Assault+1","Chen:Fadeout","Chen:Nimbleness+1","Chen:Fadeout","Chen:ShikigamiForm","Chen:Instinct","downfall:Haunted","Doubt","Chen:ShikigamiForm","Chen:SurpriseAttack","Chen:Lacerate","Chen:Recuperate+1","Chen:FollowUp","Chen:Stability","Chen:Sidestep+1","Chen:Possession","Chen:ResistTemptation+1","Chen:Panic"],"relics":["Chen:Catnip","REME_ComplimentaryCards","LetterFromLob","Gensokyo:Justice","conspire:Dentures","conspire:Boomerang","Peace Pipe","reliquary:Craggleroot","Gensokyo:DemonMask","Du-Vu Doll","reliquary:WritOfMandamus","reliquary:BrokenClock"],"acts_visited":["Exordium","Gensokyo:Gensokyo","Gensokyo:Gensokyoer"],"potions_floor_usage":[16,23,23,27,33,38,38],"damage_taken":[{"damage":11,"enemies":"Gensokyo:Python","floor":1,"turns":3},{"damage":0,"enemies":"Gensokyo:2_Kodama","floor":2,"turns":3},{"damage":0,"enemies":"Gensokyo:3_Fairies","floor":5,"turns":3},{"damage":6,"enemies":"Gensokyo:Cirno","floor":6,"turns":5},{"damage":0,"enemies":"Gensokyo:Kitsune","floor":8,"turns":2},{"damage":9,"enemies":"Gensokyo:Gryphon_and_Rabbit","floor":11,"turns":3},{"damage":17,"enemies":"Gensokyo:Reimu","floor":16,"turns":7},{"damage":17,"enemies":"Gensokyo:CosmicMonolith","floor":18,"turns":2},{"damage":20,"enemies":"Gensokyo:Chomper","floor":21,"turns":5},{"damage":0,"enemies":"Gensokyo:Swordslinger","floor":22,"turns":4},{"damage":30,"enemies":"Gensokyo:Tenshi","floor":23,"turns":4},{"damage":18,"enemies":"Gensokyo:3_Gloops","floor":27,"turns":4},{"damage":23,"enemies":"Gensokyo:Slime_Group","floor":30,"turns":3},{"damage":5,"enemies":"Gensokyo:Wraith","floor":31,"turns":3},{"damage":34,"enemies":"Gensokyo:Eternal_Rivals","floor":33,"turns":7},{"damage":6,"enemies":"Gensokyo:3_Bats","floor":35,"turns":4},{"damage":59,"enemies":"Gensokyo:3_Boulders","floor":37,"turns":5},{"damage":11,"enemies":"Gensokyo:Sharpion","floor":38,"turns":4}],"seed_played":"-4539537433178614756","potions_obtained":[{"floor":1,"key":"MagicPotion:ReiMu"},{"floor":2,"key":"Energy Potion"},{"floor":8,"key":"hexamod:SoulburnPotion"},{"floor":11,"key":"champ:CounterPotion"},{"floor":21,"key":"champ:CounterPotion"},{"floor":31,"key":"Strength Potion"},{"floor":33,"key":"hexamod:SoulburnPotion"},{"floor":35,"key":"EssenceOfSteel"},{"floor":37,"key":"DuplicationPotion"}],"is_trial":false,"path_per_floor":["M","M","?","COS","M","E","R","M","T","$","M","E","R","?","R","B",null,"M","?","?","M","M","E","?","R","T","M","?","$","M","M","R","B",null,"M","AVR","M","M"],"character_chosen":"CHEN","items_purchased":[],"campfire_rested":3,"item_purchase_floors":[],"current_hp_per_floor":[59,59,59,59,59,53,53,53,53,53,44,44,44,44,65,48,70,53,53,58,38,38,8,8,30,30,12,42,42,19,14,36,2,75,69,69,10,0,0],"gold":282,"neow_bonus":"ONE_RANDOM_RARE_CARD","is_daily":false,"chose_seed":false,"campfire_upgraded":2,"win_rate":0.0,"timestamp":1612194472,"path_taken":["M","?","?","COS","M","E","R","M","T","$","M","E","R","?","R","BOSS","M","?","?","M","M","E","?","R","T","?","?","?","M","M","R","BOSS","M","AVR","M","?"],"items_purchased_type":[],"build_version":"2020-12-22","purchased_purges":2,"victory":false,"max_hp_per_floor":[70,70,70,70,70,70,70,70,70,70,70,70,70,70,70,70,70,70,70,75,75,75,75,75,75,75,75,75,75,75,75,75,75,75,75,75,75,75,75],"card_choices":[{"not_picked":["Chen:Recuperate","Chen:ResistTemptation"],"picked":"Chen:Assault","floor":1},{"not_picked":["Chen:SelfControl","Chen:Sneak"],"picked":"Chen:Fadeout","floor":2},{"not_picked":["Chen:BlueOniRedOni","Chen:Shot","Chen:SelfControl"],"picked":"SKIP","floor":5},{"not_picked":["Chen:Scratch","Chen:CatPunch"],"picked":"Chen:Nimbleness","floor":6},{"not_picked":["Chen:EmergencyEscape","Chen:PentagramFlight","Chen:Sidestep"],"picked":"SKIP","floor":8},{"not_picked":["Chen:Sweep","Chen:Sidestep","Chen:Tear"],"picked":"SKIP","floor":11},{"not_picked":["Chen:Possession","Chen:Afterimages"],"picked":"Chen:ShikigamiForm","floor":16},{"not_picked":["Chen:SurpriseAttack","Chen:Sneak+1"],"picked":"Chen:Instinct","floor":18},{"not_picked":["Chen:Spray+1","Chen:Impale"],"picked":"Chen:SurpriseAttack","floor":21},{"not_picked":["Chen:RecklessLeap","Chen:Adaptability"],"picked":"Chen:Lacerate","floor":22},{"not_picked":["Chen:RecklessLeap+1","Chen:Sidestep"],"picked":"Chen:Recuperate+1","floor":23},{"not_picked":["Chen:Tear","Chen:PentagramFlight"],"picked":"Chen:FollowUp","floor":27},{"not_picked":["Chen:Recuperate","Chen:Barrier"],"picked":"Chen:Stability","floor":30},{"not_picked":["Chen:FollowUp","Chen:SelfControl"],"picked":"Chen:Sidestep+1","floor":31},{"not_picked":["Chen:WhateverWorks","Chen:DazzleFlash"],"picked":"Chen:Possession","floor":33},{"not_picked":["Chen:Knockout","Chen:Salvo"],"picked":"Chen:ResistTemptation+1","floor":35},{"not_picked":["Chen:Knockout+1","Chen:SelfConfidence"],"picked":"Chen:Panic","floor":37}],"player_experience":283567,"relics_obtained":[{"floor":1,"key":"LetterFromLob"},{"floor":6,"key":"conspire:Dentures"},{"floor":9,"key":"conspire:Boomerang"},{"floor":23,"key":"HollowMod:LifeEnderRelic"}],"event_choices":[],"is_beta":false,"boss_relics":[{"not_picked":["Coffee Dripper","SacredBark"],"picked":"reliquary:Craggleroot"},{"not_picked":["conspire:SpecialSausage","Runic Dome"],"picked":"reliquary:WritOfMandamus"}],"items_purged_floors":[29,36],"is_endless":false,"potions_floor_spawned":[1,2,8,11,21,22,31,33,35,37],"killed_by":"Gensokyo:Sharpion","ascension_level":0}}