{"host":"klrvvo16pazy794l","time":1612161183,"event":{"mods":["BaseMod","Minty Spire (QoL Compilation)"],"gold_per_floor":[113,132,132,142,142,142,167,181,181,213,41,70,70,80,80,178,178,190,190,36,51,51,51,69,144,144,157,170,170,170,504,504,504,504],"floor_reached":33,"language":"ENG","playtime":2201,"items_purged":["Strike_R"],"score":314,"play_id":"5b632eb3-cf8e-4cfe-b890-c59d6f2ae731","local_time":"20210201003303","is_ascension_mode":true,"campfire_choices":[{"data":"Bash","floor":6,"key":"SMITH"},{"data":"Metallicize","floor":13,"key":"SMITH"},{"floor":15,"key":"REST"},{"data":"Dual Wield","floor":23,"key":"SMITH"},{"floor":30,"key":"REST"},{"floor":32,"key":"REST"}],"circlet_count":0,"master_deck":["Strike_R+1","Strike_R+1","Strike_R+1","Defend_R+1","Defend_R+1","Defend_R+1","Bash+1","Headbutt","Flex+1","Heavy Blade","Shrug It Off","Headbutt+1","Metallicize+1","Warcry","Immolate+1","CurseOfTheBell","Dropkick+1","Warcry","Dual Wield+1","Flame Barrier+1","Rage"],"relics":["Burning Blood","NeowsBlessing","Mercury Hourglass","Molten Egg 2","Blue Candle","Oddly Smooth Stone","Calling Bell","Red Skull","Shuriken","Dead Branch","Nunchaku","Kunai","Old Coin"],"acts_visited":["Exordium","TheCity"],"potions_floor_usage":[10,12,28,33,33,33],"damage_taken":[{"damage":0,"enemies":"2 Louse","floor":1,"turns":1},{"damage":0,"enemies":"Cultist","floor":2,"turns":1},{"damage":0,"enemies":"Jaw Worm","floor":4,"turns":1},{"damage":35,"enemies":"3 Sentries","floor":7,"turns":8},{"damage":7,"enemies":"Looter","floor":8,"turns":3},{"damage":18,"enemies":"Lagavulin","floor":10,"turns":3},{"damage":14,"enemies":"Gremlin Nob","floor":12,"turns":3},{"damage":11,"enemies":"Gremlin Gang","floor":14,"turns":3},{"damage":47,"enemies":"The Guardian","floor":16,"turns":9},{"damage":3,"enemies":"Spheric Guardian","floor":18,"turns":3},{"damage":26,"enemies":"2 Thieves","floor":21,"turns":4},{"damage":36,"enemies":"Cultist and Chosen","floor":24,"turns":7},{"damage":2,"enemies":"Snake Plant","floor":27,"turns":3},{"damage":22,"enemies":"Sentry and Sphere","floor":28,"turns":5},{"damage":28,"enemies":"Gremlin Leader","floor":31,"turns":7},{"damage":42,"enemies":"Champ","floor":33,"turns":6}],"seed_played":"2392199829699450271","potions_obtained":[{"floor":2,"key":"ColorlessPotion"},{"floor":8,"key":"GamblersBrew"},{"floor":16,"key":"SteroidPotion"},{"floor":24,"key":"ElixirPotion"},{"floor":28,"key":"Strength Potion"},{"floor":31,"key":"FearPotion"}],"is_trial":false,"path_per_floor":["M","M","?","M","?","R","E","M","T","E","$","E","R","M","R","B",null,"M","?","$","M","?","R","M","?","T","M","M","?","R","E","R","B"],"character_chosen":"IRONCLAD","items_purchased":["CultistPotion","Nunchaku"],"campfire_rested":3,"item_purchase_floors":[11,20],"current_hp_per_floor":[80,80,80,80,80,80,51,50,50,38,38,30,30,25,49,8,80,80,80,80,60,60,60,30,22,22,26,10,10,34,12,36,0,0],"gold":504,"neow_bonus":"THREE_ENEMY_KILL","is_daily":false,"chose_seed":false,"campfire_upgraded":3,"win_rate":0.0,"timestamp":1612161183,"path_taken":["M","M","?","?","?","R","E","M","T","E","?","E","R","M","R","BOSS","M","?","$","M","?","R","M","?","T","?","M","?","R","E","R","BOSS"],"items_purchased_type":["Potion","Relic"],"build_version":"2020-12-22","purchased_purges":1,"victory":false,"max_hp_per_floor":[80,80,80,80,80,80,80,80,80,80,80,80,80,80,80,80,80,80,80,80,80,80,80,80,80,80,80,80,80,80,80,80,80,80],"card_choices":[{"not_picked":["Clash","Wild Strike"],"picked":"Inflame","floor":1},{"not_picked":["Anger","Perfected Strike"],"picked":"Headbutt","floor":2},{"not_picked":["Ghostly Armor","Headbutt"],"picked":"Flex","floor":4},{"not_picked":["Flame Barrier","Dropkick"],"picked":"Heavy Blade","floor":7},{"not_picked":["Sword Boomerang","Twin Strike"],"picked":"Shrug It Off","floor":8},{"not_picked":["Dual Wield","Evolve"],"picked":"Headbutt+1","floor":10},{"not_picked":["Juggernaut","Havoc"],"picked":"Metallicize","floor":12},{"not_picked":["Anger+1","Disarm"],"picked":"Warcry","floor":14},{"not_picked":["Reaper+1","Berserk"],"picked":"Immolate+1","floor":16},{"not_picked":["Entrench","Warcry","Havoc"],"picked":"SKIP","floor":18},{"not_picked":["Warcry+1","Havoc+1"],"picked":"Dual Wield","floor":21},{"not_picked":["Perfected Strike+1","Second Wind","Heavy Blade+1"],"picked":"SKIP","floor":24},{"not_picked":["Spot Weakness","Metallicize"],"picked":"Flame Barrier+1","floor":27},{"not_picked":["Combust","Rupture+1","Body Slam+1"],"picked":"SKIP","floor":28},{"not_picked":["Ghostly Armor+1","Intimidate"],"picked":"Rage","floor":31}],"player_experience":484397,"relics_obtained":[{"floor":7,"key":"Mercury Hourglass"},{"floor":9,"key":"Molten Egg 2"},{"floor":10,"key":"Blue Candle"},{"floor":12,"key":"Oddly Smooth Stone"},{"floor":17,"key":"Red Skull"},{"floor":17,"key":"Shuriken"},{"floor":17,"key":"Dead Branch"},{"floor":26,"key":"Kunai"},{"floor":31,"key":"Old Coin"}],"event_choices":[{"cards_removed":["Inflame"],"damage_healed":0,"gold_gain":0,"player_choice":"Offered Uncommon","damage_taken":0,"max_hp_gain":0,"max_hp_loss":0,"event_name":"Bonfire Elementals","floor":3,"gold_loss":0},{"damage_healed":0,"gold_gain":0,"player_choice":"Upgraded","damage_taken":0,"max_hp_gain":0,"max_hp_loss":0,"event_name":"Upgrade Shrine","floor":5,"gold_loss":0,"cards_upgraded":["Flex"]},{"damage_healed":0,"gold_gain":0,"cards_transformed":["Defend_R","Strike_R"],"player_choice":"Became Test Subject","damage_taken":0,"max_hp_gain":0,"max_hp_loss":0,"event_name":"Drug Dealer","floor":19,"gold_loss":0,"cards_obtained":["Dropkick","Warcry"]},{"damage_healed":0,"gold_gain":0,"player_choice":"Simplicity","damage_taken":0,"max_hp_gain":0,"max_hp_loss":0,"event_name":"Back to Basics","floor":22,"gold_loss":0,"cards_upgraded":["Strike_R","Strike_R","Strike_R","Defend_R","Defend_R","Defend_R"]},{"damage_healed":0,"gold_gain":75,"player_choice":"Touch","damage_taken":8,"max_hp_gain":0,"max_hp_loss":0,"event_name":"FaceTrader","floor":25,"gold_loss":0},{"damage_healed":0,"gold_gain":0,"player_choice":"Ignored","damage_taken":0,"max_hp_gain":0,"max_hp_loss":0,"event_name":"Duplicator","floor":29,"gold_loss":0}],"is_beta":false,"boss_relics":[{"not_picked":["Astrolabe","SacredBark"],"picked":"Calling Bell"}],"items_purged_floors":[11],"is_endless":false,"potions_floor_spawned":[2,8,16,24,28,31],"killed_by":"Champ","ascension_level":2}}