{"host":"zlolxa879v8f5dwy","time":1612179352,"event":{"mods":["AchievementEnabler","BaseMod","Downfall","Friendly Minions","Hermit","Hubris","Jorbs\u0027s Wanderer Trilogy","Kiyohime????","Koishi","Marisa????????","Minty Spire (QoL Compilation)","Remilia??????","StSLib","The Animator","The Cursed","The Disciple","The Hierophant","The Servant 0.9.4"],"gold_per_floor":[113,113,124,139,155,155,187,187,210,210,210,210,228,242,242,367,367,390,390,390,411,411,411],"floor_reached":22,"language":"ENG","playtime":1713,"items_purged":[],"score":186,"play_id":"180c9c01-93c5-4cac-8daf-d0be0ba8b1cf","local_time":"20210201123552","is_ascension_mode":false,"campfire_choices":[{"floor":6.0,"key":"RECALL"},{"floor":8.0,"key":"REST"},{"data":"hermit:Headshot","floor":10.0,"key":"SMITH"},{"floor":15.0,"key":"REST"}],"circlet_count":0,"master_deck":["hermit:Strike_Hermit","hermit:Strike_Hermit","hermit:Strike_Hermit","hermit:Defend_Hermit","hermit:Defend_Hermit","hermit:Defend_Hermit","hermit:Snapshot","hermit:Covet","hermit:ItchyTrigger","hermit:BodyArmor","hermit:CalledShot","hermit:Headshot+1","hermit:Dive","hermit:HighNoon","hermit:SprayPray","hermit:FinalCanter","hermit:TrackingShot+1","hermit:CalledShot","hermit:DeadMansHand","hermit:FinalCanter","hermit:FullyLoaded"],"relics":["hermit:Momento","NeowsBlessing","PreservedInsect","hubris:PeanutButter","Regal Pillow","Golden Idol","hubris:Backtick","Ice Cream"],"acts_visited":["Exordium","TheCity"],"potions_floor_usage":[22],"damage_taken":[{"damage":0.0,"enemies":"Cultist","floor":1.0,"turns":1.0},{"damage":0.0,"enemies":"2 Louse","floor":3.0,"turns":1.0},{"damage":0.0,"enemies":"Jaw Worm","floor":4.0,"turns":1.0},{"damage":4.0,"enemies":"Gremlin Gang","floor":5.0,"turns":6.0},{"damage":25.0,"enemies":"Lagavulin","floor":7.0,"turns":5.0},{"damage":6.0,"enemies":"Large Slime","floor":13.0,"turns":5.0},{"damage":19.0,"enemies":"Lots of Slimes","floor":14.0,"turns":6.0},{"damage":57.0,"enemies":"Hexaghost","floor":16.0,"turns":12.0},{"damage":12,"enemies":"Chosen","floor":18,"turns":6},{"damage":28,"enemies":"2 Thieves","floor":21,"turns":4},{"damage":39,"enemies":"Sentry and Sphere","floor":22,"turns":5}],"seed_played":"-9020558406524698009","potions_obtained":[{"floor":1.0,"key":"DuplicationPotion"},{"floor":3.0,"key":"Energy Potion"},{"floor":7.0,"key":"PowerPotion"},{"floor":16.0,"key":"Strength Potion"},{"floor":21,"key":"SpeedPotion"}],"is_trial":false,"path_per_floor":["M","?","M","M","M","R","E","R","T","R","?","?","M","M","R","B",null,"M","?","?","M","M"],"character_chosen":"HERMIT","items_purchased":[],"campfire_rested":2,"item_purchase_floors":[],"current_hp_per_floor":[75,75,75,75,71,71,46,68,68,68,50,50,44,25,62,5,75,63,63,63,35,0,0],"gold":411,"neow_bonus":"THREE_ENEMY_KILL","is_daily":false,"chose_seed":false,"campfire_upgraded":1,"win_rate":0.0,"timestamp":1612179352,"path_taken":["M","?","M","?","M","R","E","R","T","R","?","?","M","?","R","BOSS","M","?","?","?","M"],"items_purchased_type":[],"build_version":"2020-12-22","purchased_purges":0,"victory":false,"max_hp_per_floor":[75,75,75,75,75,75,75,75,75,75,75,75,75,75,75,75,75,75,75,75,75,75,75],"card_choices":[{"not_picked":["hermit:SprayPray","hermit:Dive"],"picked":"hermit:ItchyTrigger","floor":1.0},{"not_picked":["hermit:Headshot","hermit:CalledShot"],"picked":"hermit:BodyArmor","floor":3.0},{"not_picked":["hermit:HighCaliber","hermit:LoneWolf"],"picked":"hermit:CalledShot","floor":4.0},{"not_picked":["hermit:Feint","hermit:HoleUp"],"picked":"hermit:Headshot","floor":5.0},{"not_picked":["hermit:Manifest","hermit:HoleUp"],"picked":"hermit:Dive","floor":7.0},{"not_picked":["hermit:TakeAim","hermit:SprayPray"],"picked":"hermit:HighNoon","floor":13.0},{"not_picked":["hermit:CalledShot","hermit:Dive"],"picked":"hermit:SprayPray","floor":14.0},{"not_picked":["hermit:BlackWind","hermit:Roughhouse"],"picked":"hermit:FinalCanter","floor":16.0},{"not_picked":["hermit:Snipe+1","hermit:Misfire"],"picked":"hermit:TrackingShot+1","floor":18},{"not_picked":["hermit:Feint","hermit:Misfire"],"picked":"hermit:FullyLoaded","floor":21}],"player_experience":158607,"relics_obtained":[{"floor":7.0,"key":"hubris:PeanutButter"},{"floor":9.0,"key":"Regal Pillow"}],"event_choices":[{"damage_healed":0.0,"max_hp_gain":0.0,"max_hp_loss":0.0,"gold_gain":0.0,"event_name":"WeMeetAgain","player_choice":"Gave Potion","floor":2.0,"gold_loss":0.0,"damage_taken":0.0,"relics_obtained":["PreservedInsect"]},{"damage_healed":0.0,"max_hp_gain":0.0,"max_hp_loss":0.0,"gold_gain":0.0,"event_name":"Golden Idol","player_choice":"Take Damage","floor":11.0,"gold_loss":0.0,"damage_taken":18.0,"relics_obtained":["Golden Idol"]},{"cards_removed":["Iron Wave"],"damage_healed":0.0,"max_hp_gain":0.0,"max_hp_loss":0.0,"gold_gain":0.0,"event_name":"NoteForYourself","player_choice":"Took Card","floor":12.0,"gold_loss":0.0,"damage_taken":0.0,"cards_obtained":["Iron Wave"]},{"damage_healed":0,"gold_gain":0,"cards_transformed":["hermit:Defend_Hermit","hermit:Strike_Hermit"],"player_choice":"Became Test Subject","damage_taken":0,"max_hp_gain":0,"max_hp_loss":0,"event_name":"Drug Dealer","floor":19,"gold_loss":0,"cards_obtained":["hermit:CalledShot","hermit:DeadMansHand"]},{"damage_healed":0,"gold_gain":0,"player_choice":"Copied","damage_taken":0,"max_hp_gain":0,"max_hp_loss":0,"event_name":"Duplicator","floor":20,"gold_loss":0,"cards_obtained":["hermit:FinalCanter"]}],"is_beta":false,"boss_relics":[{"not_picked":["hubris:ScarierMask","Velvet Choker"],"picked":"hubris:Backtick"}],"items_purged_floors":[],"is_endless":false,"potions_floor_spawned":[1,3,7,16,21],"killed_by":"Sentry and Sphere","ascension_level":0}}