{"host":"6rz02yiipefhcw4r","time":1612198093,"event":{"mods":["2.2 Compatiblity","Arknights","BaseMod","Better Match","Better Third Choice","Better Vampires","BetterRewards","Block Reminder","Colored Map","Curses Come First","DeckTracker","Googly Eyes","Hubris","Minty Spire (QoL Compilation)","Quick Restart","Rare Cards Sparkle","Reliquary","Replay The Spire","Shade Mod","Spicy Shops","StSLib","The Bladedancer","The Cursed","The Marked","The Necromancer","The Runesmith"],"gold_per_floor":[119,119,133,148,164,198,213,213,213,213,256,275,275,310,310,406,406,386,71,91,91,109,109,149,164,164,164,164,179,179,191,191,268,268,286,25,25,25,41,41,41,41,68,100,14,48,48,64,64,64,64],"floor_reached":52,"language":"ENG","playtime":3018,"items_purged":["hubris:Gluttony","Strike_R"],"score":2125,"play_id":"27ce5772-f05c-4d12-8429-d83ed945038a","local_time":"20210201144813","is_ascension_mode":true,"campfire_choices":[{"floor":10,"key":"REST"},{"data":"Whirlwind","floor":15,"key":"SMITH"},{"data":"Barricade","floor":23,"key":"SMITH"},{"data":"Abandon","floor":32,"key":"SMITH"},{"data":"Demonic Infusion","floor":40,"key":"SMITH"},{"data":"True Grit","floor":42,"key":"SMITH"},{"data":"ReplayTheSpireMod:Muscle Training","floor":49,"key":"SMITH"}],"circlet_count":0,"master_deck":["AscendersBane","Strike_R","Strike_R","Defend_R","Defend_R","Defend_R","Defend_R","Bash","hubris:EnhanceAbility+1","Run Through","Clothesline","Whirlwind+1","Shrug It Off","Replay:Many Hands","Shockwave+1","Pommel Strike","Barricade+1","Spot Weakness+1","Shrug It Off","Shrug It Off","Life Link","Body Slam+1","Metallicize+1","Abandon+1","ReplayTheSpireMod:Muscle Training+1","True Grit+1","Demonic Infusion+1","Defy Death+1","hubris:EnhanceAbility+1","Dropkick","Battle Trance","Spot Weakness","Feel No Pain"],"relics":["Black Blood","Thread and Needle","Bloody Idol","reliquary:Knoch","Replay:Kaleidoscope","Mummified Hand","reliquary:RedCape","ReplayTheSpireMod:CursedCoin","hubris:IronBody","Runesmith:AutoHammer","Pocketwatch","Chemical X","Pondfish Scales","reliquary:ExpiredCoupon"],"acts_visited":["Exordium","TheCity","TheBeyond"],"potions_floor_usage":[5,14,16,29,39,44,46],"damage_taken":[{"damage":7,"enemies":"Cultist","floor":1,"turns":4},{"damage":3,"enemies":"Small Slimes","floor":3,"turns":4},{"damage":14,"enemies":"2 Louse","floor":4,"turns":2},{"damage":0,"enemies":"Exordium Thugs","floor":5,"turns":3},{"damage":24,"enemies":"Gremlin Nob","floor":6,"turns":5},{"damage":2,"enemies":"3 Louse","floor":7,"turns":3},{"damage":25,"enemies":"Lagavulin","floor":11,"turns":7},{"damage":0,"enemies":"2 Fungi Beasts","floor":12,"turns":5},{"damage":17,"enemies":"3 Sentries","floor":14,"turns":9},{"damage":43,"enemies":"Fading Forest","floor":16,"turns":13},{"damage":5,"enemies":"2 Thieves","floor":18,"turns":4},{"damage":0,"enemies":"Chosen","floor":20,"turns":6},{"damage":0,"enemies":"Snake Plant","floor":22,"turns":4},{"damage":20,"enemies":"Replay:Snechameleon","floor":24,"turns":5},{"damage":28,"enemies":"Shelled Parasite and Fungi","floor":25,"turns":6},{"damage":0,"enemies":"Cultist and Chosen","floor":29,"turns":6},{"damage":4,"enemies":"Centurion and Healer","floor":31,"turns":5},{"damage":2,"enemies":"Champ","floor":33,"turns":11},{"damage":0,"enemies":"3 Shapes","floor":35,"turns":7},{"damage":0,"enemies":"3 Darklings","floor":39,"turns":5},{"damage":26,"enemies":"Reptomancer","floor":44,"turns":7},{"damage":0,"enemies":"Giant Head","floor":46,"turns":7},{"damage":0,"enemies":"Maw","floor":48,"turns":7},{"damage":0,"enemies":"hubris:GrandSnecko","floor":50,"turns":14},{"damage":11,"enemies":"Time Eater","floor":51,"turns":9}],"seed_played":"8652950489520156956","potions_obtained":[{"floor":4,"key":"DistilledChaos"},{"floor":6,"key":"Elixir"},{"floor":11,"key":"Swift Potion"},{"floor":16,"key":"BloodPotion"},{"floor":22,"key":"Fire Potion"},{"floor":31,"key":"SmokeBomb"},{"floor":33,"key":"Block Potion"},{"floor":39,"key":"Fire Potion"},{"floor":44,"key":"ColorlessPotion"}],"is_trial":false,"path_per_floor":["M","?","M","M","M","E","M","?","T","R","E","M","?","E","R","B",null,"M","$","M","?","M","R","E","M","T","?","?","M","?","M","R","B",null,"M","$","?","$","M","R","?","R","T","E","$","E","?","M","R","B","B",null],"character_chosen":"IRONCLAD","items_purchased":["ReplayTheSpireMod:CursedCoin","hubris:IronBody","Shrug It Off","Life Link","Chemical X","Spot Weakness"],"campfire_rested":1,"item_purchase_floors":[19,19,19,19,36,45],"current_hp_per_floor":[49,49,52,44,50,32,36,36,36,56,37,43,48,37,37,14,58,59,59,65,65,71,71,57,35,35,35,35,46,46,53,53,62,70,73,73,73,73,73,73,73,73,73,64,64,73,69,69,69,69,69],"gold":64,"neow_bonus":"RANDOM_COLORLESS_2","is_daily":false,"chose_seed":false,"campfire_upgraded":6,"win_rate":0.0,"timestamp":1612198093,"path_taken":["M","?","M","M","?","E","M","?","T","R","E","M","?","E","R","BOSS","M","$","M","?","M","R","E","M","T","?","?","M","?","?","R","BOSS","M","$","?","?","M","R","?","R","T","E","?","E","?","M","R","BOSS","BOSS"],"items_purchased_type":["Relic","Relic","Card","Card","Relic","Card"],"build_version":"2020-12-22","purchased_purges":2,"victory":true,"max_hp_per_floor":[75,75,75,75,75,75,75,68,68,68,68,68,73,73,73,73,73,73,73,73,73,73,73,73,73,73,73,73,73,73,73,73,73,73,73,73,73,73,73,73,73,73,73,73,73,73,69,69,69,69,69],"card_choices":[{"not_picked":["Secret Technique","Master of Strategy"],"picked":"hubris:EnhanceAbility","floor":0},{"not_picked":["Clash","Headbutt"],"picked":"Run Through","floor":1},{"not_picked":["Battle Trance","Flex"],"picked":"Clothesline","floor":3},{"not_picked":["Abandon","Defy Death"],"picked":"Whirlwind","floor":4},{"not_picked":["Clash","Headbutt"],"picked":"Shrug It Off","floor":5},{"not_picked":["Clothesline","Headbutt"],"picked":"Replay:Many Hands","floor":6},{"not_picked":["Thunderclap","Blood for Blood","Whirlwind"],"picked":"SKIP","floor":7},{"not_picked":["Pommel Strike","Run Through"],"picked":"Shockwave","floor":11},{"not_picked":["Thunderclap","Anger"],"picked":"Pommel Strike","floor":12},{"not_picked":["hubris:ReadiedAction","Intimidate","Clash"],"picked":"SKIP","floor":14},{"not_picked":["Impervious","Eclipse"],"picked":"Barricade","floor":16},{"not_picked":["Replay:Undeath\u0027s Touch","Sword Boomerang"],"picked":"Spot Weakness+1","floor":18},{"not_picked":["Defy Death","Rupture+1"],"picked":"Body Slam+1","floor":20},{"not_picked":["Shockwave","Twin Strike","Armaments"],"picked":"SKIP","floor":22},{"not_picked":["Eclipse","Cleave"],"picked":"Metallicize+1","floor":24},{"not_picked":["Run Through","Defy Death","Cleave+1"],"picked":"SKIP","floor":25},{"not_picked":["Run Through+1","Twin Strike","Shockwave"],"picked":"SKIP","floor":29},{"not_picked":["Sever Soul","Havoc"],"picked":"True Grit","floor":31},{"not_picked":["Eclipse","Offering"],"picked":"Demonic Infusion","floor":33},{"not_picked":["True Grit","Sword Boomerang"],"picked":"Defy Death+1","floor":35},{"not_picked":["hubris:ReadiedAction+1","Pommel Strike"],"picked":"Dropkick","floor":39},{"not_picked":["Body Slam","Anger"],"picked":"Battle Trance","floor":44},{"not_picked":["Seeing Red+1","Wild Strike+1"],"picked":"Feel No Pain","floor":46},{"not_picked":["Anger","Wild Strike","hubris:ReadiedAction"],"picked":"SKIP","floor":48}],"player_experience":785140,"relics_obtained":[{"floor":6,"key":"Thread and Needle"},{"floor":9,"key":"reliquary:Knoch"},{"floor":11,"key":"reliquary:FerryPass"},{"floor":14,"key":"Replay:Kaleidoscope"},{"floor":14,"key":"Mummified Hand"},{"floor":24,"key":"Runesmith:AutoHammer"},{"floor":26,"key":"Pocketwatch"},{"floor":44,"key":"Pondfish Scales"},{"floor":46,"key":"reliquary:ExpiredCoupon"}],"event_choices":[{"damage_healed":0,"gold_gain":0,"player_choice":"Forge","damage_taken":0,"max_hp_gain":0,"max_hp_loss":0,"event_name":"Accursed Blacksmith","floor":2,"gold_loss":0,"cards_upgraded":["hubris:EnhanceAbility"]},{"damage_healed":0,"gold_gain":0,"player_choice":"Lose Max HP","damage_taken":0,"relics_obtained":["Golden Idol"],"max_hp_gain":0,"max_hp_loss":7,"event_name":"Golden Idol","floor":8,"gold_loss":0},{"damage_healed":0,"gold_gain":0,"player_choice":"Donut","damage_taken":0,"max_hp_gain":5,"max_hp_loss":0,"event_name":"Big Fish","floor":13,"gold_loss":0},{"damage_healed":0,"gold_gain":0,"player_choice":"Ignored","damage_taken":0,"max_hp_gain":0,"max_hp_loss":0,"event_name":"The Mausoleum","floor":21,"gold_loss":0},{"damage_healed":0,"gold_gain":0,"player_choice":"Gave Idol","damage_taken":0,"relics_obtained":["Bloody Idol"],"max_hp_gain":0,"max_hp_loss":0,"event_name":"Forgotten Altar","floor":27,"relics_lost":["Golden Idol"],"gold_loss":0},{"damage_healed":0,"gold_gain":0,"cards_transformed":["Strike_R","Strike_R"],"player_choice":"Became Test Subject","damage_taken":0,"max_hp_gain":0,"max_hp_loss":0,"event_name":"Drug Dealer","floor":30,"gold_loss":0,"cards_obtained":["Abandon","ReplayTheSpireMod:Muscle Training"]},{"damage_healed":0,"gold_gain":0,"player_choice":"Copied","damage_taken":0,"max_hp_gain":0,"max_hp_loss":0,"event_name":"Duplicator","floor":37,"gold_loss":0,"cards_obtained":["hubris:EnhanceAbility"]},{"damage_healed":0,"gold_gain":0,"player_choice":"Memory 1","damage_taken":0,"max_hp_gain":0,"max_hp_loss":0,"event_name":"SensoryStone","floor":41,"gold_loss":0},{"damage_healed":0,"gold_gain":0,"player_choice":"Max HP","damage_taken":0,"max_hp_gain":0,"max_hp_loss":4,"event_name":"Winding Halls","floor":47,"gold_loss":0}],"is_beta":false,"boss_relics":[{"not_picked":["Replay:Drink Me","Runesmith:UraniumAnvil"],"picked":"reliquary:RedCape"},{"not_picked":["hubris:GrandSneckoEye","reliquary:RedPaperclip"],"picked":"Black Blood"}],"items_purged_floors":[19,36],"is_endless":false,"potions_floor_spawned":[4,6,11,12,16,22,31,33,39,44],"ascension_level":20}}