{"host":"nbmmy2ys5j9alw05","time":1612141972,"event":{"mods":["AchievementEnabler","BaseMod","Bestiary","Better Vampires","Colored Map","Colored Powertips","Googly Eyes","Hermit","Mad Scientist","Minty Spire (QoL Compilation)","Quick Restart","StSLib","The Blackbeard","The Hierophant","The IronCluck","everything is the same but u backflip on backflip"],"gold_per_floor":[117,117,26,101,81,81,112,112,135,152,152,169,204,223,223,319,319,330,346,115,115,115],"floor_reached":21,"language":"ENG","playtime":714,"items_purged":["Strike_G"],"score":318,"play_id":"48e6dac2-206b-446d-9331-2a6738b8d618","local_time":"20210131171252","is_ascension_mode":true,"campfire_choices":[{"data":"Infinite Blades","floor":6,"key":"SMITH"},{"floor":8,"key":"REST"},{"data":"Accuracy","floor":11,"key":"SMITH"},{"floor":15,"key":"REST"}],"circlet_count":0,"master_deck":["AscendersBane","Strike_G","Strike_G","Strike_G","Defend_G","Defend_G","Defend_G","Defend_G","Defend_G","Survivor","Neutralize","Infinite Blades+1","Accuracy+1","Blade Dance","Noxious Fumes","Blur","Choke","Dash","A Thousand Cuts","Cloak And Dagger+1","Deflect","Envenom"],"relics":["Ring of the Snake","NeowsBlessing","Ancient Tea Set","Bag of Marbles","Kunai"],"acts_visited":["Exordium","TheCity"],"potions_floor_usage":[13,13,13],"damage_taken":[{"damage":0,"enemies":"Jaw Worm","floor":1,"turns":1},{"damage":0,"enemies":"Gremlin Nob","floor":7,"turns":1},{"damage":0,"enemies":"Small Slimes","floor":10,"turns":1},{"damage":1,"enemies":"2 Louse","floor":12,"turns":3},{"damage":3,"enemies":"3 Sentries","floor":13,"turns":5},{"damage":24,"enemies":"Gremlin Gang","floor":14,"turns":4},{"damage":27,"enemies":"Hexaghost","floor":16,"turns":9},{"damage":26,"enemies":"Shell Parasite","floor":18,"turns":5},{"damage":28,"enemies":"3 Byrds","floor":19,"turns":6},{"damage":14,"enemies":"Centurion and Healer","floor":21,"turns":5}],"seed_played":"6689223239027091002","potions_obtained":[{"floor":1,"key":"DistilledChaos"},{"floor":5,"key":"Dexterity Potion"},{"floor":10,"key":"ColorlessPotion"}],"is_trial":false,"path_per_floor":["M","?","$","?","?","R","E","R","T","M","R","M","E","M","R","B",null,"M","M","$","M"],"character_chosen":"THE_SILENT","items_purchased":["Accuracy","Blade Dance","Envenom"],"campfire_rested":2,"item_purchase_floors":[3,3,20],"current_hp_per_floor":[63,56,56,45,45,45,45,66,66,66,66,65,62,38,59,32,61,35,7,7,0,0],"gold":115,"neow_bonus":"THREE_ENEMY_KILL","is_daily":false,"chose_seed":false,"campfire_upgraded":2,"win_rate":0.0,"timestamp":1612141972,"path_taken":["M","?","$","?","?","R","E","R","T","M","R","M","E","M","R","BOSS","M","M","$","?"],"items_purchased_type":["Card","Card","Card"],"build_version":"2020-12-22","purchased_purges":1,"victory":false,"max_hp_per_floor":[70,70,70,70,70,70,70,70,70,70,70,70,70,70,70,70,70,70,70,70,70,70],"card_choices":[{"not_picked":["Well Laid Plans","Quick Slash"],"picked":"Infinite Blades","floor":1},{"not_picked":["Dagger Spray","Underhanded Strike"],"picked":"Noxious Fumes","floor":7},{"not_picked":["Bane","PiercingWail"],"picked":"Blur","floor":10},{"not_picked":["Bouncing Flask","Deflect"],"picked":"Choke","floor":12},{"not_picked":["Setup","Outmaneuver","Bullet Time"],"picked":"SKIP","floor":13},{"not_picked":["Setup","Deflect"],"picked":"Dash","floor":14},{"not_picked":["Doppelganger","Envenom"],"picked":"A Thousand Cuts","floor":16},{"not_picked":["Setup","Poisoned Stab+1"],"picked":"Cloak And Dagger+1","floor":18},{"not_picked":["Slice","Deadly Poison+1"],"picked":"Deflect","floor":19}],"player_experience":539947,"relics_obtained":[{"floor":7,"key":"Ancient Tea Set"},{"floor":9,"key":"Bag of Marbles"},{"floor":13,"key":"Kunai"}],"event_choices":[{"cards_removed":["Strike_G"],"damage_healed":0,"gold_gain":0,"player_choice":"Card Removal","damage_taken":7,"max_hp_gain":0,"max_hp_loss":0,"event_name":"Golden Wing","floor":2,"gold_loss":0},{"damage_healed":0,"gold_gain":75,"player_choice":"Gather Gold","damage_taken":11,"max_hp_gain":0,"max_hp_loss":0,"event_name":"World of Goop","floor":4,"gold_loss":0},{"damage_healed":0,"gold_gain":0,"player_choice":"Bought 1 Potion","damage_taken":0,"max_hp_gain":0,"max_hp_loss":0,"event_name":"The Woman in Blue","floor":5,"gold_loss":0}],"is_beta":false,"boss_relics":[{"not_picked":["Runic Dome","Velvet Choker","Runic Pyramid"]}],"items_purged_floors":[20],"is_endless":false,"potions_floor_spawned":[1,10,12],"killed_by":"Centurion and Healer","ascension_level":10}}