{"host":"ptk1shuto3uimndw","time":1612201536,"event":{"mods":["AchievementEnabler","BaseMod","Bestiary","Colored Map","Colored Powertips","Curses Come First","Minty Spire (QoL Compilation)","Quick Restart","Rare Cards Sparkle","Relic Stats","StSLib","Uncapped"],"gold_per_floor":[112,112,131,9,21,21,21,37,37,37,57,57,83,96,96,200,200,214,129,129,142,158,192,202,230,307,339,350,377,34,34,34,133,133,145,145,0,10,28,56,68,103,103,29,62,78,78,95,95,95],"floor_reached":51,"language":"ENG","playtime":1292,"items_purged":["Pain","Strike_P"],"score":1019,"play_id":"f9c090b4-b4f8-49e5-8982-c94370f1202e","local_time":"20210201184536","is_ascension_mode":true,"campfire_choices":[{"data":"CrushJoints","floor":6.0,"key":"SMITH"},{"data":"1","floor":10.0,"key":"LIFT"},{"data":"2","floor":12.0,"key":"LIFT"},{"data":"3","floor":15.0,"key":"LIFT"},{"floor":32.0,"key":"REST"},{"data":"Ragnarok","floor":47,"key":"SMITH"},{"data":"Ragnarok","floor":49,"key":"SMITH"}],"circlet_count":0,"master_deck":["Strike_P","Strike_P","Strike_P","Defend_P","Defend_P","Defend_P","Defend_P","Eruption","WheelKick","EmptyBody","CrushJoints+1","Tantrum","FlurryOfBlows","EmptyFist","Prostrate","Ragnarok+1","ClearTheMind+1","Blasphemy","Tantrum+1","Indignation+1","TalkToTheHand+1","Ragnarok+1","FearNoEvil+1","DeceiveReality+1","Wallop","TalkToTheHand+1","Vengeance","FlurryOfBlows+1"],"relics":["HolyWater","WarpedTongs","Girya","Pocketwatch","Sozu","Singing Bowl","Happy Flower","Art of War","Eternal Feather","Pantograph","Boot","Question Card","Red Mask","Orichalcum","Incense Burner","Yang","Bronze Scales"],"acts_visited":["Exordium","TheCity","TheBeyond"],"potions_floor_usage":[],"damage_taken":[{"damage":2.0,"enemies":"Small Slimes","floor":1.0,"turns":6.0},{"damage":6.0,"enemies":"Cultist","floor":3.0,"turns":4.0},{"damage":0.0,"enemies":"2 Louse","floor":5.0,"turns":2.0},{"damage":0.0,"enemies":"Exordium Wildlife","floor":8.0,"turns":3.0},{"damage":0.0,"enemies":"Exordium Thugs","floor":11.0,"turns":2.0},{"damage":20.0,"enemies":"3 Sentries","floor":13.0,"turns":5.0},{"damage":1.0,"enemies":"Large Slime","floor":14.0,"turns":2.0},{"damage":0.0,"enemies":"The Guardian","floor":16.0,"turns":3.0},{"damage":0.0,"enemies":"Spheric Guardian","floor":18.0,"turns":1.0},{"damage":11.0,"enemies":"Chosen","floor":21.0,"turns":2.0},{"damage":0.0,"enemies":"Snecko","floor":22.0,"turns":2.0},{"damage":18.0,"enemies":"Book of Stabbing","floor":23.0,"turns":3.0},{"damage":0.0,"enemies":"Sentry and Sphere","floor":24.0,"turns":2.0},{"damage":23.0,"enemies":"Slavers","floor":25.0,"turns":3.0},{"damage":13.0,"enemies":"Book of Stabbing","floor":27.0,"turns":3.0},{"damage":2.0,"enemies":"Snake Plant","floor":28.0,"turns":2.0},{"damage":0.0,"enemies":"Collector","floor":33.0,"turns":3.0},{"damage":15.0,"enemies":"3 Darklings","floor":35.0,"turns":3.0},{"damage":0.0,"enemies":"Orb Walker","floor":38.0,"turns":1.0},{"damage":0.0,"enemies":"Sphere and 2 Shapes","floor":39.0,"turns":3.0},{"damage":0.0,"enemies":"Nemesis","floor":40.0,"turns":1.0},{"damage":0.0,"enemies":"Spire Growth","floor":41.0,"turns":2.0},{"damage":5.0,"enemies":"Giant Head","floor":42.0,"turns":5.0},{"damage":0,"enemies":"Reptomancer","floor":45,"turns":2},{"damage":0,"enemies":"Maw","floor":46,"turns":3},{"damage":8,"enemies":"4 Shapes","floor":48,"turns":3},{"damage":29,"enemies":"Donu and Deca","floor":50,"turns":5}],"seed_played":"-3597608889506743176","potions_obtained":[{"floor":0.0,"key":"Block Potion"},{"floor":0.0,"key":"SmokeBomb"},{"floor":0.0,"key":"DuplicationPotion"}],"is_trial":false,"path_per_floor":["M","?","M","$","M","R","?","M","T","R","M","R","E","M","R","B",null,"M","?","?","M","M","E","M","E","T","E","M","T","$","?","R","B",null,"M","?","?","M","M","E","M","E","T","$","E","M","R","M","R","B",null],"character_chosen":"WATCHER","items_purchased":["CrushJoints","Question Card","Vengeance"],"campfire_rested":1,"item_purchase_floors":[4,30,44],"current_hp_per_floor":[70,70,64,64,64,64,69,69,69,69,69,69,49,48,48,48,77,77,77,77,68,68,50,50,27,27,16,14,14,14,14,50,75,81,68,68,68,68,68,70,70,65,65,65,67,67,82,76,89,60],"gold":95,"neow_bonus":"THREE_SMALL_POTIONS","is_daily":false,"chose_seed":false,"campfire_upgraded":3,"win_rate":0.0,"timestamp":1612201536,"path_taken":["M","?","M","?","M","R","?","M","T","R","M","R","E","M","R","BOSS","M","?","?","M","?","E","M","E","T","E","M","?","?","?","R","BOSS","M","?","?","M","M","E","M","E","T","?","E","M","R","M","R","BOSS"],"items_purchased_type":["Card","Relic","Card"],"build_version":"2020-12-22","purchased_purges":2,"victory":true,"max_hp_per_floor":[72,72,72,72,72,72,77,77,77,77,77,77,77,77,77,77,77,77,77,77,79,79,79,79,79,79,81,81,81,81,81,81,81,81,83,83,83,83,83,85,85,85,85,85,87,87,87,89,89,89],"relic_stats":{"Singing Bowl":12,"Happy Flower":[13],"counters":[27,76],"Eternal Feather":40,"Yang":[46],"Orichalcum":[18],"Boot":[5],"Question Card":10,"WarpedTongs":[70],"Sozu":9,"Pantograph":25,"Bronze Scales":[27],"Art of War":[1],"obtain_stats":[{"Girya":9,"Singing Bowl":19,"Happy Flower":23,"Eternal Feather":26,"Yang":43,"Incense Burner":42,"Orichalcum":40,"Boot":29,"Question Card":30,"WarpedTongs":2,"Sozu":17,"Pantograph":27,"Bronze Scales":45,"HolyWater":34,"Art of War":25,"Red Mask":37,"PureWater":0,"Pocketwatch":13},{"Girya":4,"Singing Bowl":9,"Happy Flower":12,"Eternal Feather":14,"Yang":23,"Incense Burner":23,"Orichalcum":21,"Boot":16,"Question Card":16,"WarpedTongs":1,"Sozu":8,"Pantograph":15,"Bronze Scales":24,"HolyWater":17,"Art of War":14,"Red Mask":18,"PureWater":0,"Pocketwatch":6},{"Girya":15,"Singing Bowl":28,"Happy Flower":35,"Eternal Feather":40,"Yang":63,"Incense Burner":63,"Orichalcum":56,"Boot":45,"Question Card":45,"WarpedTongs":6,"Sozu":27,"Pantograph":43,"Bronze Scales":65,"HolyWater":48,"Art of War":40,"Red Mask":51,"PureWater":0,"Pocketwatch":22}],"Pocketwatch":[14]},"card_choices":[{"not_picked":["Protect","Consecrate"],"picked":"WheelKick","floor":1.0},{"not_picked":["EmptyMind","Crescendo"],"picked":"EmptyBody","floor":3.0},{"not_picked":["Swivel","SignatureMove","EmptyBody"],"picked":"SKIP","floor":5.0},{"not_picked":["CrushJoints","FlurryOfBlows"],"picked":"Tantrum","floor":8.0},{"not_picked":["Establishment","SashWhip"],"picked":"FlurryOfBlows","floor":11.0},{"not_picked":["CrushJoints","FollowUp"],"picked":"EmptyFist","floor":13.0},{"not_picked":["ThirdEye","Crescendo"],"picked":"Prostrate","floor":14.0},{"not_picked":["MasterReality","SpiritShield"],"picked":"Ragnarok","floor":16.0},{"not_picked":["PathToVictory","FlurryOfBlows","WindmillStrike"],"picked":"SKIP","floor":18.0},{"not_picked":["BowlingBash","Crescendo","Swivel"],"picked":"Singing Bowl","floor":21.0},{"not_picked":["Wallop","Prostrate+1"],"picked":"ClearTheMind+1","floor":22.0},{"not_picked":["WindmillStrike+1","Worship"],"picked":"Blasphemy","floor":23.0},{"not_picked":["Crescendo","Perseverance"],"picked":"Tantrum+1","floor":24.0},{"not_picked":["Judgement","Worship"],"picked":"Indignation+1","floor":25.0},{"not_picked":["Perseverance","Crescendo+1","Nirvana"],"picked":"Singing Bowl","floor":27.0},{"not_picked":["PathToVictory","FlyingSleeves+1"],"picked":"TalkToTheHand+1","floor":28.0},{"not_picked":["Brilliance","Judgement","ConjureBlade"],"picked":"Ragnarok","floor":33.0},{"not_picked":["Sanctity+1","EmptyFist","Halt","FlyingSleeves+1"],"picked":"Singing Bowl","floor":35.0},{"not_picked":["FlyingSleeves","EmptyBody","EmptyFist+1"],"picked":"FearNoEvil+1","floor":38.0},{"not_picked":["CutThroughFate+1","WindmillStrike","Wireheading+1"],"picked":"DeceiveReality+1","floor":39.0},{"not_picked":["Consecrate+1","Evaluate+1","BattleHymn","Halt"],"picked":"Singing Bowl","floor":40.0},{"not_picked":["WindmillStrike+1","EmptyBody","PathToVictory"],"picked":"Wallop","floor":41.0},{"not_picked":["FearNoEvil+1","Judgement","Perseverance+1"],"picked":"TalkToTheHand+1","floor":42.0},{"not_picked":["BowlingBash","SandsOfTime+1","PathToVictory+1","ThirdEye"],"picked":"Singing Bowl","floor":45},{"not_picked":["CutThroughFate","Tantrum+1","BowlingBash"],"picked":"FlurryOfBlows+1","floor":46},{"not_picked":["ForeignInfluence+1","FollowUp+1","EmptyBody","WreathOfFlame"],"picked":"Singing Bowl","floor":48}],"player_experience":234556,"relics_obtained":[{"floor":9.0,"key":"Girya"},{"floor":13.0,"key":"Pocketwatch"},{"floor":23.0,"key":"Happy Flower"},{"floor":25.0,"key":"Art of War"},{"floor":26.0,"key":"Eternal Feather"},{"floor":27.0,"key":"Pantograph"},{"floor":29.0,"key":"Boot"},{"floor":40.0,"key":"Orichalcum"},{"floor":42.0,"key":"Incense Burner"},{"floor":43.0,"key":"Yang"},{"floor":45,"key":"Bronze Scales"}],"event_choices":[{"damage_healed":0.0,"max_hp_gain":0.0,"max_hp_loss":0.0,"gold_gain":0.0,"event_name":"Accursed Blacksmith","player_choice":"Rummage","floor":2.0,"gold_loss":0.0,"damage_taken":0.0,"relics_obtained":["WarpedTongs"],"cards_obtained":["Pain"]},{"damage_healed":0.0,"max_hp_gain":5.0,"max_hp_loss":0.0,"gold_gain":0.0,"event_name":"Big Fish","player_choice":"Donut","floor":7.0,"gold_loss":0.0,"damage_taken":0.0},{"damage_healed":0.0,"max_hp_gain":0.0,"max_hp_loss":0.0,"gold_gain":0.0,"event_name":"Addict","player_choice":"Obtained Relic","floor":19.0,"gold_loss":85.0,"damage_taken":0.0,"relics_obtained":["Singing Bowl"]},{"damage_healed":0.0,"max_hp_gain":0.0,"max_hp_loss":0.0,"gold_gain":0.0,"event_name":"Vampires","player_choice":"Ignored","floor":20.0,"gold_loss":0.0,"damage_taken":0.0},{"damage_healed":0.0,"max_hp_gain":0.0,"max_hp_loss":0.0,"gold_gain":0.0,"event_name":"Cursed Tome","player_choice":"Ignored","floor":31.0,"gold_loss":0.0,"damage_taken":0.0},{"cards_removed":["Vigilance"],"damage_healed":0.0,"max_hp_gain":0.0,"max_hp_loss":0.0,"gold_gain":0.0,"event_name":"Falling","player_choice":"Removed Skill","floor":36.0,"gold_loss":0.0,"damage_taken":0.0},{"damage_healed":0.0,"max_hp_gain":0.0,"max_hp_loss":0.0,"gold_gain":0.0,"event_name":"Tomb of Lord Red Mask","player_choice":"Paid","floor":37.0,"gold_loss":145.0,"damage_taken":0.0,"relics_obtained":["Red Mask"]}],"is_beta":false,"boss_relics":[{"not_picked":["Philosopher\u0027s Stone","VioletLotus"],"picked":"Sozu"},{"not_picked":["Pandora\u0027s Box","Runic Dome"],"picked":"HolyWater"}],"items_purged_floors":[4,30],"is_endless":false,"potions_floor_spawned":[11,13,16,21,22,27,28,35,38,42,45,46],"ascension_level":1}}