{"host":"hk3n60c9tb8azi3z","time":1612141782,"event":{"mods":["AchievementEnabler","BaseMod","Minty Spire (QoL Compilation)","Relic Sorter","Relic Stats"],"gold_per_floor":[116,133,6,18,28,57,68,97,97,97,6,6,0,11,11,87,87,98,98,116,76,88,123,140,175,199,215,215,246,68,68,68,147,147,159,232,24,24,34,63,63,90,90,115,115,148,193,212,212,212,212],"floor_reached":52,"language":"ENG","playtime":3925,"items_purged":["Strike_P","Strike_P+1"],"score":2651,"play_id":"e8df0099-da1a-4758-b1a0-fefdab80f406","local_time":"20210201020942","daily_mods":["Heirloom","Red Cards","Night Terrors"],"is_ascension_mode":true,"campfire_choices":[{"data":"Body Slam","floor":10.0,"key":"SMITH"},{"data":"Body Slam","floor":12.0,"key":"SMITH"},{"data":"Protect","floor":15.0,"key":"SMITH"},{"floor":28.0,"key":"REST"},{"data":"Demon Form","floor":32,"key":"SMITH"},{"data":"Dual Wield","floor":41,"key":"SMITH"},{"data":"Feel No Pain","floor":49,"key":"SMITH"}],"circlet_count":0,"master_deck":["AscendersBane","Defend_P+1","Eruption","Vigilance+1","EmptyMind+1","Body Slam+1","Protect+1","Body Slam+1","LessonLearned","Wallop+1","ThirdEye+1","Trip","CutThroughFate+1","Juggernaut","Metallicize+1","ClearTheMind+1","Pummel+1","Feel No Pain+1","Collect","Demon Form+1","Omniscience","Sentinel+1","Barricade","Collect+1","DevaForm+1","Worship+1","Dual Wield+1","Deep Breath","Thinking Ahead"],"relics":["PureWater","CloakClasp","FossilizedHelix","Bag of Preparation","Singing Bowl","Snecko Eye","Mummified Hand","Bottled Lightning","Vajra","Regal Pillow","Astrolabe","Gremlin Horn","Bag of Marbles","Lantern","Girya","TeardropLocket","Mercury Hourglass","Shovel","CaptainsWheel"],"acts_visited":["TheCity","TheBeyond"],"potions_floor_usage":[29,50],"damage_taken":[{"damage":0.0,"enemies":"Jaw Worm","floor":1.0,"turns":5.0},{"damage":0.0,"enemies":"Cultist","floor":2.0,"turns":3.0},{"damage":2.0,"enemies":"Small Slimes","floor":4.0,"turns":4.0},{"damage":7.0,"enemies":"Blue Slaver","floor":5.0,"turns":5.0},{"damage":19.0,"enemies":"Lagavulin","floor":6.0,"turns":10.0},{"damage":1.0,"enemies":"Exordium Thugs","floor":7.0,"turns":6.0},{"damage":8.0,"enemies":"3 Sentries","floor":8.0,"turns":6.0},{"damage":0.0,"enemies":"Exordium Wildlife","floor":14.0,"turns":2.0},{"damage":0.0,"enemies":"The Guardian","floor":16.0,"turns":6.0},{"damage":0.0,"enemies":"Shell Parasite","floor":18.0,"turns":3.0},{"damage":0.0,"enemies":"Spheric Guardian","floor":20.0,"turns":4.0},{"damage":0.0,"enemies":"Centurion and Healer","floor":22.0,"turns":3.0},{"damage":21.0,"enemies":"Book of Stabbing","floor":23.0,"turns":5.0},{"damage":0.0,"enemies":"3 Cultists","floor":24.0,"turns":3.0},{"damage":23.0,"enemies":"Gremlin Leader","floor":25.0,"turns":5.0},{"damage":0.0,"enemies":"Snecko","floor":27.0,"turns":2.0},{"damage":26,"enemies":"Book of Stabbing","floor":29,"turns":6},{"damage":0,"enemies":"Automaton","floor":33,"turns":6},{"damage":0,"enemies":"Orb Walker","floor":35,"turns":3},{"damage":0,"enemies":"3 Shapes","floor":39,"turns":2},{"damage":0,"enemies":"Giant Head","floor":40,"turns":3},{"damage":0,"enemies":"Reptomancer","floor":42,"turns":3},{"damage":0,"enemies":"Giant Head","floor":44,"turns":3},{"damage":0,"enemies":"Reptomancer","floor":46,"turns":3},{"damage":0,"enemies":"2 Orb Walkers","floor":47,"turns":3},{"damage":0,"enemies":"Jaw Worm Horde","floor":48,"turns":2},{"damage":0,"enemies":"Donu and Deca","floor":50,"turns":6},{"damage":15,"enemies":"Time Eater","floor":51,"turns":8}],"seed_played":"3314091594306375368","potions_obtained":[{"floor":5.0,"key":"SpeedPotion"},{"floor":6.0,"key":"LiquidMemories"},{"floor":8.0,"key":"BlessingOfTheForge"},{"floor":14.0,"key":"Strength Potion"},{"floor":23.0,"key":"Energy Potion"},{"floor":27.0,"key":"StancePotion"},{"floor":29,"key":"FearPotion"},{"floor":35,"key":"SkillPotion"},{"floor":40,"key":"SneckoOil"}],"is_trial":true,"path_per_floor":["M","M","$","M","M","E","M","E","T","R","$","R","?","M","R","B",null,"M","?","M","$","M","E","M","E","T","M","R","E","$","?","R","B",null,"M","T","$","?","M","E","R","E","T","E","?","E","?","M","R","B","B",null],"character_chosen":"WATCHER","items_purchased":["Protect","Trip","Feel No Pain","Sentinel","Dual Wield","Bag of Marbles"],"campfire_rested":1,"item_purchase_floors":[3,11,21,30,37,37],"current_hp_per_floor":[61,61,61,59,52,33,32,24,24,24,24,24,24,24,24,24,57,57,57,59,59,61,40,40,17,17,19,69,45,45,45,45,45,65,67,67,67,67,69,71,71,73,73,75,67,69,71,73,73,73,58],"gold":212,"neow_bonus":"","is_daily":false,"chose_seed":false,"campfire_upgraded":6,"win_rate":0.0,"timestamp":1612141782,"path_taken":["M","?","$","M","M","E","M","E","T","R","$","R","?","M","R","BOSS","M","?","M","$","M","E","M","E","T","M","R","E","$","?","R","BOSS","M","?","$","?","?","E","R","E","T","E","?","E","?","M","R","BOSS","BOSS"],"items_purchased_type":["Card","Card","Card","Card","Card","Relic"],"build_version":"2020-12-22","purchased_purges":2,"victory":true,"max_hp_per_floor":[68,68,68,68,68,68,68,68,68,68,68,68,68,68,68,68,68,68,68,70,70,72,72,72,72,72,74,69,71,71,71,71,71,71,73,73,73,73,75,77,77,79,79,81,83,85,87,89,89,89,89],"relic_stats":{"Regal Pillow":0,"Shovel":0,"Singing Bowl":26,"Gremlin Horn":[13,13],"counters":[22,87],"Mummified Hand":[181],"Astrolabe":["Collect","DevaForm","Worship"],"Snecko Eye":[155,148,134,147],"CloakClasp":[246],"Bag of Preparation":[42],"obtain_stats":[{"Girya":42,"Regal Pillow":29,"Lantern":40,"Singing Bowl":9,"Gremlin Horn":36,"Astrolabe":34,"Vajra":26,"CloakClasp":0,"Bag of Preparation":8,"TeardropLocket":43,"Mercury Hourglass":44,"CaptainsWheel":47,"Shovel":46,"Mummified Hand":23,"Snecko Eye":17,"Bag of Marbles":37,"Bottled Lightning":25,"PureWater":0,"FossilizedHelix":0},{"Girya":16,"Regal Pillow":11,"Lantern":15,"Singing Bowl":1,"Gremlin Horn":13,"Astrolabe":12,"Vajra":9,"CloakClasp":0,"Bag of Preparation":1,"TeardropLocket":16,"Mercury Hourglass":17,"CaptainsWheel":19,"Shovel":18,"Mummified Hand":7,"Snecko Eye":3,"Bag of Marbles":13,"Bottled Lightning":9,"PureWater":0,"FossilizedHelix":0},{"Girya":62,"Regal Pillow":45,"Lantern":59,"Singing Bowl":6,"Gremlin Horn":54,"Astrolabe":51,"Vajra":37,"CloakClasp":0,"Bag of Preparation":6,"TeardropLocket":62,"Mercury Hourglass":65,"CaptainsWheel":71,"Shovel":68,"Mummified Hand":29,"Snecko Eye":14,"Bag of Marbles":54,"Bottled Lightning":37,"PureWater":0,"FossilizedHelix":0}],"Mercury Hourglass":[69]},"card_choices":[{"not_picked":["FlurryOfBlows","Clothesline"],"picked":"EmptyMind","floor":1.0},{"not_picked":["Thunderclap","Shrug It Off"],"picked":"Body Slam","floor":2.0},{"not_picked":["Consecrate","PathToVictory"],"picked":"FlurryOfBlows","floor":4.0},{"not_picked":["SashWhip","Clash"],"picked":"Body Slam","floor":5.0},{"not_picked":["Spot Weakness","Heavy Blade"],"picked":"LessonLearned","floor":6.0},{"not_picked":["Sword Boomerang","ForeignInfluence"],"picked":"Wallop","floor":7.0},{"not_picked":["Sever Soul","Warcry"],"picked":"ThirdEye","floor":8.0},{"not_picked":["Perseverance","Iron Wave"],"picked":"CutThroughFate","floor":14.0},{"not_picked":["Brutality","Limit Break"],"picked":"Juggernaut","floor":16.0},{"not_picked":["Twin Strike","BowlingBash"],"picked":"Metallicize","floor":18.0},{"not_picked":["Hemokinesis","BowlingBash+1","Sword Boomerang"],"picked":"Singing Bowl","floor":20.0},{"not_picked":["FollowUp+1","Perfected Strike","Power Through"],"picked":"Singing Bowl","floor":22.0},{"not_picked":["Rampage","Heavy Blade"],"picked":"Collect","floor":23.0},{"not_picked":["Crescendo","DeceiveReality"],"picked":"Demon Form","floor":24.0},{"not_picked":["Heavy Blade","Evaluate"],"picked":"Omniscience","floor":25.0},{"not_picked":["JustLucky","Havoc","ThirdEye"],"picked":"Singing Bowl","floor":27.0},{"not_picked":["Armaments","ReachHeaven","BowlingBash"],"picked":"Singing Bowl","floor":29},{"not_picked":["Demon Form","Berserk"],"picked":"Barricade","floor":33},{"not_picked":["Crescendo","CutThroughFate","Flex"],"picked":"Singing Bowl","floor":35},{"not_picked":["Anger+1","EmptyBody","Crescendo"],"picked":"Singing Bowl","floor":39},{"not_picked":["Flex","PathToVictory","BowlingBash"],"picked":"Singing Bowl","floor":40},{"not_picked":["Pommel Strike","ForeignInfluence","Halt+1"],"picked":"Singing Bowl","floor":42},{"not_picked":["Judgement","Perfected Strike","Protect"],"picked":"Singing Bowl","floor":44},{"not_picked":["Blind","PanicButton"],"picked":"Deep Breath","floor":45},{"not_picked":["Madness","Panacea"],"picked":"Thinking Ahead","floor":45},{"not_picked":["The Bomb","Magnetism","Blind"],"picked":"Singing Bowl","floor":45},{"not_picked":["Swivel","MasterReality","Armaments"],"picked":"Singing Bowl","floor":46},{"not_picked":["WindmillStrike+1","Power Through","Sword Boomerang"],"picked":"Singing Bowl","floor":47},{"not_picked":["EmptyBody","Study","Heavy Blade"],"picked":"Singing Bowl","floor":48}],"player_experience":1631206,"relics_obtained":[{"floor":6.0,"key":"FossilizedHelix"},{"floor":8.0,"key":"Bag of Preparation"},{"floor":9.0,"key":"Singing Bowl"},{"floor":23.0,"key":"Mummified Hand"},{"floor":25.0,"key":"Bottled Lightning"},{"floor":26.0,"key":"Vajra"},{"floor":29,"key":"Regal Pillow"},{"floor":36,"key":"Gremlin Horn"},{"floor":40,"key":"Lantern"},{"floor":42,"key":"Girya"},{"floor":43,"key":"TeardropLocket"},{"floor":44,"key":"Mercury Hourglass"},{"floor":46,"key":"Shovel"},{"floor":47,"key":"CaptainsWheel"}],"event_choices":[{"damage_healed":0.0,"max_hp_gain":0.0,"max_hp_loss":0.0,"gold_gain":0.0,"event_name":"World of Goop","player_choice":"Left Gold","floor":13.0,"gold_loss":6.0,"damage_taken":0.0},{"damage_healed":0.0,"max_hp_gain":0.0,"max_hp_loss":0.0,"gold_gain":0.0,"cards_transformed":["Strike_P","Strike_P"],"event_name":"Drug Dealer","player_choice":"Became Test Subject","floor":19.0,"gold_loss":0.0,"damage_taken":0.0,"cards_obtained":["ClearTheMind","Pummel"]},{"cards_removed":["FlurryOfBlows"],"damage_healed":0,"gold_gain":0,"player_choice":"Purged","damage_taken":0,"max_hp_gain":0,"max_hp_loss":0,"event_name":"Purifier","floor":31,"gold_loss":0},{"damage_healed":0,"gold_gain":0,"player_choice":"Ignored","damage_taken":0,"max_hp_gain":0,"max_hp_loss":0,"event_name":"SecretPortal","floor":38,"gold_loss":0},{"damage_healed":0,"gold_gain":0,"player_choice":"Memory 3","damage_taken":10,"max_hp_gain":0,"max_hp_loss":0,"event_name":"SensoryStone","floor":45,"gold_loss":0},{"damage_healed":0,"gold_gain":0,"player_choice":"Fight","damage_taken":0,"max_hp_gain":0,"max_hp_loss":0,"event_name":"Mysterious Sphere","floor":47,"gold_loss":0}],"is_beta":false,"boss_relics":[{"not_picked":["Runic Dome","Busted Crown"],"picked":"Snecko Eye"},{"not_picked":["VioletLotus","Pandora\u0027s Box"],"picked":"Astrolabe"}],"items_purged_floors":[3,30],"is_endless":false,"potions_floor_spawned":[5,6,8,14,20,23,27,29,35,39,40,47],"ascension_level":20}}