{"host":"8u7tvcybuv0u72fd","time":1612148036,"event":{"mods":["BaseMod","BetterRewards","Colored Map","Colored Powertips","Minty Spire (QoL Compilation)","Quick Restart","Shop Mod"],"gold_per_floor":[114,126,201,221,171,171,205,205,231,231,231,245,275,288,288,383,383,401,255,270,570,570,605,605,639,717,717,751,751,767,566,566,670,670,684,700,711,711,249,249,262,262,262,293,305,305,334,361,361,361,361,361,66,91,91,91],"floor_reached":55,"language":"ENG","playtime":2269,"items_purged":["Strike_R","Defend_R","Madness"],"score":1066,"play_id":"611ee390-cf94-4655-8a47-cb192dca498b","local_time":"20210131215356","is_ascension_mode":false,"campfire_choices":[{"data":"Apotheosis","floor":6.0,"key":"SMITH"},{"data":"Uppercut","floor":11.0,"key":"SMITH"},{"data":"Bash","floor":15.0,"key":"SMITH"},{"data":"Seeing Red","floor":24.0,"key":"SMITH"},{"data":"Body Slam","floor":27.0,"key":"SMITH"},{"data":"Double Tap","floor":32.0,"key":"SMITH"},{"data":"Berserk","floor":40.0,"key":"SMITH"},{"data":"Madness","floor":42.0,"key":"SMITH"},{"data":"Rage","floor":46.0,"key":"SMITH"},{"floor":49.0,"key":"RECALL"},{"data":"Iron Wave","floor":52,"key":"SMITH"}],"circlet_count":0,"master_deck":["Strike_R","Strike_R","Strike_R","Defend_R","Defend_R","Defend_R","Bash+1","Uppercut+1","Apotheosis+1","Headbutt","Seeing Red+1","Iron Wave+1","Double Tap+1","Clash+1","Body Slam+1","Exhume","Berserk+1","Blood for Blood+1","Rage+1","Madness+1"],"relics":["Black Blood","Turnip","Omamori","Bag of Preparation","Lee\u0027s Waffle","Pantograph","Nunchaku","Bag of Marbles","Smiling Mask","Ice Cream","Lantern","SacredBark","Happy Flower","Old Coin","MutagenicStrength","Darkstone Periapt","Blood Vial","Gremlin Horn","Meat on the Bone","Orichalcum","Vajra","Calipers","Juzu Bracelet","Centennial Puzzle","Ancient Tea Set","Bronze Scales","Pocketwatch"],"acts_visited":["Exordium","TheCity","TheBeyond","TheEnding"],"potions_floor_usage":[50,50,50,54,55],"damage_taken":[{"damage":0.0,"enemies":"2 Louse","floor":1.0,"turns":3.0},{"damage":0.0,"enemies":"Small Slimes","floor":2.0,"turns":2.0},{"damage":3.0,"enemies":"Jaw Worm","floor":4.0,"turns":3.0},{"damage":32.0,"enemies":"3 Sentries","floor":7.0,"turns":11.0},{"damage":4.0,"enemies":"Red Slaver","floor":12.0,"turns":3.0},{"damage":5.0,"enemies":"Gremlin Nob","floor":13.0,"turns":3.0},{"damage":0.0,"enemies":"3 Louse","floor":14.0,"turns":1.0},{"damage":5.0,"enemies":"The Guardian","floor":16.0,"turns":9.0},{"damage":15.0,"enemies":"Spheric Guardian","floor":18.0,"turns":4.0},{"damage":5.0,"enemies":"3 Byrds","floor":20.0,"turns":4.0},{"damage":4.0,"enemies":"Slavers","floor":23.0,"turns":4.0},{"damage":10.0,"enemies":"Book of Stabbing","floor":25.0,"turns":4.0},{"damage":0.0,"enemies":"Gremlin Leader","floor":28.0,"turns":3.0},{"damage":13.0,"enemies":"Snake Plant","floor":30.0,"turns":2.0},{"damage":45.0,"enemies":"Champ","floor":33.0,"turns":9.0},{"damage":0.0,"enemies":"3 Shapes","floor":35.0,"turns":3.0},{"damage":0.0,"enemies":"Orb Walker","floor":36.0,"turns":1.0},{"damage":18.0,"enemies":"4 Shapes","floor":37.0,"turns":5.0},{"damage":0.0,"enemies":"3 Darklings","floor":41.0,"turns":2.0},{"damage":20.0,"enemies":"Giant Head","floor":44.0,"turns":6.0},{"damage":0.0,"enemies":"Maw","floor":45.0,"turns":7.0},{"damage":0.0,"enemies":"Nemesis","floor":47.0,"turns":3.0},{"damage":36,"enemies":"Time Eater","floor":50,"turns":7},{"damage":2,"enemies":"Shield and Spear","floor":54,"turns":3},{"damage":94,"enemies":"The Heart","floor":55,"turns":6}],"seed_played":"8974839130762608293","potions_obtained":[{"floor":4.0,"key":"SteroidPotion"},{"floor":7.0,"key":"Swift Potion"},{"floor":14.0,"key":"Dexterity Potion"},{"floor":23.0,"key":"DuplicationPotion"},{"floor":28.0,"key":"Ancient Potion"},{"floor":47.0,"key":"Strength Potion"}],"is_trial":false,"path_per_floor":["M","M","?","M","?","R","E","$","T","?","R","M","E","M","R","B",null,"M","$","M","?","?","E","R","E","T","R","E","?","M","$","R","B",null,"M","M","M","?","$","R","M","R","T","E","M","R","E","T","R","B",null,"R","$","E","B"],"character_chosen":"IRONCLAD","items_purchased":["Uppercut","Omamori","Bag of Preparation","Lee\u0027s Waffle","Pantograph","Apotheosis","Nunchaku","Happy Flower","Orichalcum","Vajra","Calipers","Bronze Scales","Explosive Potion","Fire Potion"],"campfire_rested":0,"item_purchase_floors":[0,0,0,0,0,0,0,19,31,39,39,53,53,53],"current_hp_per_floor":[87,87,76,79,79,79,53,53,53,50,50,52,53,59,59,85,87,78,78,79,79,79,81,81,77,77,77,85,68,63,63,63,63,92,92,92,86,74,74,74,88,88,88,82,92,92,92,92,92,68,92,92,92,92,0,0],"gold":91,"neow_bonus":"","is_daily":false,"chose_seed":false,"campfire_upgraded":10,"win_rate":0.0,"timestamp":1612148036,"path_taken":["M","M","?","M","?","R","E","$","T","?","R","?","E","M","R","BOSS","M","$","M","?","?","E","R","E","T","R","E","?","M","$","R","BOSS","M","M","M","?","$","R","M","R","T","E","M","R","E","?","R","BOSS","R","$","E","BOSS"],"items_purchased_type":["Card","Relic","Relic","Relic","Relic","Card","Relic","Relic","Relic","Relic","Relic","Relic","Potion","Potion"],"build_version":"2020-12-22","purchased_purges":3,"victory":false,"max_hp_per_floor":[87,87,87,87,87,87,87,87,87,87,87,87,87,87,87,87,87,87,87,87,87,87,87,87,87,87,87,87,92,92,92,92,92,92,92,92,92,92,92,92,92,92,92,92,92,92,92,92,92,92,92,92,92,92,92,92],"card_choices":[{"not_picked":["Rampage","Whirlwind"],"picked":"Headbutt","floor":1.0},{"not_picked":["True Grit","Ghostly Armor","Headbutt"],"picked":"SKIP","floor":2.0},{"not_picked":["Clothesline","Iron Wave","Thunderclap"],"picked":"SKIP","floor":4.0},{"not_picked":["Flex","Intimidate","Bludgeon"],"picked":"SKIP","floor":7.0},{"not_picked":["Armaments","Inflame"],"picked":"Seeing Red","floor":12.0},{"not_picked":["Havoc","Thunderclap"],"picked":"Iron Wave","floor":13.0},{"not_picked":["Sword Boomerang","Bloodletting","Uppercut"],"picked":"SKIP","floor":14.0},{"not_picked":["Brutality","Feed"],"picked":"Double Tap","floor":16.0},{"not_picked":["Flame Barrier","Perfected Strike"],"picked":"Clash+1","floor":18.0},{"not_picked":["Clothesline","Carnage","Flex+1"],"picked":"SKIP","floor":20.0},{"not_picked":["Thunderclap+1","Seeing Red","Clash"],"picked":"SKIP","floor":23.0},{"not_picked":["Spot Weakness","Feel No Pain"],"picked":"Body Slam","floor":25.0},{"not_picked":["Dark Embrace","Heavy Blade","Seeing Red"],"picked":"SKIP","floor":28.0},{"not_picked":["Iron Wave","Hemokinesis"],"picked":"Exhume","floor":30.0},{"not_picked":["Limit Break","Exhume"],"picked":"Berserk","floor":33.0},{"not_picked":["Wild Strike+1","True Grit"],"picked":"Blood for Blood+1","floor":35.0},{"not_picked":["Pommel Strike","Flex+1","Second Wind"],"picked":"SKIP","floor":36.0},{"not_picked":["Armaments+1","Wild Strike+1"],"picked":"Rage","floor":37.0},{"not_picked":["Demon Form","Havoc","Dual Wield"],"picked":"SKIP","floor":41.0},{"not_picked":["Clothesline+1","Rampage","Rupture"],"picked":"SKIP","floor":44.0},{"not_picked":["Sever Soul","Inflame","Evolve"],"picked":"SKIP","floor":45.0},{"not_picked":["Havoc","Headbutt+1","Uppercut+1"],"picked":"SKIP","floor":47.0},{"not_picked":["Evolve+1","Twin Strike","Body Slam"],"picked":"SKIP","floor":54}],"player_experience":1469988,"relics_obtained":[{"floor":7.0,"key":"Bag of Marbles"},{"floor":9.0,"key":"Smiling Mask"},{"floor":13.0,"key":"Lantern"},{"floor":23.0,"key":"Darkstone Periapt"},{"floor":25.0,"key":"Blood Vial"},{"floor":26.0,"key":"Gremlin Horn"},{"floor":28.0,"key":"Meat on the Bone"},{"floor":44.0,"key":"Juzu Bracelet"},{"floor":47.0,"key":"Centennial Puzzle"},{"floor":48.0,"key":"Ancient Tea Set"},{"floor":54,"key":"Pocketwatch"}],"event_choices":[{"damage_healed":0.0,"max_hp_gain":0.0,"max_hp_loss":0.0,"gold_gain":75.0,"event_name":"World of Goop","player_choice":"Gather Gold","floor":3.0,"gold_loss":0.0,"damage_taken":11.0},{"cards_removed":["Strike_R"],"damage_healed":0.0,"max_hp_gain":0.0,"max_hp_loss":0.0,"gold_gain":0.0,"event_name":"The Cleric","player_choice":"Card Removal","floor":5.0,"gold_loss":50.0,"damage_taken":0.0},{"damage_healed":0.0,"max_hp_gain":0.0,"max_hp_loss":0.0,"gold_gain":0.0,"event_name":"Scrap Ooze","player_choice":"Success","floor":10.0,"gold_loss":0.0,"damage_taken":3.0,"relics_obtained":["Ice Cream"]},{"damage_healed":0.0,"max_hp_gain":0.0,"max_hp_loss":0.0,"gold_gain":0.0,"event_name":"The Mausoleum","player_choice":"Opened","floor":21.0,"gold_loss":0.0,"damage_taken":0.0,"relics_obtained":["Old Coin"],"cards_obtained":["Writhe"]},{"damage_healed":0.0,"max_hp_gain":0.0,"max_hp_loss":0.0,"gold_gain":0.0,"event_name":"Drug Dealer","player_choice":"Inject Mutagens","floor":22.0,"gold_loss":0.0,"damage_taken":0.0,"relics_obtained":["MutagenicStrength"]},{"damage_healed":0.0,"max_hp_gain":5.0,"max_hp_loss":0.0,"gold_gain":0.0,"event_name":"Forgotten Altar","player_choice":"Shed Blood","floor":29.0,"gold_loss":0.0,"damage_taken":22.0},{"damage_healed":0.0,"max_hp_gain":0.0,"max_hp_loss":0.0,"gold_gain":0.0,"event_name":"Winding Halls","player_choice":"Embrace Madness","floor":38.0,"gold_loss":0.0,"damage_taken":12.0,"cards_obtained":["Madness","Madness"]}],"is_beta":false,"boss_relics":[{"not_picked":["Velvet Choker","Runic Pyramid"],"picked":"SacredBark"},{"not_picked":["Calling Bell","Runic Cube"],"picked":"Black Blood"}],"items_purged_floors":[0,31,53],"is_endless":false,"potions_floor_spawned":[4,7,14,23,28,30,33,36,37,47],"killed_by":"The Heart","ascension_level":0}}