{"host":"80x1ozqd5wpd4nvo","time":1612186797,"event":{"mods":["2.2 Compatiblity","Aspiration","BaseMod","Better Altar","Better Match","Better Note","Better Sensory Stone","Better Skull","Better Third Choice","BetterRewards","CCEM2","Card Forge","Custom Start","DNKmod","Defuse TimeMaze Blight","Dota2Spire","Downfall","Energized Spire","Friendly Minions","GifTheSpireLib","Hubris","Infinite Spire","Minty Spire (QoL Compilation)","Permanent Neow","Poor People Problems","Shop Mod","Spicy Shops","StS++","StSLib","The Blue Laboratory","??????REMEMod"],"gold_per_floor":[1200,1215,1230,569,494,520,543,158,184,215,247,247,276,276,286,382,382,382,402,422,170,170,270,270,270,297,328,357,377,377,402,414,509,509,509,527,537,537,637,338,406,446,489,527,527,527,561,361,390,390],"floor_reached":51,"language":"ENG","playtime":3264,"items_purged":["champ:Strike"],"score":1200,"play_id":"2e06dda1-2012-4912-b541-0e5f8674d45d","local_time":"20210201143957","daily_mods":["Heirloom","Time Dilation","Flight","Elite Swarm","Lethality","downfall:ExchangeController"],"is_ascension_mode":false,"campfire_choices":[{"data":"champ:Taunt","floor":1,"key":"SMITH"},{"data":"champ:StanceDance","floor":12,"key":"SMITH"},{"data":"champ:TripleStrike","floor":18,"key":"SMITH"},{"data":"infinitespire:SevenWalls","floor":30,"key":"SMITH"},{"data":"champ:GladiatorForm","floor":35,"key":"SMITH"},{"data":"champ:BerserkersShout","floor":46,"key":"SMITH"},{"floor":48,"key":"REST"},{"data":"infinitespire:Collect","floor":48,"key":"SMITH"}],"circlet_count":0,"master_deck":["champ:Strike","champ:Strike","champ:Defend","champ:Defend","champ:Defend","champ:Execute","champ:Taunt+1","champ:Haymaker","champ:DefensiveShout","champ:FanOfKnives","champ:Duel","champ:IronFortress","champ:SkillfulDodge","champ:Backstep","champ:DancingMaster+1","champ:MurderStrike","champ:Circumvent","champ:EnGarde","champ:StanceDance+1","champ:HeavySlash","champ:SteelEdge","champ:HoldFirm","champ:StrikeOfGenius","champ:Endure","champ:TripleStrike+1","champ:CrownThrow+1","champ:ShieldWall+1","expansioncontent:AwakenDeath","theextravagant:SlyStrike","champ:HoldFirm","champ:Devastate","J.A.X.","infinitespire:SevenWalls+1","infinitespire:Collect+1","champ:UltimateStance","champ:CheapShot","champ:AdrenalArmor","champ:Improvising","champ:GladiatorForm+1","champ:BerserkersShout+1","champ:TornadoPunch+1","Impatience","StSpp:MindBarrier","infinitespire:FinalStrike","champ:Shatter+1","champ:GutPunch","champ:CheapShot","champ:TripleStrike","champ:LastStand","champ:IgnorePain","octo:OctoDefense","champ:Lariat+1"],"relics":["champ:ChampionCrown","Hammer of Thor","Seething Fire","Anvil of the Gods","REME_ComplimentaryCards","downfall:NeowBlessing_Player","StSpp:XCola","Lantern","champ:BerserkersGuideToSlaughter","Dead Branch","CCEMRelics:SoftDrink","CCEMRelics:WrappedPresent","Pen Nib","StSpp:GiftCard","CCEMRelics:GlassOfMilk","Nunchaku","Dota2Spire:PowerTreads","Juzu Bracelet","MutagenicStrength","Question Card","CCEMRelics:Francisca","infinitespire:PuzzleCube","The Courier","REME_ChargedStone","CCEMRelics:WarHorn","ClockworkSouvenir","CCEMRelics:TeddyBear","infinitespire:BottledMercury","CCEMRelics:DerglesHeadphones","CCEMRelics:Sandal","CeramicFish","Pantograph","StSpp:PetrifiedCaterpillar","infinitespire:Magic Flask","downfall:HeartBlessingGreen","downfall:HeartBlessingBlue"],"acts_visited":["Exordium","TheCity","TheBeyond"],"potions_floor_usage":[],"damage_taken":[{"damage":15,"enemies":"Small Slimes","floor":2,"turns":2},{"damage":0,"enemies":"Cultist","floor":3,"turns":2},{"damage":20,"enemies":"downfall:FleeingMerchant","floor":4,"turns":4},{"damage":21,"enemies":"3 Sentries","floor":6,"turns":6},{"damage":11,"enemies":"downfall:FleeingMerchant","floor":8,"turns":4},{"damage":4,"enemies":"Gremlin Nob","floor":9,"turns":3},{"damage":3,"enemies":"3 Sentries","floor":10,"turns":5},{"damage":5,"enemies":"Lagavulin","floor":11,"turns":4},{"damage":0,"enemies":"3 Sentries","floor":13,"turns":6},{"damage":0,"enemies":"Jaw Worm","floor":15,"turns":3},{"damage":0,"enemies":"WA_ARCHETYPE_RETAIN","floor":16,"turns":4},{"damage":0,"enemies":"Chosen","floor":19,"turns":5},{"damage":41,"enemies":"3 Byrds","floor":20,"turns":4},{"damage":0,"enemies":"downfall:FleeingMerchant","floor":21,"turns":4},{"damage":12,"enemies":"downfall:Augmenter","floor":23,"turns":4},{"damage":25,"enemies":"Gremlin Leader","floor":26,"turns":4},{"damage":42,"enemies":"REME_1_Revenger","floor":27,"turns":4},{"damage":5,"enemies":"Gremlin Leader","floor":28,"turns":3},{"damage":0,"enemies":"Shelled Parasite and Fungi","floor":29,"turns":2},{"damage":62,"enemies":"REME_1_Revenger","floor":31,"turns":4},{"damage":0,"enemies":"Chosen and Byrds","floor":32,"turns":3},{"damage":34,"enemies":"DF_ARCHETYPE_CLAW","floor":33,"turns":7},{"damage":12,"enemies":"3 Darklings","floor":36,"turns":4},{"damage":19,"enemies":"Orb Walker","floor":37,"turns":3},{"damage":17,"enemies":"infinitespire:Three Voidlings","floor":39,"turns":3},{"damage":104,"enemies":"Nightmare_Alpha","floor":39,"turns":11},{"damage":49,"enemies":"downfall:FleeingMerchant","floor":40,"turns":4},{"damage":0,"enemies":"Nemesis","floor":42,"turns":1},{"damage":28,"enemies":"Giant Head","floor":43,"turns":8},{"damage":26,"enemies":"Nemesis","floor":44,"turns":6},{"damage":18,"enemies":"Reptomancer","floor":47,"turns":6},{"damage":21,"enemies":"3 Darklings","floor":49,"turns":4},{"damage":93,"enemies":"IC_BLOCK_ARCHETYPE","floor":50,"turns":8}],"seed_played":"4121445805647502589","potions_obtained":[{"floor":2,"key":"sneckomod:MuddlingPotion"},{"floor":23,"key":"Dota2Spire:HealingSalve"},{"floor":29,"key":"Dota2Spire:HealingSalve"},{"floor":37,"key":"Dota2Spire:HealingSalve"}],"is_trial":true,"path_per_floor":["R","M","M","$","?","E","T","$","E","E","E","R","E","?","M","B",null,"R","M","M","$","?","?","T","AVR","E","E","E","M","R","E","M","B",null,"R","M","M","?","?","$","T","E","E","E","?","R","E","R","M","B",null],"character_chosen":"THE_CHAMP","items_purchased":["Lantern","champ:BerserkersGuideToSlaughter","champ:Duel","champ:IronFortress","champ:SkillfulDodge","champ:Backstep","CCEMRelics:WrappedPresent","champ:EnGarde","champ:StanceDance","Juzu Bracelet","expansioncontent:AwakenDeath","ClockworkSouvenir","CCEMRelics:TeddyBear","infinitespire:BottledMercury","CCEMRelics:DerglesHeadphones"],"campfire_rested":1,"item_purchase_floors":[4,4,4,4,4,4,8,8,8,21,21,40,40,40,40],"current_hp_per_floor":[200,195,195,185,185,164,164,163,159,166,176,176,176,176,186,186,300,300,300,279,289,289,297,297,297,282,250,260,260,260,198,203,174,400,400,388,389,389,337,323,323,323,320,314,279,291,293,410,399,352],"gold":390,"neow_bonus":"","is_daily":false,"chose_seed":false,"campfire_upgraded":7,"win_rate":0.0,"timestamp":1612186797,"path_taken":["R","M","M","$","?","E","T","$","E","E","E","R","E","?","M","BOSS","R","M","?","$","?","?","T","AVR","E","E","E","M","R","E","M","BOSS","R","M","M","?","?","$","T","E","E","E","?","R","E","R","M","BOSS"],"items_purchased_type":["Relic","Relic","Card","Card","Card","Card","Relic","Card","Card","Relic","Card","Relic","Relic","Relic","Relic"],"build_version":"2020-12-22","purchased_purges":1,"victory":true,"max_hp_per_floor":[200,200,200,200,200,200,200,200,200,200,200,200,200,200,200,200,300,300,300,300,300,300,300,300,300,300,300,300,300,300,300,300,300,400,400,400,400,400,400,400,400,400,400,400,400,400,400,410,410,410],"card_choices":[{"not_picked":["champ:BladeFlurry","champ:Circumvent"],"picked":"champ:Haymaker","floor":2},{"not_picked":["champ:Haymaker","champ:BringItOn"],"picked":"champ:DefensiveShout","floor":3},{"not_picked":["champ:RisingSlash","champ:Encircle"],"picked":"champ:FanOfKnives","floor":4},{"not_picked":["champ:IgnorePain+1","champ:VampiricStrike+1"],"picked":"champ:DancingMaster+1","floor":5},{"not_picked":["champ:VampiricStrike","champ:ShieldThrow"],"picked":"champ:MurderStrike","floor":6},{"not_picked":["champ:BringItOn","champ:Backstep"],"picked":"champ:Circumvent","floor":8},{"not_picked":["champ:IgnorePain","champ:LastStand"],"picked":"champ:HeavySlash","floor":9},{"not_picked":["champ:ShieldThrow","champ:DancingMaster"],"picked":"champ:SteelEdge","floor":10},{"not_picked":["champ:ShieldThrow","champ:VampiricStrike"],"picked":"champ:HoldFirm","floor":11},{"not_picked":["champ:SteelEdge","champ:VampiricStrike"],"picked":"champ:StrikeOfGenius","floor":13},{"not_picked":["champ:FanOfKnives","champ:CrownThrow"],"picked":"champ:Endure","floor":15},{"not_picked":["champ:SteelEdge","champ:HoldFirm"],"picked":"champ:TripleStrike","floor":16},{"not_picked":["champ:Circumvent","champ:FocusedBerserking","champ:FanOfKnives"],"picked":"SKIP","floor":19},{"not_picked":["champ:HeartStrike","champ:EnGarde+1"],"picked":"champ:CrownThrow+1","floor":20},{"not_picked":["champ:FanOfKnives","champ:DefensiveShout"],"picked":"champ:ShieldWall+1","floor":21},{"not_picked":[],"picked":"J.A.X.","floor":23},{"not_picked":["champ:Devastate","champ:MurderStrike","champ:ShieldThrow"],"picked":"SKIP","floor":26},{"not_picked":["champ:CheapShot","champ:HoldFirm","champ:Improvising"],"picked":"champ:UltimateStance","floor":27},{"not_picked":["champ:MurderStrike","champ:StrikeOfGenius","champ:Devastate"],"picked":"champ:CheapShot","floor":28},{"not_picked":["champ:Lariat","champ:GutPunch+1","champ:FocusedBerserking+1"],"picked":"champ:AdrenalArmor","floor":29},{"not_picked":["champ:SwordThrow","champ:ShieldThrow","champ:TripleStrike"],"picked":"champ:Improvising","floor":31},{"not_picked":["champ:StanceDance+1","champ:BladeFlurry","champ:EnragedBash","champ:FanOfKnives"],"picked":"SKIP","floor":32},{"not_picked":["champ:SteelEdge","champ:Devastate","champ:LastStand"],"picked":"champ:GladiatorForm","floor":33},{"not_picked":["champ:DeathBlow+1","champ:Backstep","champ:Haymaker+1"],"picked":"champ:BerserkersShout","floor":36},{"not_picked":["champ:Encircle","champ:FanOfKnives","champ:AdrenalArmor+1"],"picked":"champ:TornadoPunch+1","floor":37},{"not_picked":["Blind","Finesse","Thinking Ahead"],"picked":"Impatience","floor":38},{"not_picked":["REME_PuzzleBox","Purity","Violence"],"picked":"StSpp:MindBarrier","floor":38},{"not_picked":["infinitespire:UltimateForm","infinitespire:TheBestDefense"],"picked":"infinitespire:FinalStrike","floor":39},{"not_picked":["champ:CrownThrow+1","champ:PerfectedStrike","champ:SkillfulDodge"],"picked":"champ:Shatter+1","floor":39},{"not_picked":["champ:DefensiveShout","champ:Backstep","champ:Shatter+1"],"picked":"champ:GutPunch","floor":40},{"not_picked":["champ:VampiricStrike","champ:DancingMaster","champ:SteelEdge"],"picked":"champ:CheapShot","floor":42},{"not_picked":["champ:HeavySlash","champ:StrikeOfGenius","champ:ShieldThrow"],"picked":"champ:TripleStrike","floor":43},{"not_picked":["champ:Devastate","champ:DancingMaster","champ:CheapShot"],"picked":"champ:LastStand","floor":44},{"not_picked":["champ:SwordThrow","champ:UltimateStance","champ:DancingMaster"],"picked":"champ:IgnorePain","floor":47},{"not_picked":["champ:RisingSlash+1","champ:FalseCounter","champ:GutPunch+1"],"picked":"champ:Lariat+1","floor":49}],"player_experience":337302,"relics_obtained":[{"floor":6,"key":"Dead Branch"},{"floor":7,"key":"CCEMRelics:SoftDrink"},{"floor":8,"key":"Pen Nib"},{"floor":9,"key":"StSpp:GiftCard"},{"floor":10,"key":"CCEMRelics:GlassOfMilk"},{"floor":11,"key":"Nunchaku"},{"floor":13,"key":"Dota2Spire:PowerTreads"},{"floor":23,"key":"MutagenicStrength"},{"floor":26,"key":"Question Card"},{"floor":27,"key":"CCEMRelics:Francisca"},{"floor":28,"key":"infinitespire:PuzzleCube"},{"floor":31,"key":"The Courier"},{"floor":39,"key":"CCEMRelics:WarHorn"},{"floor":41,"key":"CCEMRelics:Sandal"},{"floor":42,"key":"CeramicFish"},{"floor":43,"key":"Pantograph"},{"floor":44,"key":"StSpp:PetrifiedCaterpillar"},{"floor":47,"key":"infinitespire:Magic Flask"}],"event_choices":[{"damage_healed":0,"gold_gain":0,"player_choice":"2","damage_taken":0,"max_hp_gain":0,"max_hp_loss":0,"event_name":"betterMatch:BetterMatch","floor":5,"gold_loss":0,"cards_obtained":["betterMatch:RareCard"]},{"damage_healed":0,"gold_gain":0,"player_choice":"Got Potions","damage_taken":0,"max_hp_gain":0,"max_hp_loss":0,"event_name":"Lab","floor":14,"gold_loss":0},{"cards_removed":["champ:Strike"],"damage_healed":0,"gold_gain":0,"player_choice":"Take \u0026 Give","damage_taken":0,"max_hp_gain":0,"max_hp_loss":0,"event_name":"betterNote:BetterNote","floor":22,"gold_loss":0,"cards_obtained":["theextravagant:SlyStrike"]},{"damage_healed":0,"gold_gain":3,"player_choice":"1","damage_taken":0,"max_hp_gain":0,"max_hp_loss":0,"event_name":"betterStone:BetterStone","floor":38,"gold_loss":0}],"is_beta":false,"boss_relics":[{"not_picked":["aspiration:SecretTechniqueScroll","aspiration:DefectSkillbook","infinitespire:Cupcake"]},{"not_picked":["Coffee Dripper","energizedSpire:NeverEndingSparkler"],"picked":"REME_ChargedStone"}],"items_purged_floors":[4],"is_endless":false,"potions_floor_spawned":[2,11,13,16,20,23,29,31,32,37,39,43,44],"ascension_level":0}}