{"host":"otf1z5955ddlv5pq","time":1612157316,"event":{"mods":["BaseMod","Better Altar","Better Match","Better Note","Better Sensory Stone","Better Skull","Better Third Choice","Colored Map","Colored Powertips","Downfall","Minty Spire (QoL Compilation)","Rare Cards Sparkle","Replay The Spire","StSLib","Synergy Search"],"gold_per_floor":[99,116,127,37,55,55,55,55,155,155,170,182,198,208,223,326,326,326,342,442,462,482,482,530,530,530,556,574,574,585,156,175,274,274,274,285,305,305,355,311,311,411,411,40,60,80,133,150,162,162,162,162],"floor_reached":50,"language":"ENG","playtime":3796,"items_purged":["bronze:Strike","bronze:Strike","bronze:Defend"],"score":490,"play_id":"798070ff-43c4-423d-a5eb-0afd546cbd88","local_time":"20210131212836","is_ascension_mode":false,"campfire_choices":[{"data":"bronze:Replicate","floor":1,"key":"SMITH"},{"data":"bronze:DazingPulse","floor":10,"key":"SMITH"},{"data":"bronze:BronzeOrb","floor":18,"key":"SMITH"},{"data":"bronze:FindAndReplace","floor":23,"key":"SMITH"},{"data":"bronze:ClassDefault","floor":26,"key":"SMITH"},{"data":"bronze:Flail","floor":29,"key":"SMITH"},{"data":"bronze:FindAndReplace","floor":35,"key":"SMITH"},{"data":"bronze:Goto","floor":35,"key":"SMITH"},{"floor":43,"key":"REST"}],"circlet_count":0,"master_deck":["bronze:Defend+1","bronze:Replicate+1","bronze:Goto+1","bronze:ChosenStrike","bronze:OilSpill","bronze:OilSpill+1","bronze:DazingPulse+1","bronze:BronzeOrb+1","bronze:ClassDefault+1","bronze:FindAndReplace+1","bronze:ForLoop+1","bronze:Backtrace+1","bronze:DelayedSlice+1","bronze:WhirlingStrike+1","bronze:Frontload+1","bronze:Flail+1","bronze:Shield","bronze:DelayedGuard+1","bronze:FindAndReplace+1","Pain","Doubt","CommonCold","bronze:Repulsor","bronze:FollowUp","bronze:Branch+1"],"relics":["bronze:BronzeCore","Mercury Hourglass","Astrolabe","ReplayTheSpireMod:Lightbulb","Bird Faced Urn","Replay:Ancient Bell","Vajra","Singing Bowl","Replay:Arrowhead","bronze:BottledCode","FossilizedHelix","Turnip","Ornamental Fan","Toy Ornithopter","Membership Card","Bottled Lightning","MealTicket"],"acts_visited":["Exordium","TheCity","TheBeyond"],"potions_floor_usage":[16,16,22,31,33,33,50,50,50],"damage_taken":[{"damage":3,"enemies":"Small Slimes","floor":2,"turns":3},{"damage":4,"enemies":"2 Louse","floor":3,"turns":3},{"damage":5,"enemies":"downfall:FleeingMerchant","floor":4,"turns":4},{"damage":1,"enemies":"Jaw Worm","floor":5,"turns":2},{"damage":0,"enemies":"Jaw Worm","floor":8,"turns":1},{"damage":0,"enemies":"Large Slime","floor":11,"turns":2},{"damage":2,"enemies":"Blue Slaver","floor":12,"turns":2},{"damage":0,"enemies":"2 Fungi Beasts","floor":13,"turns":2},{"damage":1,"enemies":"Blue Slaver","floor":14,"turns":2},{"damage":5,"enemies":"Large Slime","floor":15,"turns":4},{"damage":20,"enemies":"SI_SHIV_ARCHETYPE","floor":16,"turns":5},{"damage":0,"enemies":"3 Byrds","floor":19,"turns":2},{"damage":0,"enemies":"Chosen","floor":21,"turns":2},{"damage":7,"enemies":"Shelled Parasite and Fungi","floor":22,"turns":3},{"damage":1,"enemies":"3 Cultists","floor":28,"turns":3},{"damage":1,"enemies":"Cultist and Chosen","floor":30,"turns":3},{"damage":4,"enemies":"downfall:FleeingMerchant","floor":31,"turns":4},{"damage":0,"enemies":"Snake Plant","floor":32,"turns":2},{"damage":36,"enemies":"IC_MUSHROOM_ARCHETYPE","floor":33,"turns":5},{"damage":0,"enemies":"3 Shapes","floor":36,"turns":1},{"damage":0,"enemies":"3 Darklings","floor":37,"turns":1},{"damage":27,"enemies":"3 Darklings","floor":39,"turns":5},{"damage":0,"enemies":"downfall:FleeingMerchant","floor":40,"turns":3},{"damage":23,"enemies":"downfall:LadyInBlue","floor":42,"turns":8},{"damage":9,"enemies":"Sphere and 2 Shapes","floor":45,"turns":5},{"damage":0,"enemies":"Jaw Worm Horde","floor":46,"turns":2},{"damage":14,"enemies":"3 Darklings","floor":48,"turns":4},{"damage":10,"enemies":"Sphere and 2 Shapes","floor":49,"turns":5},{"damage":80,"enemies":"WA_ARCHETYPE_DIVINITY","floor":50,"turns":9}],"seed_played":"5627323297344770369","potions_obtained":[{"floor":2,"key":"FearPotion"},{"floor":8,"key":"BlessingOfTheForge"},{"floor":12,"key":"SkillPotion"},{"floor":21,"key":"Ancient Potion"},{"floor":25,"key":"Toxic Potion"},{"floor":25,"key":"Strength Potion"},{"floor":32,"key":"Explosive Potion"},{"floor":33,"key":"Cursed Concoction"},{"floor":37,"key":"Swift Potion"},{"floor":42,"key":"Venom Potion"},{"floor":42,"key":"SkillPotion"}],"is_trial":false,"path_per_floor":["R","M","M","$","M","?","T","?","?","R","M","M","M","M","M","B",null,"R","M","?","M","M","R","T","?","R","T","M","R","M","$","M","B",null,"R","M","M","?","?","$","T","?","R","$","M","M","?","M","M","B"],"character_chosen":"THE_AUTOMATON","items_purchased":["Bird Faced Urn","Turnip","bronze:Repulsor","Membership Card","bronze:FollowUp","Bottled Lightning"],"campfire_rested":1,"item_purchase_floors":[31,40,40,44,44,44],"current_hp_per_floor":[77,74,70,65,64,64,64,64,64,64,64,62,62,61,56,36,77,77,77,77,77,70,70,70,70,70,70,69,69,68,64,64,28,83,83,85,87,77,52,54,54,37,61,61,54,56,56,44,38,0,0,0],"gold":162,"neow_bonus":"TEN_PERCENT_HP_BONUS","is_daily":false,"chose_seed":false,"campfire_upgraded":8,"win_rate":0.0,"timestamp":1612157316,"path_taken":["R","M","M","$","M","?","T","?","?","R","?","M","M","M","M","BOSS","R","M","?","M","M","R","T","?","R","?","M","R","M","$","M","BOSS","R","M","M","?","?","?","T","?","R","$","M","?","?","M","M","BOSS"],"items_purchased_type":["Relic","Relic","Card","Relic","Card","Relic"],"build_version":"2020-12-22","purchased_purges":3,"victory":false,"max_hp_per_floor":[77,77,77,77,77,77,77,77,77,77,77,77,77,77,77,77,77,77,77,77,77,77,77,77,77,77,77,77,77,77,77,77,77,83,83,85,87,77,79,81,81,83,83,83,83,85,85,87,89,89,89,89],"card_choices":[{"not_picked":["bronze:FollowUp","bronze:Invalidate"],"picked":"bronze:ChosenStrike","floor":2},{"not_picked":["bronze:BuggyMess","bronze:ChildClass","bronze:Iterate"],"picked":"SKIP","floor":3},{"not_picked":["bronze:Optimize","bronze:Iterate"],"picked":"bronze:OilSpill","floor":4},{"not_picked":["bronze:FineTuning","bronze:DelayedSlice","bronze:WildBeam"],"picked":"SKIP","floor":5},{"not_picked":[],"picked":"bronze:DazingPulse","floor":8},{"not_picked":["bronze:FineTuning","bronze:NullPointer","bronze:DelayedSlice"],"picked":"SKIP","floor":11},{"not_picked":["bronze:ForceShield","bronze:WildBeam"],"picked":"bronze:BronzeOrb","floor":12},{"not_picked":["bronze:GetLatest","bronze:Virus"],"picked":"bronze:ClassDefault","floor":13},{"not_picked":["bronze:Allocate","bronze:FineTuning","bronze:Iterate"],"picked":"SKIP","floor":14},{"not_picked":["bronze:OilSpill","bronze:BronzeOrb","bronze:BugBarrage"],"picked":"SKIP","floor":15},{"not_picked":["bronze:Format","bronze:ThunderWave"],"picked":"bronze:FindAndReplace","floor":16},{"not_picked":["bronze:CutThrough+1","bronze:DelayedGuard"],"picked":"bronze:WhirlingStrike+1","floor":19},{"not_picked":["bronze:Allocate+1","bronze:BugBarrage+1"],"picked":"bronze:Frontload","floor":21},{"not_picked":["bronze:BronzeArmor","bronze:Invalidate"],"picked":"bronze:Flail","floor":22},{"not_picked":["bronze:FineTuning+1","bronze:BurnOut"],"picked":"bronze:Shield","floor":28},{"not_picked":["bronze:Branch","bronze:ForLoop","bronze:ItsAFeature"],"picked":"SKIP","floor":30},{"not_picked":["bronze:DelayedSlice","bronze:GetLatest","bronze:BugBarrage"],"picked":"SKIP","floor":31},{"not_picked":["bronze:Shield","bronze:Break"],"picked":"bronze:DelayedGuard+1","floor":32},{"not_picked":["bronze:ThunderWave","bronze:HyperBeam"],"picked":"bronze:FindAndReplace","floor":33},{"not_picked":["Pain","Doubt","Voices"],"picked":"Singing Bowl","floor":34},{"not_picked":["Normality","Doubt","Clumsy"],"picked":"Singing Bowl","floor":34},{"not_picked":["downfall:Bewildered","CommonCold","Hallucinations"],"picked":"Singing Bowl","floor":34},{"not_picked":["bronze:DigitalCarnage","bronze:ClassDefault+1","bronze:DelayedSlice"],"picked":"Singing Bowl","floor":36},{"not_picked":["bronze:BuggyMess+1","bronze:Return","bronze:Shield+1"],"picked":"Singing Bowl","floor":37},{"not_picked":["bronze:NullPointer+1","bronze:ForLoop","bronze:Invalidate+1"],"picked":"Singing Bowl","floor":39},{"not_picked":["bronze:Frontload","bronze:FineTuning","bronze:RecursiveStrike"],"picked":"Singing Bowl","floor":40},{"not_picked":["bronze:BuggyMess","bronze:ChosenStrike","bronze:Frontload+1"],"picked":"Singing Bowl","floor":42},{"not_picked":["bronze:CutThrough","bronze:MaxOutput"],"picked":"bronze:Branch+1","floor":45},{"not_picked":["bronze:Deprecate","bronze:BuggyMess","bronze:BitShift"],"picked":"Singing Bowl","floor":46},{"not_picked":["bronze:Invalidate","bronze:Deprecate","bronze:Iterate"],"picked":"Singing Bowl","floor":48},{"not_picked":["bronze:BitShift","bronze:Optimize+1","bronze:CutThrough+1"],"picked":"Singing Bowl","floor":49}],"player_experience":1213877,"relics_obtained":[{"floor":7,"key":"Mercury Hourglass"},{"floor":24,"key":"War Paint"},{"floor":27,"key":"ReplayTheSpireMod:Lightbulb"},{"floor":39,"key":"FossilizedHelix"},{"floor":41,"key":"Ornamental Fan"},{"floor":42,"key":"Toy Ornithopter"},{"floor":47,"key":"MealTicket"}],"event_choices":[],"is_beta":false,"boss_relics":[{"not_picked":["Coffee Dripper","Ring of Chaos"],"picked":"Astrolabe"},{"not_picked":["Sozu","ReplayTheSpireMod:DimensionalGlitch"],"picked":"Replay:Ancient Bell"},{"not_picked":["Pen Nib","ReplayTheSpireMod:TigerMarble"],"picked":"Vajra"},{"not_picked":["InkBottle","Mummified Hand"],"picked":"Singing Bowl"},{"not_picked":["Ginger","Peace Pipe"],"picked":"Replay:Arrowhead"}],"items_purged_floors":[4,31,44],"is_endless":false,"potions_floor_spawned":[2,8,12,21,32,33,37,39,46,48,49],"killed_by":"WA_ARCHETYPE_DIVINITY","ascension_level":0}}