{"host":"swphzoo6hmc78epl","time":1612144489,"event":{"mods":["BaseMod","Highlight Path","Minty Spire (QoL Compilation)","Quick Restart"],"gold_per_floor":[113,132,146,146,166,166,182,32,32,45,64,76,88,107,107,202,202,220,220,237,147,162,196,196,196],"floor_reached":24,"language":"ENG","playtime":927,"items_purged":[],"score":248,"play_id":"0e17d442-a666-44b4-ac15-16e206e49b35","local_time":"20210131205449","is_ascension_mode":true,"campfire_choices":[{"data":"Doom and Gloom","floor":6,"key":"SMITH"},{"data":"Lockon","floor":15,"key":"SMITH"}],"circlet_count":0,"master_deck":["Strike_B","Strike_B","Strike_B","Defend_B+1","Defend_B","Defend_B","Defend_B","Zap","Dualcast","Streamline","Doom and Gloom+1","Ball Lightning","Glacier","Rebound","Lockon+1","Storm","Cold Snap","Electrodynamics","Storm","Conserve Battery","Rebound+1","Buffer"],"relics":["Cracked Core","Orichalcum","OrangePellets","Bag of Preparation","SlaversCollar","Enchiridion","Dream Catcher"],"acts_visited":["Exordium","TheCity"],"potions_floor_usage":[5,11,18,22,23,24],"damage_taken":[{"damage":0,"enemies":"Cultist","floor":1,"turns":3},{"damage":7,"enemies":"Small Slimes","floor":2,"turns":3},{"damage":2,"enemies":"2 Louse","floor":3,"turns":2},{"damage":0,"enemies":"2 Fungi Beasts","floor":5,"turns":2},{"damage":9,"enemies":"3 Louse","floor":7,"turns":2},{"damage":0,"enemies":"Large Slime","floor":10,"turns":3},{"damage":6,"enemies":"2 Fungi Beasts","floor":11,"turns":3},{"damage":2,"enemies":"Blue Slaver","floor":12,"turns":2},{"damage":5,"enemies":"Looter","floor":13,"turns":2},{"damage":3,"enemies":"Red Slaver","floor":14,"turns":3},{"damage":46,"enemies":"Slime Boss","floor":16,"turns":10},{"damage":16,"enemies":"2 Thieves","floor":18,"turns":2},{"damage":10,"enemies":"Spheric Guardian","floor":20,"turns":4},{"damage":12,"enemies":"Chosen and Byrds","floor":22,"turns":4},{"damage":15,"enemies":"Book of Stabbing","floor":23,"turns":4},{"damage":14,"enemies":"Centurion and Healer","floor":24,"turns":3}],"seed_played":"104951050090900220","potions_obtained":[{"floor":2,"key":"Explosive Potion"},{"floor":3,"key":"Regen Potion"},{"floor":4,"key":"CultistPotion"},{"floor":7,"key":"Regen Potion"},{"floor":11,"key":"LiquidMemories"},{"floor":16,"key":"FocusPotion"},{"floor":18,"key":"DuplicationPotion"},{"floor":22,"key":"Strength Potion"}],"is_trial":false,"path_per_floor":["M","M","M","?","M","R","M","$","T","M","M","M","M","M","R","B",null,"M","?","M","?","M","E","M"],"character_chosen":"DEFECT","items_purchased":["OrangePellets"],"campfire_rested":0,"item_purchase_floors":[8],"current_hp_per_floor":[75,68,66,66,71,71,62,62,62,62,65,63,58,55,55,9,75,59,43,33,33,21,6,0,0],"gold":196,"neow_bonus":"RANDOM_COMMON_RELIC","is_daily":false,"chose_seed":false,"campfire_upgraded":2,"win_rate":0.0,"timestamp":1612144489,"path_taken":["M","M","M","?","M","R","M","$","T","M","M","M","M","?","R","BOSS","M","?","M","?","M","E","M"],"items_purchased_type":["Relic"],"build_version":"2020-12-22","purchased_purges":0,"victory":false,"max_hp_per_floor":[75,75,75,75,75,75,75,75,75,75,75,75,75,75,75,75,75,75,75,75,75,75,75,75,75],"card_choices":[{"not_picked":["Coolheaded","White Noise"],"picked":"Streamline","floor":1},{"not_picked":["Compile Driver","Coolheaded"],"picked":"Doom and Gloom","floor":2},{"not_picked":["Compile Driver","Heatsinks"],"picked":"Ball Lightning","floor":3},{"not_picked":["Amplify","Ball Lightning"],"picked":"Glacier","floor":5},{"not_picked":["Redo","Turbo"],"picked":"Rebound","floor":7},{"not_picked":["Coolheaded","Conserve Battery"],"picked":"Lockon","floor":10},{"not_picked":["Coolheaded","Doom and Gloom","Double Energy"],"picked":"SKIP","floor":11},{"not_picked":["Barrage","Force Field"],"picked":"Storm","floor":12},{"not_picked":["Compile Driver","Conserve Battery"],"picked":"Cold Snap","floor":13},{"not_picked":["Cold Snap","Gash","Barrage"],"picked":"SKIP","floor":14},{"not_picked":["Buffer","All For One"],"picked":"Electrodynamics","floor":16},{"not_picked":["Chaos","Ball Lightning+1"],"picked":"Storm","floor":18},{"not_picked":["Turbo","Cold Snap"],"picked":"Conserve Battery","floor":20},{"not_picked":["Turbo","Stack"],"picked":"Rebound+1","floor":22},{"not_picked":["Go for the Eyes+1","Streamline"],"picked":"Buffer","floor":23}],"player_experience":852805,"relics_obtained":[{"floor":9,"key":"Bag of Preparation"},{"floor":19,"key":"Enchiridion"},{"floor":23,"key":"Dream Catcher"}],"event_choices":[{"damage_healed":0,"gold_gain":0,"player_choice":"Got Potions","damage_taken":0,"max_hp_gain":0,"max_hp_loss":0,"event_name":"Lab","floor":4,"gold_loss":0},{"damage_healed":0,"gold_gain":0,"player_choice":"Obtained Book","damage_taken":16,"max_hp_gain":0,"max_hp_loss":0,"event_name":"Cursed Tome","floor":19,"gold_loss":0},{"cards_removed":["Strike_B"],"damage_healed":0,"gold_gain":0,"player_choice":"Upgrade and Remove","damage_taken":0,"max_hp_gain":0,"max_hp_loss":0,"event_name":"Designer","floor":21,"gold_loss":90,"cards_upgraded":["Defend_B"]}],"is_beta":false,"boss_relics":[{"not_picked":["Snecko Eye","Ectoplasm"],"picked":"SlaversCollar"}],"items_purged_floors":[],"is_endless":false,"potions_floor_spawned":[2,3,7,11,16,18,20,22],"killed_by":"Centurion and Healer","ascension_level":3}}