{"host":"cmxkjr0hek4mqvmn","time":1612187735,"event":{"mods":["BaseMod","Beaked The Cultist","Better Match","Better Skull","Better Third Choice","BetterRewards","Clawfect","Colored Map","Displayed Cursed Tome","GifTheSpireLib","Hermit","Hubris","JesterMod","Mimic Mod","Minty Spire (QoL Compilation)","Quick Restart","Robot Space Explorer","StSLib","The Bladedancer","The Blue Laboratory","The Cursed","Thieving Mod","Waifu the Spire"],"gold_per_floor":[111,111,126,126,142,142,177,194,194,223,0,0,0,0,0,98,98,116,116,132,151,66,100,100,128,128,139,139,156,166,9,9,105,105,122,122,122,122,141,171,171,186,186,196,209,220,220,238,238,238,238,238,88,119,119,119],"floor_reached":55,"language":"ENG","playtime":3212,"items_purged":[],"score":824,"play_id":"73740d8a-5fc7-49c1-9637-73aa756da3e7","local_time":"20210201085535","is_ascension_mode":true,"campfire_choices":[{"floor":13.0,"key":"REST"},{"data":"Blade Dance","floor":15.0,"key":"SMITH"},{"data":"Distraction","floor":24.0,"key":"SMITH"},{"floor":28.0,"key":"RECALL"},{"floor":32.0,"key":"REST"},{"floor":41.0,"key":"REST"},{"floor":49.0,"key":"REST"},{"data":"Glass Knife","floor":52,"key":"SMITH"}],"circlet_count":0,"master_deck":["Strike_G","Strike_G","Strike_G","Strike_G","Strike_G","Defend_G+1","Defend_G","Defend_G","Defend_G","Defend_G","Survivor","Neutralize","Dodge and Roll+1","Backstab+1","Quick Slash","Blade Dance+1","Distraction+1","Slice","Blade Dance+1","Glass Knife+1","Accuracy+1","Terror+1","Cloak And Dagger+1","Slice","Cloak And Dagger+1","Accuracy+1","After Image+1","Backstab+1","Distraction+1","Finisher"],"relics":["Ring of the Snake","Frozen Egg 2","Singing Bowl","Omamori","Bag of Preparation","hubris:Icosahedron","hubris:ScarierMask","hubris:DeckOfHolding","hubris:BottledRain","Regal Pillow","hubris:TenFootPole","Sozu","Vajra","InkBottle","Oddly Smooth Stone","Art of War"],"acts_visited":["Exordium","TheCity","TheBeyond","TheEnding"],"potions_floor_usage":[50],"damage_taken":[{"damage":3.0,"enemies":"Small Slimes","floor":1.0,"turns":5.0},{"damage":0.0,"enemies":"2 Louse","floor":3.0,"turns":2.0},{"damage":0.0,"enemies":"Jaw Worm","floor":5.0,"turns":3.0},{"damage":14.0,"enemies":"Lagavulin","floor":7.0,"turns":9.0},{"damage":0.0,"enemies":"2 Fungi Beasts","floor":8.0,"turns":3.0},{"damage":18.0,"enemies":"Gremlin Nob","floor":10.0,"turns":4.0},{"damage":0.0,"enemies":"Slime Boss","floor":16.0,"turns":3.0},{"damage":0.0,"enemies":"3 Byrds","floor":18.0,"turns":2.0},{"damage":5.0,"enemies":"2 Thieves","floor":20.0,"turns":2.0},{"damage":15.0,"enemies":"Snecko","floor":21.0,"turns":4.0},{"damage":6.0,"enemies":"Book of Stabbing","floor":23.0,"turns":2.0},{"damage":1.0,"enemies":"Slavers","floor":25.0,"turns":3.0},{"damage":2.0,"enemies":"Shelled Parasite and Fungi","floor":27.0,"turns":2.0},{"damage":0.0,"enemies":"Cultist and Chosen","floor":29.0,"turns":3.0},{"damage":0.0,"enemies":"3 Cultists","floor":30.0,"turns":2.0},{"damage":58.0,"enemies":"hubris:MusketHawk","floor":33.0,"turns":7.0},{"damage":30.0,"enemies":"3 Shapes","floor":35.0,"turns":2.0},{"damage":0.0,"enemies":"Orb Walker","floor":39.0,"turns":1.0},{"damage":37.0,"enemies":"Giant Head","floor":40.0,"turns":7.0},{"damage":16.0,"enemies":"Spire Growth","floor":42.0,"turns":4.0},{"damage":0.0,"enemies":"Jaw Worm Horde","floor":44.0,"turns":2.0},{"damage":0.0,"enemies":"3 Darklings","floor":45.0,"turns":2.0},{"damage":3.0,"enemies":"4 Shapes","floor":46.0,"turns":4.0},{"damage":0.0,"enemies":"Maw","floor":48.0,"turns":5.0},{"damage":77,"enemies":"Awakened One","floor":50,"turns":12},{"damage":4,"enemies":"Shield and Spear","floor":54,"turns":3},{"damage":81,"enemies":"The Heart","floor":55,"turns":3}],"seed_played":"-6698691861684413816","potions_obtained":[{"floor":3.0,"key":"blueLaboratory:HummingbirdPotion"},{"floor":7.0,"key":"blueLaboratory:BottledHope"},{"floor":10.0,"key":"blueLaboratory:HorrorPotion"},{"floor":16.0,"key":"blueLaboratory:ForbiddenFruitJuice"},{"floor":20.0,"key":"LiquidBronze"},{"floor":25.0,"key":"blueLaboratory:BottleOfRum"},{"floor":29.0,"key":"blueLaboratory:StoneskinPotion"},{"floor":30.0,"key":"AttackPotion"}],"is_trial":false,"path_per_floor":["M","?","M","?","M","?","E","M","T","E","$","?","R","?","R","B",null,"M","?","M","M","?","E","R","E","T","M","R","M","M","$","R","B",null,"M","?","?","?","M","E","R","M","T","M","M","M","?","M","R","B",null,"R","$","E","B"],"character_chosen":"THE_SILENT","items_purchased":["Bag of Preparation","Blade Dance","Strength Potion","hubris:TenFootPole","Oddly Smooth Stone"],"campfire_rested":4,"item_purchase_floors":[11,11,11,31,53],"current_hp_per_floor":[67,67,67,67,67,53,39,39,39,21,21,21,42,42,42,42,70,70,70,67,52,52,48,48,49,49,47,47,47,47,47,76,20,78,50,50,50,50,50,13,50,34,34,36,38,35,37,39,79,2,84,84,84,80,0,0],"gold":119,"neow_bonus":"THREE_CARDS","is_daily":false,"chose_seed":false,"campfire_upgraded":3,"win_rate":0.0,"timestamp":1612187735,"path_taken":["M","?","M","?","?","?","E","M","T","E","$","?","R","?","R","BOSS","M","?","M","M","?","E","R","E","T","M","R","M","?","$","R","BOSS","M","?","?","?","?","E","R","M","T","M","M","M","?","M","R","BOSS","R","$","E","BOSS"],"items_purchased_type":["Relic","Card","Potion","Relic","Relic"],"build_version":"2020-12-22","purchased_purges":0,"victory":false,"max_hp_per_floor":[70,70,70,70,70,70,70,70,70,70,70,70,70,70,70,70,70,70,70,72,72,72,74,74,76,76,76,76,76,76,76,76,78,78,80,80,76,76,76,76,76,76,76,78,80,80,82,84,84,84,84,84,84,84,84,84],"card_choices":[{"not_picked":["hubris:SlightOfHand","Bane"],"picked":"Dodge and Roll","floor":0.0},{"not_picked":["Prepared","Sucker Punch"],"picked":"Backstab","floor":1.0},{"not_picked":["Well Laid Plans","Dagger Throw"],"picked":"Quick Slash","floor":3.0},{"not_picked":["Bouncing Flask","Acrobatics"],"picked":"Blade Dance","floor":5.0},{"not_picked":["Dodge and Roll","Acrobatics","Dagger Throw"],"picked":"SKIP","floor":7.0},{"not_picked":["Crippling Poison","Dodge and Roll"],"picked":"Distraction","floor":8.0},{"not_picked":["Dagger Spray","Glass Knife"],"picked":"Slice","floor":10.0},{"not_picked":["Unload","Die Die Die"],"picked":"Glass Knife","floor":16.0},{"not_picked":["hubris:SlightOfHand+1","Dodge and Roll+1"],"picked":"Accuracy+1","floor":18.0},{"not_picked":["Prepared","Flying Knee","PiercingWail"],"picked":"Singing Bowl","floor":20.0},{"not_picked":["hubris:Counter","Choke"],"picked":"Terror+1","floor":21.0},{"not_picked":["Bane+1","Leg Sweep","Sucker Punch"],"picked":"Singing Bowl","floor":23.0},{"not_picked":["Choke","Acrobatics+1","Sucker Punch+1"],"picked":"Singing Bowl","floor":25.0},{"not_picked":["Sucker Punch","Skewer"],"picked":"Cloak And Dagger","floor":27.0},{"not_picked":["Leg Sweep","Envenom+1"],"picked":"Slice","floor":29.0},{"not_picked":["hubris:TrickCloak","Setup"],"picked":"Cloak And Dagger+1","floor":30.0},{"not_picked":["Wraith Form v2+1","Malaise","Unload"],"picked":"Singing Bowl","floor":33.0},{"not_picked":["Escape Plan","Poisoned Stab","Flying Knee+1"],"picked":"Singing Bowl","floor":35.0},{"not_picked":["Tactician","Quick Slash+1"],"picked":"Accuracy+1","floor":39.0},{"not_picked":["Acrobatics+1","Dagger Spray"],"picked":"After Image+1","floor":40.0},{"not_picked":["Outmaneuver+1","Calculated Gamble+1"],"picked":"Backstab+1","floor":42.0},{"not_picked":["Poisoned Stab+1","Acrobatics","Deflect"],"picked":"Singing Bowl","floor":44.0},{"not_picked":["Eviscerate+1","Catalyst+1","Poisoned Stab+1"],"picked":"Singing Bowl","floor":45.0},{"not_picked":["hubris:SlightOfHand+1","Quick Slash"],"picked":"Distraction+1","floor":46.0},{"not_picked":["Mind Blast","Flash of Steel","Discovery"],"picked":"Singing Bowl","floor":47.0},{"not_picked":["Deadly Poison+1","Endless Agony","Predator+1"],"picked":"Singing Bowl","floor":48.0},{"not_picked":["Bane+1","Tactician+1"],"picked":"Finisher","floor":54}],"player_experience":659224,"relics_obtained":[{"floor":7.0,"key":"Frozen Egg 2"},{"floor":9.0,"key":"Singing Bowl"},{"floor":10.0,"key":"Omamori"},{"floor":23.0,"key":"hubris:BottledRain"},{"floor":25.0,"key":"Regal Pillow"},{"floor":40.0,"key":"Vajra"},{"floor":43.0,"key":"InkBottle"},{"floor":54,"key":"Art of War"}],"event_choices":[{"damage_healed":0.0,"max_hp_gain":0.0,"max_hp_loss":0.0,"gold_gain":0.0,"event_name":"The Cleric","player_choice":"Leave","floor":2.0,"gold_loss":0.0,"damage_taken":0.0},{"damage_healed":67.0,"max_hp_gain":0.0,"max_hp_loss":70.0,"gold_gain":0.0,"event_name":"betterThird:BetterShining","player_choice":"Upgrade","floor":6.0,"gold_loss":0.0,"damage_taken":14.0,"cards_upgraded":["Defend_G","Backstab"]},{"damage_healed":0.0,"max_hp_gain":0.0,"max_hp_loss":0.0,"gold_gain":0.0,"event_name":"Living Wall","player_choice":"Grow","floor":12.0,"gold_loss":0.0,"damage_taken":0.0,"cards_upgraded":["Blade Dance"]},{"damage_healed":0.0,"max_hp_gain":0.0,"max_hp_loss":0.0,"gold_gain":0.0,"event_name":"Vampires","player_choice":"Ignored","floor":19.0,"gold_loss":0.0,"damage_taken":0.0},{"damage_healed":0.0,"max_hp_gain":0.0,"max_hp_loss":0.0,"gold_gain":0.0,"event_name":"Addict","player_choice":"Obtained Relic","floor":22.0,"gold_loss":85.0,"damage_taken":0.0,"relics_obtained":["hubris:DeckOfHolding"]},{"damage_healed":0.0,"max_hp_gain":0.0,"max_hp_loss":0.0,"gold_gain":0.0,"event_name":"Tomb of Lord Red Mask","player_choice":"Ignored","floor":36.0,"gold_loss":0.0,"damage_taken":0.0},{"damage_healed":0.0,"max_hp_gain":0.0,"max_hp_loss":4.0,"gold_gain":0.0,"event_name":"Winding Halls","player_choice":"Max HP","floor":37.0,"gold_loss":0.0,"damage_taken":0.0},{"damage_healed":0.0,"max_hp_gain":0.0,"max_hp_loss":0.0,"gold_gain":0.0,"event_name":"Accursed Blacksmith","player_choice":"Forge","floor":38.0,"gold_loss":0.0,"damage_taken":0.0,"cards_upgraded":["Cloak And Dagger"]},{"damage_healed":0.0,"max_hp_gain":0.0,"max_hp_loss":0.0,"gold_gain":0.0,"event_name":"betterThird:BetterPortal","player_choice":"Random: Blue","floor":47.0,"gold_loss":0.0,"damage_taken":0.0},{"damage_healed":0.0,"max_hp_gain":0.0,"max_hp_loss":0.0,"gold_gain":0.0,"event_name":"SensoryStone","player_choice":"Memory 1","floor":47.0,"gold_loss":0.0,"damage_taken":0.0}],"is_beta":false,"boss_relics":[{"not_picked":["hubris:VirtuousBlindfold","hubris:CrackedHourglass"],"picked":"hubris:ScarierMask"},{"not_picked":["HoveringKite","hubris:HollowSoul"],"picked":"Sozu"}],"items_purged_floors":[],"is_endless":false,"potions_floor_spawned":[3,7,10,16,20,25,29,30,40,44,46,48,54],"killed_by":"The Heart","ascension_level":2}}