{"host":"l12hrjjiowxu1z6t","time":1612190186,"event":{"mods":["BaseMod","Colored Map","GifTheSpireLib","Minty Spire (QoL Compilation)","Permanent Neow","StSLib","SuperFastMode"],"gold_per_floor":[119,134,134,537,555,555,566,599,599,325,336,336,356,380,380,477,5477,5477,5477,5477,5187,5187,5187,5187,4807,4807,4807,4807,4807,4807,4807,4807,4807,4807,4807,4807,4807,4347,4347,4347,4347,4347,4347,4347,4347,4347,4347,3971,3971,3971],"floor_reached":51,"language":"KOR","playtime":6080,"items_purged":["Zap","Strike_B","Defend_B","Strike_B","Strike_B","Defend_B"],"score":767,"play_id":"f93570e6-0b98-4da8-9760-e47b3d902bb7","local_time":"20210201233626","is_ascension_mode":false,"campfire_choices":[{"data":"Reinforced Body","floor":6,"key":"SMITH"},{"floor":12,"key":"REST"},{"floor":15,"key":"REST"},{"data":"1","floor":24,"key":"LIFT"},{"data":"Fusion","floor":28,"key":"SMITH"},{"data":"Double Energy","floor":30,"key":"SMITH"},{"data":"Sunder","floor":32,"key":"SMITH"},{"data":"Hologram","floor":40,"key":"SMITH"},{"floor":42,"key":"REST"},{"data":"Skim","floor":49,"key":"SMITH"}],"circlet_count":0,"master_deck":["Strike_B","Defend_B","Dualcast","Genetic Algorithm+1","Reinforced Body+1","Self Repair","Conserve Battery","Fusion+1","Meteor Strike+1","Hyperbeam+1","Skim+1","Skim+1","Sunder+1","Double Energy+1","Multi-Cast+1","Machine Learning","Hologram+1","Flash of Steel"],"relics":["Nuclear Battery","Vajra","Happy Flower","Membership Card","Dream Catcher","Mercury Hourglass","Omamori","Ancient Tea Set","OrangePellets","Odd Mushroom","Ectoplasm","Strange Spoon","Orichalcum","Potion Belt","Girya","Incense Burner","Centennial Puzzle","TheAbacus","Bottled Lightning","Black Star","Thread and Needle","Ornamental Fan","Pocketwatch","Chemical X","Blood Vial","Darkstone Periapt","CaptainsWheel"],"acts_visited":["Exordium","TheCity","TheBeyond"],"potions_floor_usage":[8,16,16,19,29,33,50,50,50],"damage_taken":[{"damage":0,"enemies":"Small Slimes","floor":1,"turns":4},{"damage":1,"enemies":"Cultist","floor":2,"turns":4},{"damage":7,"enemies":"Jaw Worm","floor":5,"turns":4},{"damage":2,"enemies":"Exordium Wildlife","floor":7,"turns":6},{"damage":22,"enemies":"Gremlin Nob","floor":8,"turns":6},{"damage":2,"enemies":"3 Louse","floor":11,"turns":3},{"damage":0,"enemies":"2 Fungi Beasts","floor":13,"turns":5},{"damage":31,"enemies":"The Mushroom Lair","floor":14,"turns":6},{"damage":95,"enemies":"Slime Boss","floor":16,"turns":17},{"damage":23,"enemies":"Spheric Guardian","floor":18,"turns":14},{"damage":23,"enemies":"Chosen","floor":19,"turns":11},{"damage":1,"enemies":"Snake Plant","floor":22,"turns":3},{"damage":19,"enemies":"Slavers","floor":23,"turns":3},{"damage":0,"enemies":"Snecko","floor":29,"turns":3},{"damage":0,"enemies":"Centurion and Healer","floor":31,"turns":10},{"damage":15,"enemies":"Champ","floor":33,"turns":7},{"damage":19,"enemies":"3 Darklings","floor":35,"turns":3},{"damage":30,"enemies":"2 Orb Walkers","floor":36,"turns":4},{"damage":0,"enemies":"Orb Walker","floor":37,"turns":3},{"damage":3,"enemies":"4 Shapes","floor":41,"turns":3},{"damage":0,"enemies":"Transient","floor":44,"turns":5},{"damage":0,"enemies":"Maw","floor":47,"turns":4},{"damage":20,"enemies":"Time Eater","floor":50,"turns":9}],"seed_played":"6484779424424306143","potions_obtained":[{"floor":1,"key":"Fire Potion"},{"floor":7,"key":"Energy Potion"},{"floor":11,"key":"LiquidBronze"},{"floor":13,"key":"SteroidPotion"},{"floor":18,"key":"Fruit Juice"},{"floor":19,"key":"PowerPotion"},{"floor":33,"key":"Explosive Potion"},{"floor":35,"key":"Weak Potion"},{"floor":36,"key":"SteroidPotion"}],"is_trial":false,"path_per_floor":["M","M","?","$","M","R","M","E","T","$","M","R","M","?","R","B",null,"M","M","?","$","M","E","R","$","T","?","R","M","R","M","R","B",null,"M","?","M","$","?","R","M","R","T","M","?","?","M","$","R","B",null],"character_chosen":"DEFECT","items_purchased":["Vajra","Happy Flower","Membership Card","Reinforced Body","Self Repair","Omamori","Ancient Tea Set","OrangePellets","Strange Spoon","Orichalcum","Potion Belt","Incense Burner","Centennial Puzzle","TheAbacus","Hologram","Ornamental Fan","Pocketwatch","Chemical X","Darkstone Periapt","CaptainsWheel"],"campfire_rested":3,"item_purchase_floors":[4,4,4,4,4,10,10,10,21,21,21,25,25,25,38,38,38,38,48,48],"current_hp_per_floor":[75,74,74,74,74,74,75,60,60,60,65,75,75,51,73,70,75,59,43,43,43,49,30,30,30,30,30,30,42,42,49,49,41,80,68,45,52,52,52,52,49,73,73,80,80,80,80,80,80,67],"gold":3971,"neow_bonus":"BOSS_RELIC","is_daily":false,"chose_seed":false,"campfire_upgraded":6,"win_rate":0.0,"timestamp":1612190186,"path_taken":["M","M","?","$","?","R","M","E","T","$","M","R","M","?","R","BOSS","M","M","?","$","M","E","R","$","T","?","R","M","R","M","R","BOSS","M","?","M","$","?","R","M","R","T","M","?","?","M","$","R","BOSS"],"items_purchased_type":["Relic","Relic","Relic","Card","Card","Relic","Relic","Relic","Relic","Relic","Relic","Relic","Relic","Relic","Card","Relic","Relic","Relic","Relic","Relic"],"build_version":"2020-12-22","purchased_purges":6,"victory":true,"max_hp_per_floor":[75,75,75,75,75,75,75,75,75,75,75,75,75,75,75,75,75,75,75,75,75,75,75,75,75,75,75,75,80,80,80,80,80,80,80,80,80,80,80,80,80,80,80,80,80,80,80,80,80,80],"card_choices":[{"not_picked":["Heatsinks","Aggregate"],"picked":"Genetic Algorithm","floor":1},{"not_picked":["Cold Snap","Gash","Tempest"],"picked":"SKIP","floor":2},{"not_picked":["Compile Driver","Darkness","Stack"],"picked":"SKIP","floor":5},{"not_picked":["Compile Driver","Chaos"],"picked":"Conserve Battery","floor":7},{"not_picked":["Darkness","Self Repair"],"picked":"Fusion","floor":8},{"not_picked":["Defragment","Redo","Streamline"],"picked":"SKIP","floor":11},{"not_picked":["Sweeping Beam","Stack","Beam Cell"],"picked":"SKIP","floor":13},{"not_picked":["Gash","Hologram","Heatsinks"],"picked":"SKIP","floor":18},{"not_picked":["Go for the Eyes","Chaos","Redo"],"picked":"SKIP","floor":19},{"not_picked":["Compile Driver","Conserve Battery","Defragment"],"picked":"SKIP","floor":22},{"not_picked":["Leap","Rip and Tear","Heatsinks"],"picked":"SKIP","floor":23},{"not_picked":["Redo","Barrage"],"picked":"Reinforced Body+1","floor":29},{"not_picked":["Sweeping Beam","Consume","Static Discharge"],"picked":"SKIP","floor":31},{"not_picked":["Sweeping Beam","Consume","Static Discharge"],"picked":"SKIP","floor":31},{"not_picked":["Electrodynamics","Buffer"],"picked":"Machine Learning","floor":33},{"not_picked":["Barrage+1","Streamline+1","Steam"],"picked":"SKIP","floor":35},{"not_picked":["Storm+1","Glacier","Force Field"],"picked":"SKIP","floor":37},{"not_picked":["Defragment+1","Barrage","Stack+1"],"picked":"SKIP","floor":41},{"not_picked":["Blizzard","Sweeping Beam","Scrape+1"],"picked":"SKIP","floor":44},{"not_picked":["Impatience","Discovery"],"picked":"Flash of Steel","floor":46},{"not_picked":["Steam","Redo+1","Cold Snap"],"picked":"SKIP","floor":47}],"player_experience":20023,"relics_obtained":[{"floor":8,"key":"Dream Catcher"},{"floor":9,"key":"Mercury Hourglass"},{"floor":14,"key":"Odd Mushroom"},{"floor":23,"key":"Girya"},{"floor":26,"key":"Bottled Lightning"},{"floor":36,"key":"Thread and Needle"},{"floor":43,"key":"Blood Vial"}],"event_choices":[{"damage_healed":0,"gold_gain":0,"player_choice":"Upgraded","damage_taken":0,"max_hp_gain":0,"max_hp_loss":0,"event_name":"Upgrade Shrine","floor":3,"gold_loss":0,"cards_upgraded":["Genetic Algorithm"]},{"damage_healed":0,"gold_gain":0,"player_choice":"Fought Mushrooms","damage_taken":0,"max_hp_gain":0,"max_hp_loss":0,"event_name":"Mushrooms","floor":14,"gold_loss":0},{"cards_removed":["Defend_B"],"damage_healed":0,"gold_gain":0,"player_choice":"Elegance","damage_taken":0,"max_hp_gain":0,"max_hp_loss":0,"event_name":"Back to Basics","floor":20,"gold_loss":0},{"damage_healed":0,"gold_gain":0,"player_choice":"Ignored","damage_taken":0,"max_hp_gain":0,"max_hp_loss":0,"event_name":"Ghosts","floor":27,"gold_loss":0},{"damage_healed":0,"gold_gain":0,"player_choice":"Fight","damage_taken":0,"max_hp_gain":0,"max_hp_loss":0,"event_name":"Mysterious Sphere","floor":36,"gold_loss":0},{"damage_healed":0,"gold_gain":0,"player_choice":"Ignored","damage_taken":0,"max_hp_gain":0,"max_hp_loss":0,"event_name":"Tomb of Lord Red Mask","floor":39,"gold_loss":0},{"cards_removed":["Reinforced Body"],"damage_healed":0,"gold_gain":0,"player_choice":"Removed Skill","damage_taken":0,"max_hp_gain":0,"max_hp_loss":0,"event_name":"Falling","floor":45,"gold_loss":0},{"damage_healed":0,"gold_gain":0,"player_choice":"Memory 1","damage_taken":0,"max_hp_gain":0,"max_hp_loss":0,"event_name":"SensoryStone","floor":46,"gold_loss":0}],"is_beta":false,"boss_relics":[{"not_picked":["Runic Pyramid","Runic Dome"],"picked":"Ectoplasm"},{"not_picked":["Coffee Dripper","Fusion Hammer"],"picked":"Black Star"}],"items_purged_floors":[4,10,21,25,38,48],"is_endless":false,"potions_floor_spawned":[1,7,11,13,14,18,19,33,35,36],"ascension_level":0}}