{"host":"eketvm4dld8igxnv","time":1612160999,"event":{"mods":["BaseMod","Better Skull","Better Third Choice","Downfall","Googly Eyes","Minty Spire (QoL Compilation)","StSLib"],"gold_per_floor":[109,128,11,11,28,28,42,42,42,75,44,103,122,136,136,241,241,253,273,285,140,157,157,157,171,171,171,171,171,171,198,198,296,296,312,332,332,9,9,9,9,9,33,49,49,49],"floor_reached":45,"language":"ENG","playtime":2786,"items_purged":["Decay"],"score":483,"play_id":"c0d2e096-3a79-407f-a0f4-0a62dc01706d","local_time":"20210201012959","is_ascension_mode":false,"campfire_choices":[{"data":"Eruption","floor":6.0,"key":"SMITH"},{"data":"BattleHymn","floor":8.0,"key":"SMITH"},{"floor":15.0,"key":"REST"},{"floor":23.0,"key":"REST"},{"data":"Alpha","floor":27,"key":"SMITH"},{"floor":30,"key":"REST"},{"floor":32,"key":"REST"},{"floor":40,"key":"RECALL"}],"circlet_count":0,"master_deck":["Defend_P","Defend_P","Defend_P","Eruption+1","Vigilance","BattleHymn+1","EmptyBody","Consecrate","Evaluate","FlurryOfBlows","WreathOfFlame","Vengeance","EmptyFist","CutThroughFate","Alpha+1","Conclude","Crescendo+1","Indignation","FollowUp+1","Pray+1","Wallop","FlyingSleeves","FollowUp","Pray","Bite","Bite","Bite","Bite","Bite","TalkToTheHand","Meditate","CrushJoints","Perseverance","DevaForm","Halt+1","Prostrate+1","Swift Strike","Finesse","Finesse","Writhe","EmptyBody+1"],"relics":["PureWater","Lizard Tail","Ice Cream","PreservedInsect","betterThird:SlimedRelic","Bag of Marbles","SlaversCollar","Orrery","Mummified Hand","Gremlin Horn","Philosopher\u0027s Stone","Pear"],"acts_visited":["Exordium","TheCity","TheBeyond"],"potions_floor_usage":[33,44],"damage_taken":[{"damage":2.0,"enemies":"Cultist","floor":1.0,"turns":3.0},{"damage":1.0,"enemies":"Jaw Worm","floor":2.0,"turns":4.0},{"damage":0.0,"enemies":"Small Slimes","floor":5.0,"turns":3.0},{"damage":10.0,"enemies":"Exordium Thugs","floor":7.0,"turns":3.0},{"damage":26.0,"enemies":"3 Sentries","floor":10.0,"turns":5.0},{"damage":16.0,"enemies":"Lagavulin Event","floor":12.0,"turns":4.0},{"damage":11.0,"enemies":"Gremlin Gang","floor":13.0,"turns":3.0},{"damage":5.0,"enemies":"Blue Slaver","floor":14.0,"turns":3.0},{"damage":23.0,"enemies":"Hexaghost","floor":16.0,"turns":10.0},{"damage":21.0,"enemies":"Shell Parasite","floor":18.0,"turns":5.0},{"damage":0.0,"enemies":"Chosen","floor":19.0,"turns":3.0},{"damage":39.0,"enemies":"Snake Plant","floor":20.0,"turns":4.0},{"damage":0.0,"enemies":"Chosen and Byrds","floor":22.0,"turns":3.0},{"damage":48,"enemies":"Centurion and Healer","floor":25,"turns":6},{"damage":13,"enemies":"Gremlin Leader","floor":31,"turns":5},{"damage":22,"enemies":"Automaton","floor":33,"turns":5},{"damage":43,"enemies":"3 Darklings","floor":35,"turns":4},{"damage":27,"enemies":"3 Shapes","floor":36,"turns":2},{"damage":4,"enemies":"Spire Growth","floor":44,"turns":4},{"damage":60,"enemies":"Giant Head","floor":45,"turns":5}],"seed_played":"-9099981161714638289","potions_obtained":[{"floor":1.0,"key":"Regen Potion"},{"floor":7.0,"key":"Regen Potion"},{"floor":10.0,"key":"EssenceOfSteel"},{"floor":12.0,"key":"BlessingOfTheForge"},{"floor":19.0,"key":"FairyPotion"},{"floor":20.0,"key":"SpeedPotion"},{"floor":36,"key":"Block Potion"}],"is_trial":false,"path_per_floor":["M","M","$","?","M","R","M","R","T","E","?","?","M","M","R","B",null,"M","M","M","$","M","R","?","M","T","R","?","?","R","E","R","B",null,"M","M","?","$","?","R","$","?","T","M","E"],"character_chosen":"WATCHER","items_purchased":["ConjureBlade","Consecrate","Orrery","Pear"],"campfire_rested":4,"item_purchase_floors":[3,3,21,38],"current_hp_per_floor":[70,69,69,69,69,69,62,62,62,36,25,21,10,5,26,3,72,51,51,12,12,12,33,33,15,15,15,15,15,30,25,40,20,50,9,13,44,54,44,44,44,54,54,54,0,0],"gold":49,"neow_bonus":"THREE_CARDS","is_daily":false,"chose_seed":false,"campfire_upgraded":3,"win_rate":0.0,"timestamp":1612160999,"path_taken":["M","M","$","?","?","R","M","R","T","E","?","?","?","M","R","BOSS","M","M","?","$","M","R","?","M","T","R","?","?","R","E","R","BOSS","M","?","?","?","?","R","$","?","T","M","E"],"items_purchased_type":["Card","Card","Relic","Relic"],"build_version":"2020-12-22","purchased_purges":1,"victory":false,"max_hp_per_floor":[72,72,72,72,72,72,72,72,72,72,72,72,72,72,72,72,72,72,72,72,72,72,72,50,50,50,50,50,50,50,50,50,50,50,50,50,44,54,54,54,54,54,54,54,54,54],"card_choices":[{"not_picked":["Consecrate","Wireheading"],"picked":"BattleHymn","floor":0.0},{"not_picked":["TalkToTheHand","Halt"],"picked":"EmptyBody","floor":1.0},{"not_picked":["SignatureMove","Sanctity"],"picked":"Wireheading","floor":2.0},{"not_picked":["Halt","Fasting2"],"picked":"Evaluate","floor":5.0},{"not_picked":["Prostrate","InnerPeace"],"picked":"FlurryOfBlows","floor":7.0},{"not_picked":["Consecrate","SashWhip"],"picked":"WreathOfFlame","floor":10.0},{"not_picked":["EmptyBody","SpiritShield"],"picked":"Vengeance","floor":12.0},{"not_picked":["Crescendo","FlyingSleeves"],"picked":"EmptyFist","floor":13.0},{"not_picked":["Vengeance","FlurryOfBlows"],"picked":"CutThroughFate","floor":14.0},{"not_picked":["Vault","Brilliance"],"picked":"Alpha","floor":16.0},{"not_picked":["Fasting2","Halt"],"picked":"Conclude","floor":18.0},{"not_picked":["Protect","BowlingBash+1"],"picked":"Crescendo+1","floor":19.0},{"not_picked":["InnerPeace+1","ThirdEye"],"picked":"Indignation","floor":20.0},{"not_picked":["ForeignInfluence","Weave"],"picked":"FollowUp+1","floor":21.0},{"not_picked":["Crescendo","Fasting2"],"picked":"Pray+1","floor":21.0},{"not_picked":["Halt","Perseverance"],"picked":"Wallop","floor":21.0},{"not_picked":["Consecrate+1","PathToVictory"],"picked":"FlyingSleeves","floor":21.0},{"not_picked":["Evaluate","CutThroughFate"],"picked":"FollowUp","floor":21.0},{"not_picked":["BattleHymn+1","MentalFortress+1"],"picked":"Pray","floor":22.0},{"not_picked":["JustLucky","Halt"],"picked":"TalkToTheHand","floor":25},{"not_picked":["Wireheading","BowlingBash"],"picked":"Perseverance","floor":31},{"not_picked":["Alpha","Vault"],"picked":"DevaForm","floor":33},{"not_picked":["Conclude","ThirdEye+1"],"picked":"Halt+1","floor":35},{"not_picked":["FlyingSleeves","CutThroughFate"],"picked":"Prostrate+1","floor":36},{"not_picked":["PanicButton","Sadistic Nature"],"picked":"Swift Strike","floor":39},{"not_picked":["Blind","Trip"],"picked":"Finesse","floor":39},{"not_picked":["Swift Strike","Good Instincts"],"picked":"Finesse","floor":39},{"not_picked":["Wallop","FlurryOfBlows+1"],"picked":"EmptyBody+1","floor":44}],"player_experience":291874,"relics_obtained":[{"floor":9.0,"key":"Ice Cream"},{"floor":10.0,"key":"PreservedInsect"},{"floor":12.0,"key":"Bag of Marbles"},{"floor":26,"key":"Mummified Hand"},{"floor":31,"key":"Gremlin Horn"}],"event_choices":[{"cards_removed":["Wireheading"],"damage_healed":0.0,"max_hp_gain":0.0,"max_hp_loss":0.0,"gold_gain":0.0,"event_name":"WeMeetAgain","player_choice":"Gave Card","floor":4.0,"gold_loss":0.0,"damage_taken":0.0,"relics_obtained":["Lizard Tail"]},{"damage_healed":0.0,"max_hp_gain":0.0,"max_hp_loss":0.0,"gold_gain":0.0,"event_name":"betterThird:BetterGoop","player_choice":"Slimed","floor":11.0,"gold_loss":31.0,"damage_taken":11.0},{"damage_healed":0.0,"max_hp_gain":0.0,"max_hp_loss":0.0,"gold_gain":0.0,"event_name":"Dead Adventurer","player_choice":"Searched \u00271\u0027 times","floor":12.0,"gold_loss":0.0,"damage_taken":0.0},{"damage_healed":0.0,"max_hp_gain":0.0,"max_hp_loss":22.0,"gold_gain":0.0,"event_name":"Vampires","player_choice":"Became a vampire","floor":24.0,"gold_loss":0.0,"damage_taken":0.0,"cards_obtained":["Bite","Bite","Bite","Bite","Bite"]},{"damage_healed":0,"gold_gain":0,"cards_transformed":["ConjureBlade","Defend_P"],"player_choice":"Became Test Subject","damage_taken":0,"max_hp_gain":0,"max_hp_loss":0,"event_name":"Drug Dealer","floor":28,"gold_loss":0,"cards_obtained":["Meditate","CrushJoints"]},{"damage_healed":0,"gold_gain":0,"player_choice":"Cursed","damage_taken":0,"max_hp_gain":0,"max_hp_loss":0,"event_name":"Wheel of Change","floor":29,"gold_loss":0,"cards_obtained":["Decay"]},{"damage_healed":44,"gold_gain":0,"player_choice":"Heal","damage_taken":0,"max_hp_gain":0,"max_hp_loss":6,"event_name":"The Moai Head","floor":37,"gold_loss":0},{"damage_healed":0,"gold_gain":0,"player_choice":"Memory 3","damage_taken":10,"max_hp_gain":0,"max_hp_loss":0,"event_name":"SensoryStone","floor":39,"gold_loss":0},{"damage_healed":14,"gold_gain":0,"player_choice":"Writhe","damage_taken":0,"max_hp_gain":0,"max_hp_loss":0,"event_name":"Winding Halls","floor":42,"gold_loss":0,"cards_obtained":["Writhe"]}],"is_beta":false,"boss_relics":[{"not_picked":["bronze:MakeshiftBattery","Fusion Hammer"],"picked":"SlaversCollar"},{"not_picked":["Tiny House","Empty Cage"],"picked":"Philosopher\u0027s Stone"}],"items_purged_floors":[38],"is_endless":false,"potions_floor_spawned":[1,7,10,12,19,20,36],"killed_by":"Giant Head","ascension_level":0}}