{"host":"f8toxsj3bk02pkeu","time":1612174242,"event":{"mods":["BaseMod","Minty Spire (QoL Compilation)","Permanent Neow","Quick Restart","StSLib","SuperFastMode"],"gold_per_floor":[117,137,153,163,3,3,16,43,111,144,154,185,185,185,185,258,258,270,285,285,285,285,285,285,285,310,321,321,349,349,360,360,435,435,447,464,464,484,251,285,285,305,355,25,45,76,92,105,105,105,105],"floor_reached":50,"language":"ENG","playtime":1554,"items_purged":["Strike_R+1"],"score":1138,"play_id":"455778b7-16af-4572-938d-d8483c7e7230","local_time":"20210201031042","is_ascension_mode":true,"campfire_choices":[{"data":"Rampage","floor":6.0,"key":"SMITH"},{"data":"Heavy Blade","floor":13.0,"key":"SMITH"},{"data":"Spot Weakness","floor":15.0,"key":"SMITH"},{"data":"Pommel Strike","floor":23.0,"key":"SMITH"},{"floor":25.0,"key":"RECALL"},{"data":"Heavy Blade","floor":28.0,"key":"SMITH"},{"data":"Twin Strike","floor":30.0,"key":"SMITH"},{"data":"Twin Strike","floor":32.0,"key":"SMITH"},{"data":"Limit Break","floor":41.0,"key":"SMITH"}],"circlet_count":0,"master_deck":["AscendersBane","Strike_R+1","Strike_R+1","Strike_R+1","Strike_R+1","Defend_R+1","Defend_R+1","Defend_R+1","Defend_R+1","Rampage+1","Twin Strike+1","Twin Strike+1","Spot Weakness+1","Heavy Blade+1","Shrug It Off+1","Pommel Strike+1","Warcry+1","Heavy Blade+1","Body Slam+1","Limit Break+1"],"relics":["Burning Blood","Happy Flower","Blood Vial","Red Skull","Letter Opener","Ice Cream","Centennial Puzzle","Coffee Dripper","Frozen Egg 2","Mercury Hourglass","Bag of Preparation","War Paint","Busted Crown","HandDrill","Potion Belt","Magic Flower","MealTicket"],"acts_visited":["Exordium","TheCity","TheBeyond"],"potions_floor_usage":[50,50],"damage_taken":[{"damage":1.0,"enemies":"Cultist","floor":1.0,"turns":4.0},{"damage":12.0,"enemies":"Small Slimes","floor":2.0,"turns":4.0},{"damage":7.0,"enemies":"2 Louse","floor":3.0,"turns":2.0},{"damage":16.0,"enemies":"Blue Slaver","floor":4.0,"turns":4.0},{"damage":8.0,"enemies":"3 Louse","floor":7.0,"turns":3.0},{"damage":40.0,"enemies":"Lagavulin","floor":8.0,"turns":6.0},{"damage":8.0,"enemies":"Gremlin Nob","floor":10.0,"turns":3.0},{"damage":4.0,"enemies":"Lots of Slimes","floor":11.0,"turns":3.0},{"damage":7.0,"enemies":"3 Sentries","floor":12.0,"turns":4.0},{"damage":17.0,"enemies":"The Guardian","floor":16.0,"turns":8.0},{"damage":19.0,"enemies":"Spheric Guardian","floor":18.0,"turns":4.0},{"damage":16.0,"enemies":"3 Byrds","floor":19.0,"turns":4.0},{"damage":3.0,"enemies":"3 Cultists","floor":27.0,"turns":4.0},{"damage":26.0,"enemies":"Book of Stabbing","floor":29.0,"turns":4.0},{"damage":18.0,"enemies":"Snake Plant","floor":31.0,"turns":3.0},{"damage":21.0,"enemies":"Automaton","floor":33.0,"turns":6.0},{"damage":0.0,"enemies":"3 Shapes","floor":35.0,"turns":3.0},{"damage":0.0,"enemies":"3 Darklings","floor":36.0,"turns":3.0},{"damage":47.0,"enemies":"Maw","floor":38.0,"turns":5.0},{"damage":29.0,"enemies":"Giant Head","floor":40.0,"turns":5.0},{"damage":0.0,"enemies":"Jaw Worm Horde","floor":42.0,"turns":2.0},{"damage":6.0,"enemies":"Writhing Mass","floor":45.0,"turns":3.0},{"damage":24.0,"enemies":"Reptomancer","floor":46.0,"turns":4.0},{"damage":21,"enemies":"Maw","floor":47,"turns":5},{"damage":0,"enemies":"3 Darklings","floor":48,"turns":2},{"damage":99,"enemies":"Time Eater","floor":50,"turns":6}],"seed_played":"-7983597739997115089","potions_obtained":[{"floor":1.0,"key":"SpeedPotion"},{"floor":4.0,"key":"FairyPotion"},{"floor":10.0,"key":"Fruit Juice"},{"floor":11.0,"key":"BlessingOfTheForge"},{"floor":16.0,"key":"SpeedPotion"},{"floor":27.0,"key":"AttackPotion"},{"floor":31.0,"key":"Dexterity Potion"},{"floor":42.0,"key":"ColorlessPotion"},{"floor":45.0,"key":"Ancient Potion"},{"floor":46.0,"key":"Dexterity Potion"}],"is_trial":false,"path_per_floor":["M","M","M","M","$","R","M","E","T","E","M","E","R","?","R","B",null,"M","M","T","?","T","R","?","R","T","M","R","E","R","M","R","B",null,"M","M","?","M","$","E","R","M","T","$","M","E","M","M","R","B"],"character_chosen":"IRONCLAD","items_purchased":["Blood Vial","HandDrill","Magic Flower"],"campfire_rested":0,"item_purchase_floors":[5,39,44],"current_hp_per_floor":[73,67,66,56,56,56,56,24,24,29,33,34,34,34,34,25,66,55,47,47,47,47,47,47,47,47,52,52,34,34,24,24,11,63,71,79,79,39,39,18,18,26,26,26,32,20,11,23,23,0,0],"gold":105,"neow_bonus":"RANDOM_COMMON_RELIC","is_daily":false,"chose_seed":false,"campfire_upgraded":8,"win_rate":0.0,"timestamp":1612174242,"path_taken":["M","M","M","M","?","R","M","E","T","E","M","E","R","?","R","BOSS","M","M","?","?","?","R","?","R","T","M","R","E","R","?","R","BOSS","M","M","?","?","$","E","R","M","T","?","M","E","?","M","R","BOSS"],"items_purchased_type":["Relic","Relic","Relic"],"build_version":"2020-12-22","purchased_purges":1,"victory":false,"max_hp_per_floor":[75,75,75,75,75,75,75,75,75,80,80,80,80,80,80,80,80,80,80,80,80,80,80,80,80,80,80,80,80,80,80,80,80,80,80,80,80,80,80,80,80,80,80,80,80,80,80,80,80,80,80],"card_choices":[{"not_picked":["Pummel","Cleave"],"picked":"Rampage","floor":1.0},{"not_picked":["Disarm","Sword Boomerang"],"picked":"Twin Strike","floor":2.0},{"not_picked":["Sword Boomerang","Warcry"],"picked":"Twin Strike","floor":3.0},{"not_picked":["Perfected Strike","Clash","Havoc"],"picked":"SKIP","floor":4.0},{"not_picked":["Pommel Strike","Seeing Red"],"picked":"Spot Weakness","floor":7.0},{"not_picked":["Offering","Clash"],"picked":"Heavy Blade","floor":8.0},{"not_picked":["Inflame","Sever Soul"],"picked":"Shrug It Off","floor":10.0},{"not_picked":["Anger","Sword Boomerang"],"picked":"Pommel Strike","floor":11.0},{"not_picked":["Berserk","Twin Strike","Headbutt"],"picked":"SKIP","floor":12.0},{"not_picked":["Uppercut","Headbutt"],"picked":"Warcry+1","floor":18.0},{"not_picked":["Cleave","Clothesline","Wild Strike"],"picked":"SKIP","floor":19.0},{"not_picked":["Blood for Blood","Armaments+1"],"picked":"Heavy Blade","floor":27.0},{"not_picked":["Cleave","Burning Pact"],"picked":"Body Slam+1","floor":29.0},{"not_picked":["Rampage","Dark Embrace+1","Clash"],"picked":"SKIP","floor":31.0},{"not_picked":["Feed","Juggernaut+1"],"picked":"Limit Break","floor":33.0},{"not_picked":["Clothesline+1"],"picked":"SKIP","floor":35.0},{"not_picked":["Power Through"],"picked":"SKIP","floor":36.0},{"not_picked":["Armaments"],"picked":"SKIP","floor":38.0},{"not_picked":["Dropkick"],"picked":"SKIP","floor":40.0},{"not_picked":["Anger"],"picked":"SKIP","floor":42.0},{"not_picked":["Headbutt"],"picked":"SKIP","floor":45.0},{"not_picked":["Entrench"],"picked":"SKIP","floor":46.0},{"not_picked":["Bloodletting"],"picked":"SKIP","floor":47},{"not_picked":["Flex"],"picked":"SKIP","floor":48}],"player_experience":970316,"relics_obtained":[{"floor":8.0,"key":"Red Skull"},{"floor":9.0,"key":"Letter Opener"},{"floor":10.0,"key":"Ice Cream"},{"floor":12.0,"key":"Centennial Puzzle"},{"floor":20.0,"key":"Frozen Egg 2"},{"floor":22.0,"key":"Mercury Hourglass"},{"floor":26.0,"key":"Bag of Preparation"},{"floor":29.0,"key":"War Paint"},{"floor":40.0,"key":"Potion Belt"},{"floor":46.0,"key":"MealTicket"}],"event_choices":[{"damage_healed":0.0,"max_hp_gain":0.0,"max_hp_loss":0.0,"gold_gain":0.0,"event_name":"Transmorgrifier","player_choice":"Ignored","floor":14.0,"gold_loss":0.0,"damage_taken":0.0},{"damage_healed":0.0,"max_hp_gain":0.0,"max_hp_loss":0.0,"gold_gain":0.0,"event_name":"Back to Basics","player_choice":"Simplicity","floor":21.0,"gold_loss":0.0,"damage_taken":0.0,"cards_upgraded":["Strike_R","Strike_R","Strike_R","Strike_R","Strike_R","Defend_R","Defend_R","Defend_R","Defend_R"]},{"cards_removed":["Bash"],"damage_healed":0.0,"max_hp_gain":0.0,"max_hp_loss":0.0,"gold_gain":0.0,"event_name":"Bonfire Elementals","player_choice":"Offered Basic","floor":24.0,"gold_loss":0.0,"damage_taken":0.0},{"damage_healed":0.0,"max_hp_gain":0.0,"max_hp_loss":0.0,"gold_gain":0.0,"event_name":"Lab","player_choice":"Got Potions","floor":37.0,"gold_loss":0.0,"damage_taken":0.0}],"is_beta":false,"boss_relics":[{"not_picked":["Pandora\u0027s Box","Ectoplasm"],"picked":"Coffee Dripper"},{"not_picked":["Snecko Eye","Runic Cube"],"picked":"Busted Crown"}],"items_purged_floors":[39],"is_endless":false,"potions_floor_spawned":[1,4,10,11,16,27,31,33,35,36,42,45,46],"killed_by":"Time Eater","ascension_level":20}}