{"host":"0vd2boh2oi7jm085","time":1612183832,"event":{"mods":["BaseMod","Colored Map","Colored Powertips","Highlight Path","Minty Spire (QoL Compilation)","Quick Restart","StSLib","The IronCluck"],"gold_per_floor":[111,81,91,14,28,28,47,59,59,71,71,82,82,95,95,170,170,182,182,199,199,281,312,312,328,328,328,340,352,352,32,32,32,32],"floor_reached":33,"language":"ENG","playtime":590,"items_purged":[],"score":534,"play_id":"384b5462-f968-45a7-8e56-f7d4f4087b29","local_time":"20210201045032","is_ascension_mode":true,"campfire_choices":[{"floor":6,"key":"REST"},{"floor":11,"key":"REST"},{"floor":13,"key":"REST"},{"floor":15,"key":"REST"},{"floor":24,"key":"REST"},{"floor":27,"key":"REST"},{"floor":32,"key":"REST"}],"circlet_count":0,"master_deck":["AscendersBane","Strike_R+1","Strike_R+1","Strike_R+1","Strike_R+1","Strike_R+1","Defend_R+1","Defend_R+1","Defend_R+1","Defend_R+1","Bash","Thunderclap","Twin Strike","Infernal Blade","Perfected Strike","Uppercut","Flex","Perfected Strike","Carnage","Heavy Blade","Perfected Strike","Double Tap","Carnage","Writhe"],"relics":["Fusion Hammer","Dream Catcher","Singing Bowl","Runic Pyramid","Sundial","Self Forming Clay","Happy Flower","Strawberry","FossilizedHelix"],"acts_visited":["Exordium","TheCity"],"potions_floor_usage":[16,33,33],"damage_taken":[{"damage":2,"enemies":"Small Slimes","floor":1,"turns":3},{"damage":6,"enemies":"Cultist","floor":3,"turns":3},{"damage":9,"enemies":"Jaw Worm","floor":5,"turns":3},{"damage":7,"enemies":"Exordium Wildlife","floor":7,"turns":3},{"damage":9,"enemies":"Red Slaver","floor":8,"turns":2},{"damage":7,"enemies":"Large Slime","floor":10,"turns":5},{"damage":1,"enemies":"Looter","floor":12,"turns":2},{"damage":1,"enemies":"Exordium Thugs","floor":14,"turns":2},{"damage":6,"enemies":"Slime Boss","floor":16,"turns":6},{"damage":11,"enemies":"2 Thieves","floor":18,"turns":3},{"damage":11,"enemies":"Spheric Guardian","floor":20,"turns":3},{"damage":51,"enemies":"Book of Stabbing","floor":23,"turns":4},{"damage":10,"enemies":"Cultist and Chosen","floor":25,"turns":5},{"damage":18,"enemies":"Snake Plant","floor":28,"turns":2},{"damage":35,"enemies":"Shelled Parasite and Fungi","floor":29,"turns":4},{"damage":55,"enemies":"Automaton","floor":33,"turns":6}],"seed_played":"915709835834224342","potions_obtained":[{"floor":7,"key":"HeartOfIron"},{"floor":12,"key":"SkillPotion"},{"floor":19,"key":"Swift Potion"},{"floor":29,"key":"Block Potion"}],"is_trial":false,"path_per_floor":["M","$","M","?","M","R","M","M","T","M","R","M","R","M","R","B",null,"M","?","M","?","T","E","R","M","T","R","M","M","?","$","R","B"],"character_chosen":"IRONCLAD","items_purchased":["Twin Strike","FossilizedHelix"],"campfire_rested":7,"item_purchase_floors":[2,31],"current_hp_per_floor":[66,66,60,60,51,73,66,57,57,50,72,71,75,76,79,73,78,69,69,58,58,58,9,35,27,27,55,39,6,13,13,45,0,0],"gold":32,"neow_bonus":"BOSS_RELIC","is_daily":false,"chose_seed":false,"campfire_upgraded":0,"win_rate":0.0,"timestamp":1612183832,"path_taken":["M","$","M","?","M","R","M","M","T","?","R","M","R","?","R","BOSS","M","?","?","?","?","E","R","M","T","R","?","M","?","$","R","BOSS"],"items_purchased_type":["Card","Relic"],"build_version":"2020-12-22","purchased_purges":0,"victory":false,"max_hp_per_floor":[75,75,75,75,75,75,75,75,75,75,75,75,75,77,79,79,79,81,81,81,81,81,83,85,87,87,89,91,93,100,100,102,102,102],"card_choices":[{"not_picked":["Clothesline","Rupture"],"picked":"Thunderclap","floor":1},{"not_picked":["Sword Boomerang","Shrug It Off"],"picked":"Infernal Blade","floor":3},{"not_picked":["Dark Embrace","Power Through","Combust"],"picked":"SKIP","floor":5},{"not_picked":["Carnage","Clash"],"picked":"Perfected Strike","floor":6},{"not_picked":["Fiend Fire","Intimidate"],"picked":"Uppercut","floor":7},{"not_picked":["Twin Strike","Cleave"],"picked":"Flex","floor":8},{"not_picked":["Havoc","Wild Strike"],"picked":"Perfected Strike","floor":10},{"not_picked":["Bloodletting","Clothesline"],"picked":"Carnage","floor":11},{"not_picked":["Infernal Blade","Thunderclap"],"picked":"Heavy Blade","floor":12},{"not_picked":["Thunderclap","Pommel Strike"],"picked":"Perfected Strike","floor":13},{"not_picked":["Cleave","Seeing Red","Warcry"],"picked":"Singing Bowl","floor":14},{"not_picked":["Cleave","Warcry","Thunderclap"],"picked":"Singing Bowl","floor":15},{"not_picked":["Corruption","Fiend Fire"],"picked":"Double Tap","floor":16},{"not_picked":["Anger","Iron Wave","Cleave"],"picked":"Singing Bowl","floor":18},{"not_picked":["Warcry","Dark Embrace"],"picked":"Carnage","floor":20},{"not_picked":["Sentinel","Wild Strike","Pummel"],"picked":"Singing Bowl","floor":23},{"not_picked":["Power Through","Wild Strike","Sever Soul"],"picked":"Singing Bowl","floor":24},{"not_picked":["Seeing Red","Reckless Charge","Feel No Pain"],"picked":"Singing Bowl","floor":25},{"not_picked":["Evolve+1","Heavy Blade","Clash+1"],"picked":"Singing Bowl","floor":27},{"not_picked":["Feed","Armaments","Thunderclap"],"picked":"Singing Bowl","floor":28},{"not_picked":["Bloodletting","True Grit","Headbutt"],"picked":"Singing Bowl","floor":29},{"not_picked":["Pommel Strike","Havoc","Battle Trance"],"picked":"Singing Bowl","floor":32}],"player_experience":114491,"relics_obtained":[{"floor":9,"key":"Singing Bowl"},{"floor":22,"key":"Sundial"},{"floor":23,"key":"Self Forming Clay"},{"floor":26,"key":"Happy Flower"}],"event_choices":[{"damage_healed":0,"gold_gain":0,"player_choice":"Paid Gold","damage_taken":0,"relics_obtained":["Dream Catcher"],"max_hp_gain":0,"max_hp_loss":0,"event_name":"WeMeetAgain","floor":4,"gold_loss":77},{"damage_healed":0,"gold_gain":0,"player_choice":"Got Potions","damage_taken":0,"max_hp_gain":0,"max_hp_loss":0,"event_name":"Lab","floor":19,"gold_loss":0},{"damage_healed":0,"gold_gain":0,"player_choice":"Simplicity","damage_taken":0,"max_hp_gain":0,"max_hp_loss":0,"event_name":"Back to Basics","floor":21,"gold_loss":0,"cards_upgraded":["Strike_R","Strike_R","Strike_R","Strike_R","Strike_R","Defend_R","Defend_R","Defend_R","Defend_R"]},{"damage_healed":0,"gold_gain":0,"player_choice":"Opened","damage_taken":0,"relics_obtained":["Strawberry"],"max_hp_gain":0,"max_hp_loss":0,"event_name":"The Mausoleum","floor":30,"gold_loss":0,"cards_obtained":["Writhe"]}],"is_beta":false,"boss_relics":[{"not_picked":["Sozu","Mark of Pain"],"picked":"Runic Pyramid"}],"items_purged_floors":[],"is_endless":false,"potions_floor_spawned":[7,12,14,28,29],"killed_by":"Automaton","ascension_level":19}}