{"host":"xb8s6f94jxtwitgf","time":1612193461,"event":{"mods":["Act Like it!","BaseMod","Better Third Choice","BetterRewards","Ekko","GifTheSpireLib","Hubris","Minty Spire (QoL Compilation)","Reliquary","Remove Card Discount Mod","Spicy Shops","Spikes Relics","StSLib"],"gold_per_floor":[112,112,129,139,156,156,175,189,189,144,157,43,43,71,71,171,171,187,205,205,205],"floor_reached":20,"language":"ENG","playtime":1390,"items_purged":["ekkoTheBoyWhoShatteredTime:Defend","ekkoTheBoyWhoShatteredTime:Strike","ekkoTheBoyWhoShatteredTime:Defend","Regret","ekkoTheBoyWhoShatteredTime:DelayedWork"],"score":306,"play_id":"8a39b70d-2a97-4b8a-a622-be9ebb6fd237","local_time":"20210201153101","is_ascension_mode":true,"campfire_choices":[{"data":"ekkoTheBoyWhoShatteredTime:DefensiveStance","floor":6,"key":"SMITH"},{"floor":13,"key":"REST"},{"floor":15,"key":"REST"}],"circlet_count":0,"master_deck":["ekkoTheBoyWhoShatteredTime:Strike","ekkoTheBoyWhoShatteredTime:Strike","ekkoTheBoyWhoShatteredTime:Strike","ekkoTheBoyWhoShatteredTime:Defend","ekkoTheBoyWhoShatteredTime:Defend","ekkoTheBoyWhoShatteredTime:TimeMaster","ekkoTheBoyWhoShatteredTime:Powered","ekkoTheBoyWhoShatteredTime:DefensiveStance+1","ekkoTheBoyWhoShatteredTime:IcebornGauntlet","ekkoTheBoyWhoShatteredTime:Greed","ekkoTheBoyWhoShatteredTime:NeedlesslyLargeRod","ekkoTheBoyWhoShatteredTime:AfterimageHit","ekkoTheBoyWhoShatteredTime:NeedlesslyLargeRod","ekkoTheBoyWhoShatteredTime:LichBane","ekkoTheBoyWhoShatteredTime:ProjectPreference","ekkoTheBoyWhoShatteredTime:NaggingBlow"],"relics":["ekkoTheBoyWhoShatteredTime:zDriveResonance","Shuriken","reliquary:Boomerang","hubris:Potato","betterThird:SlimedRelic","Oddly Smooth Stone","Pen Nib"],"acts_visited":["Exordium","TheCity"],"potions_floor_usage":[4,14,14,16,20,20],"damage_taken":[{"damage":8,"enemies":"Small Slimes","floor":1,"turns":4},{"damage":0,"enemies":"Cultist","floor":3,"turns":3},{"damage":6,"enemies":"Jaw Worm","floor":4,"turns":7},{"damage":15,"enemies":"Exordium Wildlife","floor":5,"turns":5},{"damage":13,"enemies":"3 Louse","floor":7,"turns":4},{"damage":2,"enemies":"2 Fungi Beasts","floor":8,"turns":5},{"damage":13,"enemies":"Looter","floor":11,"turns":3},{"damage":32,"enemies":"3 Sentries","floor":14,"turns":9},{"damage":8,"enemies":"Hexaghost","floor":16,"turns":6},{"damage":35,"enemies":"2 Thieves","floor":18,"turns":5},{"damage":17,"enemies":"3 Byrds","floor":19,"turns":5},{"damage":28,"enemies":"Masked Bandits","floor":20,"turns":2}],"seed_played":"6853716372754629402","potions_obtained":[{"floor":3,"key":"Regen Potion"},{"floor":4,"key":"Energy Potion"},{"floor":8,"key":"BlessingOfTheForge"},{"floor":11,"key":"ekkoTheBoyWhoShatteredTime:ResonatingPotion"},{"floor":18,"key":"FearPotion"},{"floor":19,"key":"SteroidPotion"}],"is_trial":false,"path_per_floor":["M","?","M","M","M","R","M","M","T","?","M","$","R","E","R","B",null,"M","M","?"],"character_chosen":"EKKO_THE_BOY_WHO_SHATTERED_TIME","items_purchased":["Shuriken","reliquary:Boomerang","Oddly Smooth Stone","ekkoTheBoyWhoShatteredTime:NeedlesslyLargeRod"],"campfire_rested":2,"item_purchase_floors":[0,0,12,12],"current_hp_per_floor":[58,58,58,67,52,52,39,37,37,26,13,13,36,4,27,19,78,43,26,0,0],"gold":205,"neow_bonus":"","is_daily":false,"chose_seed":false,"campfire_upgraded":1,"win_rate":0.0,"timestamp":1612193461,"path_taken":["M","?","M","M","?","R","M","?","T","?","M","$","R","E","R","BOSS","M","M","?"],"items_purchased_type":["Relic","Relic","Relic","Card"],"build_version":"2020-12-22","purchased_purges":5,"victory":false,"max_hp_per_floor":[78,78,78,78,78,78,78,78,78,78,78,78,78,78,78,78,78,78,78,78,78],"card_choices":[{"not_picked":["ekkoTheBoyWhoShatteredTime:WideSlice","ekkoTheBoyWhoShatteredTime:CommittedStrike"],"picked":"ekkoTheBoyWhoShatteredTime:DelayedWork","floor":1},{"not_picked":["ekkoTheBoyWhoShatteredTime:Backtrack","ekkoTheBoyWhoShatteredTime:VelocityConsuming"],"picked":"ekkoTheBoyWhoShatteredTime:DefensiveStance","floor":3},{"not_picked":["ekkoTheBoyWhoShatteredTime:DelayedWork","ekkoTheBoyWhoShatteredTime:ItemsAfterimage"],"picked":"ekkoTheBoyWhoShatteredTime:IcebornGauntlet","floor":4},{"not_picked":["ekkoTheBoyWhoShatteredTime:AfterimageDualStroke","ekkoTheBoyWhoShatteredTime:HextechProtobelt"],"picked":"ekkoTheBoyWhoShatteredTime:Greed","floor":5},{"not_picked":["ekkoTheBoyWhoShatteredTime:DelayedWork","ekkoTheBoyWhoShatteredTime:Backtrack"],"picked":"ekkoTheBoyWhoShatteredTime:NeedlesslyLargeRod","floor":7},{"not_picked":["ekkoTheBoyWhoShatteredTime:Process","ekkoTheBoyWhoShatteredTime:SpHit"],"picked":"ekkoTheBoyWhoShatteredTime:AfterimageHit","floor":8},{"not_picked":["ekkoTheBoyWhoShatteredTime:Vibin","ekkoTheBoyWhoShatteredTime:Confident","ekkoTheBoyWhoShatteredTime:LoadUp"],"picked":"SKIP","floor":11},{"not_picked":["ekkoTheBoyWhoShatteredTime:AfterimageDualStroke","ekkoTheBoyWhoShatteredTime:SpHit"],"picked":"ekkoTheBoyWhoShatteredTime:LichBane","floor":14},{"not_picked":["ekkoTheBoyWhoShatteredTime:PulsefirePooling","ekkoTheBoyWhoShatteredTime:SandstormSympathy"],"picked":"ekkoTheBoyWhoShatteredTime:ProjectPreference","floor":16},{"not_picked":["ekkoTheBoyWhoShatteredTime:AfterimageBait","ekkoTheBoyWhoShatteredTime:AfterimageHit","ekkoTheBoyWhoShatteredTime:FeelIt"],"picked":"SKIP","floor":18},{"not_picked":["ekkoTheBoyWhoShatteredTime:CommittedStrike","ekkoTheBoyWhoShatteredTime:SneakHit+1"],"picked":"ekkoTheBoyWhoShatteredTime:NaggingBlow","floor":19}],"player_experience":988324,"relics_obtained":[{"floor":9,"key":"hubris:Potato"},{"floor":14,"key":"Pen Nib"}],"event_choices":[{"cards_removed":["ekkoTheBoyWhoShatteredTime:Strike"],"damage_healed":0,"gold_gain":0,"player_choice":"Purged","damage_taken":0,"max_hp_gain":0,"max_hp_loss":0,"event_name":"Purifier","floor":2,"gold_loss":0},{"damage_healed":0,"gold_gain":0,"player_choice":"Slimed","damage_taken":11,"max_hp_gain":0,"max_hp_loss":0,"event_name":"betterThird:BetterGoop","floor":10,"gold_loss":45},{"damage_healed":0,"gold_gain":0,"player_choice":"Fought Bandits","damage_taken":0,"max_hp_gain":0,"max_hp_loss":0,"event_name":"Masked Bandits","floor":20,"gold_loss":0}],"is_beta":false,"boss_relics":[{"not_picked":["Runic Dome","hubris:GrandSneckoEye","Sandwich"]}],"items_purged_floors":[0,0,0,12,12],"is_endless":false,"potions_floor_spawned":[3,4,8,11,18,19],"killed_by":"Masked Bandits","ascension_level":2}}