{"host":"x5w9zppki4gdwvc7","time":1612141477,"event":{"mods":["AchievementEnabler","BaseMod","Colored Powertips","DeckTracker","Minty Spire (QoL Compilation)","Relic Sorter","SuperFastMode"],"gold_per_floor":[118,118,69,69,69,88,120,120,146,146,156,331,331,86,86,186,186,157,171,190,209,209,209,235,235,235,255,267,267,267],"floor_reached":29,"language":"ENG","playtime":1748,"items_purged":["Strike_G"],"score":279,"play_id":"3f436cb7-d108-474e-a935-72376cbb7106","local_time":"20210201020437","is_ascension_mode":true,"campfire_choices":[{"data":"Neutralize","floor":10,"key":"SMITH"},{"data":"Choke","floor":13,"key":"SMITH"},{"floor":15,"key":"REST"},{"data":"Blade Dance","floor":23,"key":"SMITH"},{"data":"Tactician","floor":25,"key":"SMITH"}],"circlet_count":0,"master_deck":["Defend_G","Defend_G","Defend_G","Defend_G","Survivor","Neutralize+1","Enlightenment+1","Choke+1","Blade Dance+1","Masterful Stab","Acrobatics","Escape Plan","PiercingWail","Doubt","Blade Dance","Envenom","After Image+1","Malaise+1","After Image+1","Expertise","Tactician+1","Eviscerate","Well Laid Plans+1","Backflip","Underhanded Strike"],"relics":["Ring of the Snake","Ninja Scroll","Tingsha","MealTicket","Medical Kit","Astrolabe","Snake Skull","Mercury Hourglass"],"acts_visited":["Exordium","TheCity"],"potions_floor_usage":[16,24],"damage_taken":[{"damage":0,"enemies":"Jaw Worm","floor":1,"turns":4},{"damage":7,"enemies":"2 Louse","floor":6,"turns":2},{"damage":10,"enemies":"3 Sentries","floor":7,"turns":10},{"damage":0,"enemies":"Cultist","floor":11,"turns":1},{"damage":34,"enemies":"Hexaghost","floor":16,"turns":13},{"damage":6,"enemies":"2 Thieves","floor":18,"turns":5},{"damage":0,"enemies":"Spheric Guardian","floor":19,"turns":6},{"damage":0,"enemies":"Snecko","floor":20,"turns":3},{"damage":0,"enemies":"Shelled Parasite and Fungi","floor":21,"turns":6},{"damage":18,"enemies":"Gremlin Leader","floor":24,"turns":7},{"damage":18,"enemies":"Cultist and Chosen","floor":27,"turns":5},{"damage":10,"enemies":"Snake Plant","floor":28,"turns":5},{"damage":10,"enemies":"Colosseum Slavers","floor":29,"turns":1}],"seed_played":"67841773884155788","potions_obtained":[{"floor":6,"key":"Swift Potion"},{"floor":11,"key":"Ancient Potion"},{"floor":19,"key":"SkillPotion"},{"floor":27,"key":"CunningPotion"}],"is_trial":false,"path_per_floor":["M","?","$","?","?","M","E","?","T","R","M","?","R","$","R","B",null,"M","M","M","M","?","R","E","R","T","M","M","?"],"character_chosen":"THE_SILENT","items_purchased":["Blade Dance","Blade Dance","Medical Kit"],"campfire_rested":1,"item_purchase_floors":[3,14,14],"current_hp_per_floor":[70,70,70,58,58,51,41,34,34,34,34,34,34,49,70,36,70,64,64,64,64,51,51,33,33,33,15,5,0,0],"gold":267,"neow_bonus":"RANDOM_COLORLESS","is_daily":false,"chose_seed":false,"campfire_upgraded":4,"win_rate":0.0,"timestamp":1612141477,"path_taken":["M","?","$","?","?","?","E","?","T","R","M","?","R","$","R","BOSS","M","M","M","M","?","R","E","R","T","M","M","?"],"items_purchased_type":["Card","Card","Relic"],"build_version":"2020-12-22","purchased_purges":1,"victory":false,"max_hp_per_floor":[70,70,70,70,70,70,70,70,70,70,70,70,70,70,70,70,70,70,70,70,70,75,75,75,75,75,75,75,75,75],"card_choices":[{"not_picked":["Forethought","Bandage Up"],"picked":"Enlightenment","floor":0},{"not_picked":["Prepared","Flechettes"],"picked":"Choke","floor":1},{"not_picked":["Dodge and Roll","Deflect"],"picked":"Acrobatics","floor":6},{"not_picked":["Leg Sweep","Slice"],"picked":"Escape Plan","floor":7},{"not_picked":["Bane","Outmaneuver"],"picked":"PiercingWail","floor":11},{"not_picked":["Unload","Venomology"],"picked":"Envenom","floor":16},{"not_picked":["Blade Dance","Underhanded Strike"],"picked":"Expertise","floor":18},{"not_picked":["Flying Knee","Bane"],"picked":"Tactician","floor":19},{"not_picked":["Deadly Poison","Outmaneuver","Deflect"],"picked":"SKIP","floor":20},{"not_picked":["Skewer","Predator+1"],"picked":"Eviscerate","floor":21},{"not_picked":["Dodge and Roll","Infinite Blades+1"],"picked":"Well Laid Plans+1","floor":24},{"not_picked":["Corpse Explosion","Bane"],"picked":"Backflip","floor":27},{"not_picked":["Quick Slash","Slice"],"picked":"Underhanded Strike","floor":28}],"player_experience":354822,"relics_obtained":[{"floor":7,"key":"Tingsha"},{"floor":9,"key":"MealTicket"},{"floor":24,"key":"Snake Skull"},{"floor":26,"key":"Mercury Hourglass"}],"event_choices":[{"damage_healed":0,"gold_gain":0,"player_choice":"Grow","damage_taken":0,"max_hp_gain":0,"max_hp_loss":0,"event_name":"Living Wall","floor":2,"gold_loss":0,"cards_upgraded":["Enlightenment"]},{"damage_healed":0,"gold_gain":0,"player_choice":"Success","damage_taken":12,"relics_obtained":["Ninja Scroll"],"max_hp_gain":0,"max_hp_loss":0,"event_name":"Scrap Ooze","floor":4,"gold_loss":0},{"damage_healed":0,"gold_gain":0,"cards_transformed":["Strike_G"],"player_choice":"Transformed","damage_taken":0,"max_hp_gain":0,"max_hp_loss":0,"event_name":"Transmorgrifier","floor":5,"gold_loss":0,"cards_obtained":["Masterful Stab"]},{"cards_removed":["Strike_G"],"damage_healed":0,"gold_gain":0,"player_choice":"Card Removal","damage_taken":7,"max_hp_gain":0,"max_hp_loss":0,"event_name":"Golden Wing","floor":8,"gold_loss":0},{"damage_healed":0,"gold_gain":175,"player_choice":"AGREE","damage_taken":0,"max_hp_gain":0,"max_hp_loss":0,"event_name":"Liars Game","floor":12,"gold_loss":0,"cards_obtained":["Doubt"]},{"damage_healed":0,"gold_gain":0,"player_choice":"Shed Blood","damage_taken":18,"max_hp_gain":5,"max_hp_loss":0,"event_name":"Forgotten Altar","floor":22,"gold_loss":0},{"damage_healed":0,"gold_gain":0,"player_choice":"Fight","damage_taken":0,"max_hp_gain":0,"max_hp_loss":0,"event_name":"Colosseum","floor":29,"gold_loss":0}],"is_beta":false,"boss_relics":[{"not_picked":["SlaversCollar","Philosopher\u0027s Stone"],"picked":"Astrolabe"}],"items_purged_floors":[14],"is_endless":false,"potions_floor_spawned":[6,11,19,27],"killed_by":"Colosseum Slavers","ascension_level":3}}