{"host":"takgv9cv6xf64vhq","time":1612138486,"event":{"mods":["BaseMod","Colored Powertips","Conspire","Decade(王小明)","Downfall","Energized Spire","Hermit","Hubris","LagranYue(拉格朗・月)","Marisa（F雨　魔理沙）","Minty Spire (QoL Compilation)","Replay The Spire","StSLib","The Cursed","The Hierophant","The Jungle","The Servant 0.9.4","TheHeartMod"],"gold_per_floor":[109,109,144,94,106,106,139,139,439,478,478,501,501,524,624,732,732,759,759,782,888,916,916,942,978,1005,1039,1079,1091,1103,1157,1169,1285,1297,1333,1409,1447,1039,1039,1079,1179,1179,1260,1285,1312,1352,1363,1403,1403,1403,1403,1403,373,415,415],"floor_reached":56,"language":"ZHS","playtime":5774,"items_purged":["Lockon"],"score":1519,"play_id":"6f8a2d78-a56e-4305-b1c0-7eb62cb7b775","local_time":"20210201081446","is_ascension_mode":true,"campfire_choices":[{"data":"Dualcast","floor":6.0,"key":"SMITH"},{"data":"Zap","floor":8.0,"key":"SMITH"},{"data":"Go for the Eyes","floor":11.0,"key":"SMITH"},{"data":"Echo Form","floor":23.0,"key":"SMITH"},{"data":"Creative AI","floor":29.0,"key":"SMITH"},{"floor":42.0,"key":"RECALL"},{"data":"BasicCrystalCard","floor":49.0,"key":"SMITH"},{"data":"Crystallizer","floor":52.0,"key":"SMITH"}],"circlet_count":0,"master_deck":["Defend_B+1","Defend_B+1","Zap+1","Dualcast+1","Ball Lightning","Panic Button","Go for the Eyes+1","Ball Lightning","ReplayTheSpireMod:Calculation Training","Panic Button","Compile Driver","Echo Form+1","Coolheaded","Conserve Battery","ReplayTheSpireMod:Calculation Training+1","BasicCrystalCard+1","Cold Snap","Creative AI+1","FTL+1","Redo+1","Turbo","BasicCrystalCard+1","Mirror Shield+1","Steam Power","Recycle","Turbo+1","Scrape","Stack","Finesse","Poisoned Strike","Conserve Battery","Go for the Eyes+1","Crystallizer+1","BasicCrystalCard+1","ReplayTheSpireMod:System Scan+1","Steam","Transmutation","Rebound+1","Leap","Flash of Steel","hubris:PowerSurge+1"],"relics":["Replay:Drink Me","conspire:Dentures","Vajra","Old Coin","CeramicFish","expansioncontent:StudyCardRelic","Gremlin Horn","MawBank","ReplayTheSpireMod:Shallot","Toy Ornithopter","FaceOfCleric","Philosopher\u0027s Stone","CatCart","Strawberry","Bottled Tornado","Emotion Chip","Simple Rune","Chemical X","conspire:Boomerang","Replay:Bottled Snecko","Prayer Wheel"],"acts_visited":["Exordium","Exordium","TheBeyond","TheEnding"],"potions_floor_usage":[55],"damage_taken":[{"damage":3.0,"enemies":"Jaw Worm","floor":1.0,"turns":4.0},{"damage":4.0,"enemies":"conspire:MimicChest","floor":3.0,"turns":7.0},{"damage":2.0,"enemies":"Small Slimes","floor":5.0,"turns":3.0},{"damage":0.0,"enemies":"3 Sentries","floor":7.0,"turns":6.0},{"damage":0.0,"enemies":"Gremlin Nob","floor":10.0,"turns":2.0},{"damage":0.0,"enemies":"2 Louse","floor":12.0,"turns":1.0},{"damage":0.0,"enemies":"Lots of Slimes","floor":14.0,"turns":2.0},{"damage":9.0,"enemies":"Hexaghost","floor":16.0,"turns":7.0},{"damage":1.0,"enemies":"Shell Parasite","floor":18.0,"turns":4.0},{"damage":0.0,"enemies":"theJungle:GiantWrat","floor":20.0,"turns":4.0},{"damage":0.0,"enemies":"theJungle:Lyon","floor":22.0,"turns":3.0},{"damage":10.0,"enemies":"theJungle:JungleHuntersEncounter","floor":24.0,"turns":6.0},{"damage":0.0,"enemies":"theJungle:2_Phrogs","floor":25.0,"turns":6.0},{"damage":3.0,"enemies":"theJungle:SlimyTreeVines","floor":27.0,"turns":7.0},{"damage":3.0,"enemies":"theJungle:2_Snecko_Cultists","floor":28.0,"turns":4.0},{"damage":0.0,"enemies":"theJungle:Cassacara","floor":31.0,"turns":5.0},{"damage":15.0,"enemies":"theJungle:TotemBoss","floor":33.0,"turns":7.0},{"damage":1.0,"enemies":"3 Darklings","floor":35.0,"turns":4.0},{"damage":0.0,"enemies":"Orin","floor":36.0,"turns":8.0},{"damage":0.0,"enemies":"Orb Walker","floor":37.0,"turns":4.0},{"damage":6.0,"enemies":"Nemesis","floor":40.0,"turns":6.0},{"damage":0.0,"enemies":"4 Shapes","floor":44.0,"turns":3.0},{"damage":0.0,"enemies":"Maw","floor":45.0,"turns":8.0},{"damage":0.0,"enemies":"R_Hoarder","floor":46.0,"turns":8.0},{"damage":0.0,"enemies":"3 Darklings","floor":47.0,"turns":4.0},{"damage":10.0,"enemies":"Giant Head","floor":48.0,"turns":8.0},{"damage":17.0,"enemies":"Awakened One","floor":50.0,"turns":11.0},{"damage":23.0,"enemies":"Shield and Spear","floor":54.0,"turns":6.0},{"damage":89,"enemies":"NeowBoss","floor":55,"turns":9}],"seed_played":"-3922266903762278670","potions_obtained":[{"floor":5.0,"key":"EssenceOfSteel"},{"floor":10.0,"key":"AttackPotion"},{"floor":12.0,"key":"SkillPotion"},{"floor":16.0,"key":"Block Potion"},{"floor":20.0,"key":"Energy Potion"},{"floor":25.0,"key":"Fruit Juice"},{"floor":28.0,"key":"AttackPotion"},{"floor":33.0,"key":"Dexterity Potion"},{"floor":37.0,"key":"SpeedPotion"},{"floor":45.0,"key":"PowerPotion"}],"is_trial":false,"path_per_floor":["M","?","?","?","M","R","E","R","T","E","R","M","T","M","R","B",null,"M","?","M","?","M","R","M","E","T","M","M","R","T","E","R","B",null,"M","?","M","$","?","E","?","R","T","M","M","E","M","E","R","B",null,"R","$","E","B",null],"character_chosen":"DEFECT","items_purchased":["Lockon","Scrape","Stack","Finesse","Poisoned Strike","Steam","Transmutation","Chemical X","conspire:Boomerang","AttackPotion","SpeedPotion","FearPotion","Rebound+1","Leap","Flash of Steel"],"campfire_rested":0,"item_purchase_floors":[38,38,38,38,38,53,53,53,53,53,53,53,53,53,53],"current_hp_per_floor":[54,54,50,50,48,48,48,48,48,48,48,48,48,48,48,39,57,56,56,56,56,56,56,46,51,51,54,51,51,51,51,51,42,63,63,65,66,66,66,68,68,68,68,74,75,76,77,69,69,53,80,80,80,63,56],"gold":415,"neow_bonus":"BOSS_RELIC","is_daily":false,"chose_seed":false,"campfire_upgraded":7,"win_rate":0.0,"timestamp":1612138486,"path_taken":["M","?","?","?","M","R","E","R","T","E","R","M","?","M","R","BOSS","M","?","?","?","?","R","?","E","T","M","M","R","?","E","R","BOSS","M","?","M","$","?","E","?","R","T","?","?","E","M","E","R","BOSS","R","$","E","BOSS"],"items_purchased_type":["Card","Card","Card","Card","Card","Card","Card","Relic","Relic","Potion","Potion","Potion","Card","Card","Card"],"build_version":"2020-12-22","purchased_purges":1,"victory":true,"max_hp_per_floor":[57,57,57,57,57,57,57,57,57,57,57,57,57,57,57,57,57,57,57,57,57,57,57,57,62,62,62,62,62,62,62,62,63,63,64,65,66,66,66,74,74,74,74,75,76,77,78,79,79,80,80,80,80,81,82],"card_choices":[{"not_picked":["Rebound","Redo"],"picked":"Ball Lightning","floor":1.0},{"not_picked":["Reinforced Body","Recycle"],"picked":"Panic Button","floor":3.0},{"not_picked":["Steam","ReplayTheSpireMod:GoodbyeWorld"],"picked":"Go for the Eyes","floor":5.0},{"not_picked":["Multi-Cast","Panic Button"],"picked":"Ball Lightning","floor":7.0},{"not_picked":["Machine Learning","Barrage"],"picked":"ReplayTheSpireMod:Calculation Training","floor":10.0},{"not_picked":["Ball Lightning","Stack"],"picked":"Panic Button","floor":12.0},{"not_picked":["Barrage","Panic Button"],"picked":"Compile Driver","floor":14.0},{"not_picked":["ReplayTheSpireMod:Fabricate Wheel","ReplayTheSpireMod:Omega Cannon"],"picked":"Echo Form","floor":16.0},{"not_picked":["Panic Button","Hello World"],"picked":"Coolheaded","floor":18.0},{"not_picked":["Sweeping Beam","Tempest+1"],"picked":"Conserve Battery","floor":20.0},{"not_picked":["Rebound","Chaos"],"picked":"ReplayTheSpireMod:Calculation Training+1","floor":21.0},{"not_picked":["Compile Driver+1","Coolheaded"],"picked":"BasicCrystalCard+1","floor":21.0},{"not_picked":["Coolheaded","Rebound+1"],"picked":"Cold Snap","floor":22.0},{"not_picked":["Turbo","Rebound"],"picked":"Creative AI","floor":24.0},{"not_picked":["Rebound","Hologram+1"],"picked":"FTL+1","floor":25.0},{"not_picked":["Self Repair","ReplayTheSpireMod:GoodbyeWorld+1"],"picked":"Redo+1","floor":27.0},{"not_picked":["Redo+1","Barrage+1"],"picked":"Turbo","floor":28.0},{"not_picked":["Panic Button","ReplayTheSpireMod:Omega Cannon"],"picked":"BasicCrystalCard","floor":31.0},{"not_picked":["Biased Cognition","Buffer"],"picked":"Mirror Shield","floor":33.0},{"not_picked":["Panic Button","Streamline"],"picked":"Steam Power","floor":35.0},{"not_picked":["ReplayGash+1","Auto Shields"],"picked":"Recycle","floor":36.0},{"not_picked":["Stack","Undo"],"picked":"Turbo+1","floor":37.0},{"not_picked":["Tempest+1","Creative AI"],"picked":"Conserve Battery","floor":40.0},{"not_picked":["Self Repair","Beam Cell"],"picked":"Go for the Eyes+1","floor":44.0},{"not_picked":["Leap","Gash"],"picked":"Crystallizer","floor":45.0},{"not_picked":["Sweeping Beam","Stack+1"],"picked":"BasicCrystalCard+1","floor":46.0},{"not_picked":["Hello World+1","Barrage","Meteor Strike"],"picked":"SKIP","floor":47.0},{"not_picked":["Conserve Battery+1","Leap+1"],"picked":"ReplayTheSpireMod:System Scan+1","floor":48.0},{"not_picked":["Coolheaded","Stack+1"],"picked":"hubris:PowerSurge+1","floor":54.0}],"player_experience":292573,"relics_obtained":[{"floor":3.0,"key":"conspire:Dentures"},{"floor":7.0,"key":"Vajra"},{"floor":9.0,"key":"Old Coin"},{"floor":10.0,"key":"CeramicFish"},{"floor":25.0,"key":"Gremlin Horn"},{"floor":26.0,"key":"MawBank"},{"floor":30.0,"key":"ReplayTheSpireMod:Shallot"},{"floor":31.0,"key":"Toy Ornithopter"},{"floor":36.0,"key":"CatCart"},{"floor":40.0,"key":"Strawberry"},{"floor":43.0,"key":"Bottled Tornado"},{"floor":46.0,"key":"Emotion Chip"},{"floor":48.0,"key":"Simple Rune"},{"floor":54.0,"key":"Replay:Bottled Snecko"}],"event_choices":[{"cards_removed":["Strike_B"],"damage_healed":0.0,"max_hp_gain":0.0,"max_hp_loss":0.0,"gold_gain":0.0,"event_name":"Living Wall","player_choice":"Forget","floor":2.0,"gold_loss":0.0,"damage_taken":0.0},{"cards_removed":["Strike_B"],"damage_healed":0.0,"max_hp_gain":0.0,"max_hp_loss":0.0,"gold_gain":0.0,"event_name":"The Cleric","player_choice":"Card Removal","floor":4.0,"gold_loss":50.0,"damage_taken":0.0},{"damage_healed":0.0,"max_hp_gain":0.0,"max_hp_loss":0.0,"gold_gain":100.0,"event_name":"Golden Shrine","player_choice":"Pray","floor":15.0,"gold_loss":0.0,"damage_taken":0.0},{"cards_removed":["Defend_B"],"damage_healed":0.0,"max_hp_gain":0.0,"max_hp_loss":0.0,"gold_gain":0.0,"event_name":"Purifier","player_choice":"Purged","floor":19.0,"gold_loss":0.0,"damage_taken":0.0},{"damage_healed":0.0,"max_hp_gain":0.0,"max_hp_loss":0.0,"gold_gain":0.0,"event_name":"FaceTrader","player_choice":"Trade","floor":32.0,"gold_loss":0.0,"damage_taken":0.0,"relics_obtained":["FaceOfCleric"]},{"damage_healed":0.0,"max_hp_gain":0.0,"max_hp_loss":0.0,"gold_gain":0.0,"event_name":"OrinTheCat","player_choice":"Fight","floor":36.0,"gold_loss":0.0,"damage_taken":0.0},{"damage_healed":0.0,"max_hp_gain":0.0,"max_hp_loss":0.0,"gold_gain":100.0,"event_name":"Golden Shrine","player_choice":"Pray","floor":41.0,"gold_loss":0.0,"damage_taken":0.0}],"is_beta":false,"boss_relics":[{"not_picked":["energizedSpire:OgreHead","energizedSpire:StickyHand"],"picked":"expansioncontent:StudyCardRelic"},{"not_picked":["hubris:HollowSoul","Nuclear Battery"],"picked":"Philosopher\u0027s Stone"}],"items_purged_floors":[53],"is_endless":false,"potions_floor_spawned":[5,10,12,16,20,25,28,33,37,45],"ascension_level":2}}