{"host":"8d3fefv2347kqkpz","time":1612200772,"event":{"mods":["AchievementEnabler","Act Like it!","Aspiration","BaseMod","Better Vampires","Colored Map","Colored Powertips","Conspire","GifTheSpireLib","Highlight Path","Hubris","Mimic Mod","Minty Spire (QoL Compilation)","Quick Restart","Rare Cards Sparkle","Relic Stats","Replay The Spire","Spicy Shops","StSLib","The Jungle","Waifu the Spire"],"gold_per_floor":[119,119,44,44,55,55,1,25,25,25,25,57,77,94,94,192,192,192,192],"floor_reached":18,"language":"ZHS","playtime":487,"items_purged":["Dualcast"],"score":158,"play_id":"306e729f-bf70-419c-9958-a1bb5e63a770","local_time":"20210202013252","is_ascension_mode":false,"campfire_choices":[{"data":"Zap","floor":6.0,"key":"SMITH"},{"floor":15,"key":"REST"}],"circlet_count":0,"master_deck":["Strike_B","Strike_B","Strike_B","Strike_B","Defend_B","Defend_B","Defend_B","Zap+1","Dualcast","Zap+1","Electrodynamics","Rebound","Leap","Conserve Battery+1","hubris:DoWhile+1"],"relics":["Cracked Core","Odd Mushroom","Toxic Egg 2","Pantograph","aspiration:RandomNobGenerator"],"acts_visited":["TheCity"],"potions_floor_usage":[],"damage_taken":[{"damage":7.0,"enemies":"Small Slimes","floor":1.0,"turns":4.0},{"damage":1.0,"enemies":"Cultist","floor":5.0,"turns":3.0},{"damage":0,"enemies":"The Mushroom Lair","floor":8,"turns":2},{"damage":26,"enemies":"Lagavulin","floor":12,"turns":6},{"damage":8,"enemies":"2 Louse","floor":13,"turns":2},{"damage":1,"enemies":"Large Slime","floor":14,"turns":3},{"damage":20,"enemies":"The Guardian","floor":16,"turns":11},{"damage":83,"enemies":"Spheric Guardian","floor":18,"turns":5}],"seed_played":"6238605050192390443","potions_obtained":[{"floor":5.0,"key":"SteroidPotion"},{"floor":8,"key":"Strength Potion"},{"floor":13,"key":"Reflective Coating"}],"is_trial":false,"path_per_floor":["M","?","$","?","M","R","$","?","T","$","$","E","M","M","R","B",null,"M"],"character_chosen":"DEFECT","items_purchased":["Leap"],"campfire_rested":1,"item_purchase_floors":[7],"current_hp_per_floor":[68,68,68,68,67,67,67,67,67,67,67,41,33,32,54,55,75,0,0],"gold":192,"neow_bonus":"THREE_RARE_CARDS","is_daily":false,"chose_seed":false,"campfire_upgraded":1,"win_rate":0.0,"timestamp":1612200772,"path_taken":["M","?","?","?","M","R","?","?","T","?","$","E","?","M","R","BOSS","M"],"items_purchased_type":["Card"],"build_version":"2020-12-22","purchased_purges":1,"victory":false,"max_hp_per_floor":[75,75,75,75,75,75,75,75,75,75,75,75,75,75,75,75,75,75,75],"relic_stats":{"counters":[8,36],"Pantograph":21,"obtain_stats":[{"Pantograph":12,"aspiration:RandomNobGenerator":17,"Odd Mushroom":8,"Toxic Egg 2":9,"Cracked Core":0},{"Pantograph":4,"aspiration:RandomNobGenerator":7,"Odd Mushroom":3,"Toxic Egg 2":3,"Cracked Core":0},{"Pantograph":15,"aspiration:RandomNobGenerator":31,"Odd Mushroom":9,"Toxic Egg 2":9,"Cracked Core":0}]},"card_choices":[{"not_picked":["All For One","Amplify"],"picked":"Electrodynamics","floor":0.0},{"not_picked":["Sweeping Beam","Beam Cell"],"picked":"Rebound","floor":1.0},{"not_picked":["Stack","Coolheaded","Ball Lightning"],"picked":"SKIP","floor":5.0},{"not_picked":["Ball Lightning","Turbo+1","Hyperbeam"],"picked":"SKIP","floor":12},{"not_picked":["Leap+1","Lockon"],"picked":"Conserve Battery+1","floor":13},{"not_picked":["Steam+1","Scrape","Compile Driver"],"picked":"SKIP","floor":14},{"not_picked":["Meteor Strike","hubris:SpecializedCircuitry"],"picked":"hubris:DoWhile+1","floor":16}],"player_experience":240793,"relics_obtained":[{"floor":8,"key":"Odd Mushroom"},{"floor":9,"key":"Toxic Egg 2"},{"floor":12,"key":"Pantograph"}],"event_choices":[{"damage_healed":0.0,"max_hp_gain":0.0,"max_hp_loss":0.0,"gold_gain":0.0,"event_name":"Upgrade Shrine","player_choice":"Upgraded","floor":2.0,"gold_loss":0.0,"damage_taken":0.0,"cards_upgraded":["Zap"]},{"damage_healed":0,"gold_gain":0,"player_choice":"Fought Mushrooms","damage_taken":0,"max_hp_gain":0,"max_hp_loss":0,"event_name":"Mushrooms","floor":8,"gold_loss":0}],"is_beta":false,"boss_relics":[{"not_picked":["Velvet Choker","Busted Crown"],"picked":"aspiration:RandomNobGenerator"}],"items_purged_floors":[3],"is_endless":false,"potions_floor_spawned":[5,8,13],"killed_by":"Spheric Guardian","ascension_level":0}}