{"host":"gj3450u0c4def4mj","time":1612147152,"event":{"mods":["2.2 Compatiblity","Act Like it!","BaseMod","Gensokyo","Marisa????????","Minty Spire (QoL Compilation)","StSLib"],"gold_per_floor":[113,44,124,137,149,149,8,8,8,8,41,90,90,125,125,239,239,274,289,68,68,113,113,165,165,189,233,233,233,233,284,284,396,396,406,406,134,134,160,213,213,249,249,296,314,374,413,413,413,413],"floor_reached":51,"language":"ENG","playtime":3224,"items_purged":["IllusionStar","Defend_MRS"],"score":1046,"play_id":"833baa99-e236-420e-9094-198eafac6f8e","local_time":"20210131213912","is_ascension_mode":true,"campfire_choices":[{"data":"MillisecondPulsars","floor":6.0,"key":"SMITH"},{"data":"OrrerysSun","floor":8.0,"key":"SMITH"},{"data":"AsteroidBelt","floor":13.0,"key":"SMITH"},{"floor":15.0,"key":"REST"},{"floor":23,"key":"REST"},{"floor":25,"key":"REST"},{"floor":30,"key":"REST"},{"data":"Apotheosis","floor":32,"key":"SMITH"},{"data":"AbsoluteMagnitude","floor":41,"key":"SMITH"},{"floor":49,"key":"REST"}],"circlet_count":0,"master_deck":["Strike_MRS+1","Defend_MRS","Defend_MRS","MasterSpark","UpSweep+1","OrrerysSun+1","AsteroidBelt+1","MillisecondPulsars+1","WitchOfGreed","BinaryStars","MagicAbsorber","ManaRampage+1","AsteroidBelt+1","GalacticHalo","Apotheosis+1","Acceleration+1","GalacticHalo+1","GalacticHalo+1","AbsoluteMagnitude+1","AsteroidBelt","EnergyFlow+1","OortCloud+1","GalacticHalo+1","AsteroidBelt+1","GalacticHalo+1","AsteroidBelt+1"],"relics":["MiniHakkero","SimpleLauncher","Smiling Mask","Incense Burner","RampagingMagicTools","Frozen Egg 2","Ice Cream","Prayer Wheel","Philosopher\u0027s Stone","PreservedInsect","Pear","Bottled Flame","Dream Catcher","Centennial Puzzle"],"acts_visited":["Gensokyo:Gensokyo","Gensokyo:Gensokyoer","Gensokyo:Gensokyoest"],"potions_floor_usage":[33,40,44,50,50],"damage_taken":[{"damage":8.0,"enemies":"Gensokyo:2_Kodama","floor":1.0,"turns":4.0},{"damage":12.0,"enemies":"Gensokyo:Gryphon","floor":4.0,"turns":5.0},{"damage":0.0,"enemies":"Gensokyo:Python","floor":5.0,"turns":4.0},{"damage":8.0,"enemies":"Gensokyo:Kitsune","floor":11.0,"turns":6.0},{"damage":9.0,"enemies":"Gensokyo:Cirno","floor":12.0,"turns":9.0},{"damage":0.0,"enemies":"Gensokyo:Python_and_Kodama","floor":14.0,"turns":5.0},{"damage":18.0,"enemies":"Gensokyo:Reimu","floor":16.0,"turns":10.0},{"damage":24.0,"enemies":"Gensokyo:3_Dogs","floor":18.0,"turns":5.0},{"damage":0.0,"enemies":"Gensokyo:AngelMirror","floor":19.0,"turns":2.0},{"damage":34,"enemies":"Gensokyo:Slime_Group","floor":22,"turns":5},{"damage":35,"enemies":"Gensokyo:Reisen","floor":24,"turns":8},{"damage":0,"enemies":"Gensokyo:Wraith","floor":27,"turns":6},{"damage":0,"enemies":"Gensokyo:Tenshi","floor":31,"turns":6},{"damage":13,"enemies":"Gensokyo:Eternal_Rivals","floor":33,"turns":10},{"damage":0,"enemies":"Gensokyo:3_Bats","floor":35,"turns":4},{"damage":3,"enemies":"Gensokyo:AncientGuardian","floor":39,"turns":4},{"damage":0,"enemies":"Gensokyo:Kasen","floor":40,"turns":5},{"damage":0,"enemies":"Gensokyo:Dusk_and_Dawn","floor":42,"turns":5},{"damage":2,"enemies":"Gensokyo:Marisa","floor":44,"turns":4},{"damage":23,"enemies":"Gensokyo:4_Bats","floor":45,"turns":6},{"damage":0,"enemies":"Gensokyo:Doremy","floor":46,"turns":4},{"damage":0,"enemies":"Gensokyo:3_Boulders","floor":47,"turns":4},{"damage":0,"enemies":"Gensokyo:Yuyuko","floor":50,"turns":6}],"seed_played":"8641267889473235403","potions_obtained":[{"floor":1.0,"key":"StarNLove"},{"floor":11.0,"key":"LiquidMemories"},{"floor":12.0,"key":"BottledSpark"},{"floor":16.0,"key":"EssenceOfSteel"},{"floor":16.0,"key":"SkillPotion"},{"floor":18.0,"key":"FairyPotion"},{"floor":22,"key":"BlessingOfTheForge"},{"floor":24,"key":"LiquidMemories"},{"floor":31,"key":"Block Potion"},{"floor":33,"key":"FearPotion"},{"floor":40,"key":"GamblersBrew"},{"floor":44,"key":"SpeedPotion"},{"floor":45,"key":"PowerPotion"},{"floor":47,"key":"DuplicationPotion"}],"is_trial":false,"path_per_floor":["M","$","?","M","M","R","COS","R","T","?","M","E","R","M","R","B",null,"M","M","$","?","M","R","E","R","T","M","?","T","R","E","R","B",null,"M","?","$","?","M","E","R","M","T","E","M","E","M","?","R","B",null],"character_chosen":"MARISA","items_purchased":["MillisecondPulsars","Apotheosis","PreservedInsect","EnergyFlow+1"],"campfire_rested":5,"item_purchase_floors":[2,20,37,37],"current_hp_per_floor":[67,67,67,55,55,55,55,55,55,55,47,38,38,38,60,42,75,51,51,51,51,17,39,4,26,26,26,26,26,48,48,48,35,75,75,75,75,75,72,82,82,82,82,80,57,57,57,57,82,82],"gold":413,"neow_bonus":"TRANSFORM_TWO_CARDS","is_daily":false,"chose_seed":false,"campfire_upgraded":5,"win_rate":0.0,"timestamp":1612147152,"path_taken":["M","$","?","M","M","R","COS","R","T","?","M","E","R","?","R","BOSS","M","M","$","?","?","R","E","R","T","M","?","?","R","E","R","BOSS","M","?","$","?","?","E","R","M","T","E","M","E","M","?","R","BOSS"],"items_purchased_type":["Card","Card","Relic","Card"],"build_version":"2020-12-22","purchased_purges":2,"victory":true,"max_hp_per_floor":[75,75,75,75,75,75,75,75,75,75,75,75,75,75,75,75,75,75,75,75,75,75,75,75,75,75,75,75,75,75,75,75,75,75,75,75,75,75,75,85,85,85,85,85,85,85,85,85,85,85],"card_choices":[{"not_picked":["PulseMagic","PowerUp"],"picked":"AsteroidBelt","floor":1.0},{"not_picked":["6A","Orbital"],"picked":"WitchOfGreed","floor":4.0},{"not_picked":["DC","WitchLeyline","Orbital"],"picked":"SKIP","floor":5.0},{"not_picked":["MilkyWay","WitchLeyline","BinaryStars"],"picked":"SKIP","floor":11.0},{"not_picked":["DoubleSpark","GalacticHalo"],"picked":"AsteroidBelt","floor":12.0},{"not_picked":["GalacticHalo","GrandCross"],"picked":"MagicAbsorber","floor":14.0},{"not_picked":["SuperNova","BinaryStars"],"picked":"ManaRampage","floor":16.0},{"not_picked":["6A","MysteriousBeam"],"picked":"AsteroidBelt+1","floor":18.0},{"not_picked":["NonDirectionalLaser","MachineGunSpark+1"],"picked":"GalacticHalo","floor":19.0},{"not_picked":["6A","WitchLeyline+1"],"picked":"Acceleration+1","floor":22},{"not_picked":["GasGiant","ShootingEcho"],"picked":"GalacticHalo+1","floor":24},{"not_picked":["PowerUp","NonDirectionalLaser+1","DC"],"picked":"SKIP","floor":27},{"not_picked":["BlazeAway","WitchLeyline"],"picked":"GalacticHalo+1","floor":31},{"not_picked":["JA","CollectingQuirk"],"picked":"AbsoluteMagnitude","floor":33},{"not_picked":["DarkSpark","OneTimeOff"],"picked":"AsteroidBelt","floor":35},{"not_picked":["DarkMatter+1","MachineGunSpark","MysteriousBeam"],"picked":"SKIP","floor":35},{"not_picked":["EventHorizon+1","MysteriousBeam+1","OneTimeOff"],"picked":"SKIP","floor":39},{"not_picked":["DarkMatter","IllusionStar","PowerUp+1"],"picked":"SKIP","floor":39},{"not_picked":["DarkMatter+1","RefractionSpark+1"],"picked":"OortCloud+1","floor":40},{"not_picked":["ChargingUp","GravityBeat"],"picked":"GalacticHalo+1","floor":42},{"not_picked":["6A","OneTimeOff+1","PowerUp+1"],"picked":"SKIP","floor":42},{"not_picked":["Orbital+1","SuperNova+1","LuminesStrike"],"picked":"SKIP","floor":44},{"not_picked":["DarkMatter+1","EnergyFlow+1"],"picked":"AsteroidBelt+1","floor":45},{"not_picked":["LuminesStrike+1","GrandCross","NonDirectionalLaser"],"picked":"SKIP","floor":45},{"not_picked":["SatelliteIllusion+1","BinaryStars"],"picked":"GalacticHalo+1","floor":46},{"not_picked":["DC","PulseMagic+1"],"picked":"AsteroidBelt+1","floor":47},{"not_picked":["LuminesStrike+1","DoubleSpark","GrandCross+1"],"picked":"SKIP","floor":47}],"player_experience":41584,"relics_obtained":[{"floor":9.0,"key":"Smiling Mask"},{"floor":12.0,"key":"Incense Burner"},{"floor":24,"key":"Frozen Egg 2"},{"floor":26,"key":"Whetstone"},{"floor":29,"key":"Ice Cream"},{"floor":31,"key":"Prayer Wheel"},{"floor":40,"key":"Pear"},{"floor":43,"key":"Bottled Flame"},{"floor":44,"key":"Dream Catcher"},{"floor":46,"key":"Centennial Puzzle"}],"event_choices":[],"is_beta":false,"boss_relics":[{"not_picked":["ExperimentalFamiliar","Cursed Key"],"picked":"RampagingMagicTools"},{"not_picked":["Pandora\u0027s Box","Runic Dome"],"picked":"Philosopher\u0027s Stone"}],"items_purged_floors":[20,37],"is_endless":false,"potions_floor_spawned":[1,14,16,18,22,24,27,33,44,45,47],"ascension_level":2}}