{"host":"1m3dfme8k5w8sg4k","time":1612214683,"event":{"mods":["AchievementEnabler","BaseMod","Colored Map","Colored Powertips","Minty Spire (QoL Compilation)","Random Character Button","Random Character Mod","Relic Stats","StSLib","everything is the same but u backflip on backflip"],"gold_per_floor":[115,128,303,381,229,241,241,251,298,298,314,343,343,355,355,451,451,461,461,376,393,393,426,426,454,479,491,491,205,205,224,224,224,224],"floor_reached":33,"language":"ENG","playtime":1064,"items_purged":["Doubt","Doubt"],"score":335,"play_id":"4f739e6f-84a0-4f3a-beac-f8770bc77a58","local_time":"20210201162443","is_ascension_mode":false,"campfire_choices":[{"data":"Combust","floor":10.0,"key":"SMITH"},{"data":"Inflame","floor":13.0,"key":"SMITH"},{"data":"Feel No Pain","floor":15.0,"key":"SMITH"},{"data":"Disarm","floor":24.0,"key":"SMITH"},{"data":"Impervious","floor":28.0,"key":"SMITH"},{"data":"Anger","floor":32.0,"key":"SMITH"}],"circlet_count":0,"master_deck":["Strike_R+1","Strike_R+1","Strike_R+1","Strike_R+1","Strike_R+1","Defend_R+1","Defend_R+1","Defend_R+1","Defend_R+1","Bash","Thunderclap","Pommel Strike","Combust+1","Whirlwind+1","Feel No Pain+1","Inflame+1","Battle Trance","Anger+1","Corruption","Sword Boomerang","Carnage","Disarm+1","Impervious+1","Reckless Charge+1","Flame Barrier","Sentinel"],"relics":["Burning Blood","NeowsBlessing","Eternal Feather","Centennial Puzzle","Incense Burner","Cursed Key","PreservedInsect","Mercury Hourglass","Vajra","Red Skull"],"acts_visited":["Exordium","TheCity"],"potions_floor_usage":[33],"damage_taken":[{"damage":0.0,"enemies":"Jaw Worm","floor":1.0,"turns":1.0},{"damage":0.0,"enemies":"2 Louse","floor":2.0,"turns":1.0},{"damage":0.0,"enemies":"Small Slimes","floor":6.0,"turns":1.0},{"damage":12.0,"enemies":"Exordium Thugs","floor":8.0,"turns":3.0},{"damage":0.0,"enemies":"3 Louse","floor":11.0,"turns":1.0},{"damage":27.0,"enemies":"3 Sentries","floor":12.0,"turns":6.0},{"damage":2.0,"enemies":"Large Slime","floor":14.0,"turns":3.0},{"damage":5.0,"enemies":"Slime Boss","floor":16.0,"turns":7.0},{"damage":2.0,"enemies":"Spheric Guardian","floor":18.0,"turns":4.0},{"damage":6.0,"enemies":"Shell Parasite","floor":21.0,"turns":3.0},{"damage":21.0,"enemies":"Gremlin Leader","floor":23.0,"turns":5.0},{"damage":22.0,"enemies":"Book of Stabbing","floor":25.0,"turns":4.0},{"damage":39.0,"enemies":"Shelled Parasite and Fungi","floor":27.0,"turns":3.0},{"damage":4.0,"enemies":"Centurion and Healer","floor":31.0,"turns":3.0},{"damage":64,"enemies":"Collector","floor":33,"turns":7}],"seed_played":"-4974327629361635846","potions_obtained":[{"floor":2.0,"key":"ElixirPotion"},{"floor":6.0,"key":"Ancient Potion"},{"floor":11.0,"key":"FearPotion"},{"floor":18.0,"key":"Swift Potion"},{"floor":23.0,"key":"SpeedPotion"}],"is_trial":false,"path_per_floor":["M","M","?","T","$","M","?","M","T","R","M","E","R","M","R","B",null,"M","?","?","M","?","E","R","E","T","M","R","$","T","M","R","B"],"character_chosen":"IRONCLAD","items_purchased":["Combust","Flame Barrier","Red Skull"],"campfire_rested":0,"item_purchase_floors":[5,29,29],"current_hp_per_floor":[80,80,80,80,80,80,64,58,58,67,73,52,61,65,74,75,80,80,80,80,80,80,65,77,61,61,28,43,43,43,45,60,0,0],"gold":224,"neow_bonus":"THREE_ENEMY_KILL","is_daily":false,"chose_seed":false,"campfire_upgraded":6,"win_rate":0.0,"timestamp":1612214683,"path_taken":["M","M","?","?","$","M","?","M","T","R","M","E","R","M","R","BOSS","M","?","?","M","?","E","R","E","T","M","R","$","?","?","R","BOSS"],"items_purchased_type":["Card","Card","Relic"],"build_version":"2020-12-22","purchased_purges":2,"victory":false,"max_hp_per_floor":[80,80,80,80,80,80,80,80,80,80,80,80,80,80,80,80,80,80,80,80,80,80,80,80,80,80,80,80,80,80,80,80,80,80],"relic_stats":{"Centennial Puzzle":[30],"counters":[15,52],"Eternal Feather":69,"PreservedInsect":86,"Cursed Key":1,"obtain_stats":[{"Centennial Puzzle":9,"NeowsBlessing":0,"Vajra":25,"Eternal Feather":4,"PreservedInsect":20,"Incense Burner":12,"Cursed Key":17,"Burning Blood":0,"Red Skull":29,"Mercury Hourglass":23},{"Centennial Puzzle":4,"NeowsBlessing":0,"Vajra":12,"Eternal Feather":2,"PreservedInsect":9,"Incense Burner":6,"Cursed Key":8,"Burning Blood":0,"Red Skull":13,"Mercury Hourglass":11},{"Centennial Puzzle":6,"NeowsBlessing":0,"Vajra":39,"Eternal Feather":2,"PreservedInsect":27,"Incense Burner":13,"Cursed Key":23,"Burning Blood":0,"Red Skull":42,"Mercury Hourglass":35}],"Burning Blood":62,"Mercury Hourglass":[75]},"card_choices":[{"not_picked":["Warcry","Body Slam"],"picked":"Thunderclap","floor":1.0},{"not_picked":["Rage","Havoc"],"picked":"Pommel Strike","floor":2.0},{"not_picked":["Headbutt","Warcry"],"picked":"Whirlwind","floor":6.0},{"not_picked":["Armaments","Perfected Strike"],"picked":"Feel No Pain","floor":8.0},{"not_picked":["Hemokinesis","True Grit"],"picked":"Inflame","floor":11.0},{"not_picked":["Wild Strike","Twin Strike"],"picked":"Battle Trance","floor":12.0},{"not_picked":["Evolve","Clash"],"picked":"Anger","floor":14.0},{"not_picked":["Double Tap","Impervious"],"picked":"Corruption","floor":16.0},{"not_picked":["Warcry","Headbutt"],"picked":"Sword Boomerang","floor":18.0},{"not_picked":["Rage+1","Metallicize"],"picked":"Carnage","floor":21.0},{"not_picked":["Entrench","Sword Boomerang+1"],"picked":"Disarm","floor":23.0},{"not_picked":["Thunderclap","Pommel Strike+1"],"picked":"Impervious","floor":25.0},{"not_picked":["Heavy Blade","Rage"],"picked":"Reckless Charge+1","floor":27.0},{"not_picked":["Armaments+1","Anger+1"],"picked":"Sentinel","floor":31.0}],"player_experience":1615299,"relics_obtained":[{"floor":4.0,"key":"Eternal Feather"},{"floor":9.0,"key":"Centennial Puzzle"},{"floor":12.0,"key":"Incense Burner"},{"floor":23.0,"key":"Mercury Hourglass"},{"floor":25.0,"key":"Vajra"}],"event_choices":[{"damage_healed":0.0,"max_hp_gain":0.0,"max_hp_loss":0.0,"gold_gain":175.0,"event_name":"Liars Game","player_choice":"AGREE","floor":3.0,"gold_loss":0.0,"damage_taken":0.0,"cards_obtained":["Doubt"]},{"damage_healed":0.0,"max_hp_gain":0.0,"max_hp_loss":0.0,"gold_gain":0.0,"event_name":"Shining Light","player_choice":"Entered Light","floor":7.0,"gold_loss":0.0,"damage_taken":16.0,"cards_upgraded":["Defend_R","Whirlwind"]},{"damage_healed":0.0,"max_hp_gain":0.0,"max_hp_loss":0.0,"gold_gain":0.0,"event_name":"Back to Basics","player_choice":"Simplicity","floor":19.0,"gold_loss":0.0,"damage_taken":0.0,"cards_upgraded":["Strike_R","Strike_R","Strike_R","Strike_R","Strike_R","Defend_R","Defend_R","Defend_R"]},{"damage_healed":0.0,"max_hp_gain":0.0,"max_hp_loss":0.0,"gold_gain":0.0,"event_name":"Addict","player_choice":"Obtained Relic","floor":20.0,"gold_loss":85.0,"damage_taken":0.0,"relics_obtained":["PreservedInsect"]},{"damage_healed":0.0,"max_hp_gain":0.0,"max_hp_loss":0.0,"gold_gain":0.0,"event_name":"The Mausoleum","player_choice":"Ignored","floor":22.0,"gold_loss":0.0,"damage_taken":0.0}],"is_beta":false,"boss_relics":[{"not_picked":["Astrolabe","Runic Cube"],"picked":"Cursed Key"}],"items_purged_floors":[5,29],"is_endless":false,"potions_floor_spawned":[2,6,11,18,23],"killed_by":"Collector","ascension_level":0}}