{"host":"y0avvqzsetgmdwfn","time":1612204294,"event":{"mods":["AchievementEnabler","BaseMod","Better Third Choice","Downfall","Minty Spire (QoL Compilation)","Red Circlet Mod","Reliquary","Replay The Spire","Spicy Shops","StSLib"],"gold_per_floor":[99,111,111,127,127,127,196,224,53,83,83,112,112,146,160,257,257,157,172,182,192,212,244,269,286,319,333,345,345,360,380,396,501,501,501,513,525,575,575,605,631,646,746,760,771,971,985,995,1013,1013],"floor_reached":51,"language":"ENG","playtime":3117,"items_purged":[],"score":847,"play_id":"8a65847d-2f89-4071-a86b-513914585f1f","local_time":"20210202023134","is_ascension_mode":false,"campfire_choices":[{"floor":1.0,"key":"DIG"},{"data":"bronze:Return","floor":6.0,"key":"SMITH"},{"floor":13.0,"key":"REST"},{"data":"1","floor":18.0,"key":"LIFT"},{"data":"2","floor":35,"key":"LIFT"},{"floor":46,"key":"RECALL"}],"circlet_count":0,"master_deck":["bronze:Strike","bronze:Strike","bronze:Strike","bronze:Defend","bronze:Defend","bronze:Defend","bronze:Defend","bronze:Replicate","bronze:Goto+1","bronze:Backtrace+1","downfall:Malfunctioning","bronze:Return+1","bronze:Frontload","bronze:Verify","bronze:ClassDefault","bronze:BronzeOrb+1","bronze:Branch+1","bronze:RecursiveStrike+1","bronze:Constructor","bronze:Format","bronze:FollowUp+1","bronze:Separator+1","bronze:Repair","bronze:Overheat+1","bronze:NullPointer+1","bronze:ForceShield+1","bronze:NullPointer+1","bronze:DelayedSlice+1","bronze:WhirlingStrike+1","bronze:BurnOut+1","bronze:Optimize","bronze:Overheat+1","bronze:SpaghettiCode","bronze:FineTuning+1","bronze:CleanCode","bronze:ChosenStrike+1","bronze:Optimize+1","bronze:RecursiveStrike+1","bronze:DelayedGuard+1","bronze:ChosenStrike+1","bronze:Optimize+1","bronze:DelayedGuard+1","bronze:ForLoop+1"],"relics":["Philosopher\u0027s Stone","reliquary:ExpiredCoupon","Molten Egg 2","Art of War","Girya","Odd Mushroom","Akabeko","champ:DuelingGlove","Black Star","downfall:HeartBlessingGreen","Potion Belt","Question Card","FossilizedHelix","reliquary:PurpleTingedLeaf","SlaversCollar","Thread and Needle","Centennial Puzzle","Simple Rune","Ancient Tea Set","downfall:GremlinWheel","downfall:HeartBlessingBlue"],"acts_visited":["Exordium","TheCity","TheBeyond"],"potions_floor_usage":[23,23,26,33,38,44,47,50,50,50,50],"damage_taken":[{"damage":7.0,"enemies":"Jaw Worm","floor":2.0,"turns":3.0},{"damage":4.0,"enemies":"Small Slimes","floor":4.0,"turns":2.0},{"damage":8.0,"enemies":"Lagavulin","floor":8.0,"turns":7.0},{"damage":0.0,"enemies":"downfall:FleeingMerchant","floor":9.0,"turns":4.0},{"damage":32.0,"enemies":"The Mushroom Lair","floor":10.0,"turns":5.0},{"damage":0.0,"enemies":"Cultist","floor":11.0,"turns":1.0},{"damage":0.0,"enemies":"Gremlin Nob","floor":12.0,"turns":3.0},{"damage":1.0,"enemies":"Lagavulin","floor":14.0,"turns":7.0},{"damage":3.0,"enemies":"Gremlin Gang","floor":15.0,"turns":5.0},{"damage":30.0,"enemies":"SI_SHIV_ARCHETYPE","floor":16.0,"turns":8.0},{"damage":5.0,"enemies":"Spheric Guardian","floor":19.0,"turns":3.0},{"damage":7.0,"enemies":"3 Cultists","floor":20.0,"turns":6.0},{"damage":0.0,"enemies":"Snecko","floor":21.0,"turns":2.0},{"damage":0.0,"enemies":"Sentry and Sphere","floor":22.0,"turns":3.0},{"damage":0,"enemies":"Gremlin Leader","floor":23,"turns":4},{"damage":0,"enemies":"3 Cultists","floor":25,"turns":4},{"damage":5,"enemies":"Slavers","floor":26,"turns":4},{"damage":0,"enemies":"Snake Plant","floor":27,"turns":3},{"damage":0,"enemies":"Snecko","floor":28,"turns":3},{"damage":0,"enemies":"Shelled Parasite and Fungi","floor":30,"turns":3},{"damage":0,"enemies":"Centurion and Healer","floor":31,"turns":1},{"damage":0,"enemies":"Snake Plant","floor":32,"turns":2},{"damage":9,"enemies":"WA_ARCHETYPE_CALM","floor":33,"turns":7},{"damage":5,"enemies":"3 Shapes","floor":36,"turns":5},{"damage":0,"enemies":"3 Darklings","floor":37,"turns":4},{"damage":0,"enemies":"3 Darklings","floor":38,"turns":3},{"damage":0,"enemies":"Reptomancer","floor":40,"turns":4},{"damage":7,"enemies":"Writhing Mass","floor":42,"turns":4},{"damage":0,"enemies":"Writhing Mass","floor":43,"turns":3},{"damage":0,"enemies":"Transient","floor":44,"turns":5},{"damage":0,"enemies":"Spire Growth","floor":45,"turns":3},{"damage":7,"enemies":"Sphere and 2 Shapes","floor":47,"turns":5},{"damage":0,"enemies":"Transient","floor":48,"turns":5},{"damage":0,"enemies":"Writhing Mass","floor":49,"turns":5},{"damage":57,"enemies":"DF_ARCHETYPE_ORBS","floor":50,"turns":9}],"seed_played":"-8776221235475995562","potions_obtained":[{"floor":2.0,"key":"champ:CounterPotion"},{"floor":8.0,"key":"hexamod:SoulburnPotion"},{"floor":10.0,"key":"bronze:BurnAndBuffPotion"},{"floor":14.0,"key":"Swift Potion"},{"floor":16.0,"key":"Block Potion"},{"floor":22.0,"key":"BlessingOfTheForge"},{"floor":26,"key":"Guardian:BlockOnCardUsePotion"},{"floor":28,"key":"bronze:BurnAndBuffPotion"},{"floor":31,"key":"LiquidBronze"},{"floor":33,"key":"LiquidBronze"},{"floor":36,"key":"Adrenaline Potion"},{"floor":40,"key":"EntropicBrew"},{"floor":42,"key":"SpeedPotion"},{"floor":43,"key":"Cursed Concoction"}],"is_trial":false,"path_per_floor":["R","M","?","M","?","R","T","E","$","?","M","E","R","E","M","B",null,"R","M","M","M","M","E","T","M","E","M","M","?","M","M","M","B",null,"R","M","M","?","?","E","T","M","?","M","M","R","M","M","M","B",null],"character_chosen":"THE_AUTOMATON","items_purchased":["Girya"],"campfire_rested":1,"item_purchase_floors":[9],"current_hp_per_floor":[70,63,63,59,59,59,59,51,51,19,19,19,40,39,36,6,70,70,65,58,58,58,65,65,70,70,70,70,70,70,70,70,61,70,70,65,70,70,70,70,70,63,64,65,66,76,70,77,80,33],"gold":1013,"neow_bonus":"BOSS_RELIC","is_daily":false,"chose_seed":false,"campfire_upgraded":1,"win_rate":0.0,"timestamp":1612204294,"path_taken":["R","M","?","M","?","R","T","E","$","?","?","E","R","E","M","BOSS","R","M","M","M","M","E","T","M","E","?","?","?","M","M","M","BOSS","R","M","M","?","?","E","T","?","?","M","M","R","M","?","M","BOSS"],"items_purchased_type":["Relic"],"build_version":"2020-12-22","purchased_purges":0,"victory":true,"max_hp_per_floor":[70,70,70,70,70,70,70,70,70,70,70,70,70,70,70,70,70,70,70,70,70,70,70,70,70,70,70,70,70,70,70,70,70,70,70,70,70,70,70,70,70,70,70,70,70,80,80,80,80,80],"card_choices":[{"not_picked":["bronze:CutThrough","bronze:BugBarrage"],"picked":"bronze:Backtrace","floor":2.0},{"not_picked":["bronze:Overload","bronze:BugBarrage"],"picked":"bronze:Return","floor":4.0},{"not_picked":["bronze:WildBeam+1","bronze:ForceShield"],"picked":"bronze:Frontload","floor":8.0},{"not_picked":["bronze:BuggyMess","bronze:WildBeam+1"],"picked":"bronze:Verify","floor":9.0},{"not_picked":["bronze:Overload","bronze:OilSpill+1"],"picked":"bronze:ClassDefault","floor":10.0},{"not_picked":["bronze:OilSpill+1","bronze:Branch+1"],"picked":"bronze:BronzeOrb+1","floor":11.0},{"not_picked":["bronze:Deprecate","bronze:BugBarrage+1"],"picked":"bronze:Branch+1","floor":12.0},{"not_picked":["bronze:Shield","bronze:Repulsor"],"picked":"bronze:RecursiveStrike+1","floor":14.0},{"not_picked":["bronze:CutThrough+1","bronze:DelayedGuard"],"picked":"bronze:Constructor","floor":15.0},{"not_picked":["bronze:BurnOut+1","bronze:CleanCode"],"picked":"bronze:Format","floor":16.0},{"not_picked":["bronze:CutThrough+1","bronze:OilSpill+1"],"picked":"bronze:FollowUp+1","floor":19.0},{"not_picked":["bronze:Constructor","bronze:Overload"],"picked":"bronze:Separator+1","floor":20.0},{"not_picked":["bronze:FineTuning","bronze:Shield"],"picked":"bronze:Repair","floor":21.0},{"not_picked":["bronze:Iterate+1","bronze:DelayedGuard"],"picked":"bronze:Overheat+1","floor":22.0},{"not_picked":["bronze:ClassDefault","bronze:Frontload+1"],"picked":"bronze:NullPointer+1","floor":23},{"not_picked":["bronze:BugBarrage+1","bronze:Overheat+1","bronze:Constructor"],"picked":"bronze:ForceShield+1","floor":25},{"not_picked":["bronze:Deprecate","bronze:ChildClass","bronze:WildBeam+1"],"picked":"bronze:NullPointer+1","floor":26},{"not_picked":["bronze:Frontload","bronze:Deprecate","bronze:BitShift"],"picked":"bronze:DelayedSlice+1","floor":27},{"not_picked":["bronze:Turbo","bronze:Shield","bronze:Iterate+1"],"picked":"bronze:WhirlingStrike+1","floor":28},{"not_picked":["bronze:WildBeam+1","bronze:Shield","bronze:Repulsor+1"],"picked":"bronze:BurnOut+1","floor":30},{"not_picked":["bronze:Iterate+1","bronze:BitShift+1","bronze:Shield"],"picked":"bronze:Optimize","floor":31},{"not_picked":["bronze:Fortify+1","bronze:Invalidate","bronze:Backtrace+1"],"picked":"bronze:Overheat+1","floor":32},{"not_picked":["bronze:RecursiveStrike+1","bronze:ShipIt+1","bronze:Virus+1"],"picked":"bronze:SpaghettiCode","floor":33},{"not_picked":["bronze:WildBeam+1","bronze:OilSpill+1","bronze:Turbo"],"picked":"bronze:FineTuning+1","floor":36},{"not_picked":["bronze:Constructor+1","bronze:Overheat+1","bronze:DelayedGuard"],"picked":"bronze:CleanCode","floor":37},{"not_picked":["bronze:Turbo+1","bronze:OilSpill+1","bronze:BugBarrage+1"],"picked":"bronze:ChosenStrike+1","floor":38},{"not_picked":["bronze:Turbo","bronze:ForLoop","bronze:CutThrough+1"],"picked":"bronze:Optimize+1","floor":40},{"not_picked":["bronze:ForceShield+1","bronze:Overheat+1","bronze:Allocate"],"picked":"bronze:RecursiveStrike+1","floor":42},{"not_picked":["bronze:Invalidate+1","bronze:Branch+1","bronze:DigitalCarnage+1"],"picked":"bronze:DelayedGuard+1","floor":44},{"not_picked":["bronze:DigitalCarnage+1","bronze:Overload+1","bronze:Constructor"],"picked":"bronze:ChosenStrike+1","floor":45},{"not_picked":["bronze:WildBeam+1","bronze:Shield+1","bronze:ForceShield"],"picked":"bronze:Optimize+1","floor":47},{"not_picked":["bronze:Optimize+1","bronze:Branch+1","bronze:Constructor"],"picked":"bronze:DelayedGuard+1","floor":48},{"not_picked":["bronze:WhirlingStrike+1","bronze:FineTuning","bronze:Frontload"],"picked":"bronze:ForLoop+1","floor":49}],"player_experience":2020843,"relics_obtained":[{"floor":1.0,"key":"reliquary:ExpiredCoupon"},{"floor":7.0,"key":"Molten Egg 2"},{"floor":8.0,"key":"Art of War"},{"floor":10.0,"key":"Odd Mushroom"},{"floor":12.0,"key":"Akabeko"},{"floor":14.0,"key":"champ:DuelingGlove"},{"floor":23,"key":"Potion Belt"},{"floor":23,"key":"Question Card"},{"floor":26,"key":"FossilizedHelix"},{"floor":26,"key":"reliquary:PurpleTingedLeaf"},{"floor":38,"key":"Thread and Needle"},{"floor":40,"key":"Centennial Puzzle"},{"floor":40,"key":"Simple Rune"},{"floor":41,"key":"Ancient Tea Set"},{"floor":43,"key":"downfall:GremlinWheel"}],"event_choices":[{"damage_healed":0.0,"max_hp_gain":0.0,"max_hp_loss":0.0,"gold_gain":0.0,"event_name":"Mushrooms","player_choice":"Fought Mushrooms","floor":10.0,"gold_loss":0.0,"damage_taken":0.0},{"damage_healed":0,"gold_gain":0,"player_choice":"Ignored","damage_taken":0,"max_hp_gain":0,"max_hp_loss":0,"event_name":"Ghosts","floor":29,"gold_loss":0},{"cards_removed":["bronze:Strike"],"damage_healed":0,"gold_gain":0,"player_choice":"Offered Basic","damage_taken":0,"max_hp_gain":0,"max_hp_loss":0,"event_name":"Bonfire Elementals","floor":39,"gold_loss":0},{"damage_healed":0,"gold_gain":300,"player_choice":"Gold","damage_taken":0,"max_hp_gain":0,"max_hp_loss":0,"event_name":"Wheel of Change","floor":46,"gold_loss":0}],"is_beta":false,"boss_relics":[{"not_picked":["reliquary:Craggleroot","Replay:Drink Me"],"picked":"Black Star"},{"not_picked":["Busted Crown","reliquary:Ember"],"picked":"SlaversCollar"}],"items_purged_floors":[],"is_endless":false,"potions_floor_spawned":[2,8,10,14,16,19,22,26,28,31,33,36,40,42,43],"ascension_level":0}}