{"host":"zxkjcgzis4pm3za5","time":1612186911,"event":{"mods":["AchievementEnabler","Act Like it!","BaseMod","Colored Map","Colored Powertips","Friendly Minions","GifTheSpireLib","Minty Spire (QoL Compilation)","Quick Restart","Random Character Button","Relic Sorter","Relic Stats","StSLib"],"gold_per_floor":[216,291,308,326,251,283,283,297,297,14,27,49,76,17,17,88,88,108,108,121,133,133,133,133,133],"floor_reached":24,"language":"ENG","playtime":1363,"items_purged":["Strike_G"],"score":534,"play_id":"c1408aa5-83b9-46b7-b257-85ca34dbf19a","local_time":"20210201191151","is_ascension_mode":true,"campfire_choices":[{"floor":7.0,"key":"REST"},{"floor":15,"key":"REST"},{"data":"Cloak And Dagger","floor":23,"key":"SMITH"}],"circlet_count":0,"master_deck":["AscendersBane","Strike_G","Strike_G","Strike_G","Defend_G","Defend_G","Defend_G","Defend_G","Defend_G","Survivor","Neutralize","Blade Dance","Night Terror","Sucker Punch","Cloak And Dagger+1","Cloak And Dagger","Accuracy","Caltrops","PiercingWail","Terror","Cloak And Dagger","After Image","CurseOfTheBell","Acrobatics","Outmaneuver"],"relics":["Ring of the Snake","Bag of Preparation","OrangePellets","Odd Mushroom","Gambling Chip","Calling Bell","Pen Nib","The Courier","Turnip"],"acts_visited":["Exordium","TheCity"],"potions_floor_usage":[],"damage_taken":[{"damage":2.0,"enemies":"2 Louse","floor":1.0,"turns":4.0},{"damage":0.0,"enemies":"Jaw Worm","floor":3.0,"turns":3.0},{"damage":4.0,"enemies":"Small Slimes","floor":4.0,"turns":4.0},{"damage":33.0,"enemies":"Lagavulin","floor":6.0,"turns":10.0},{"damage":6.0,"enemies":"3 Louse","floor":8.0,"turns":4.0},{"damage":10.0,"enemies":"Gremlin Gang","floor":11.0,"turns":3.0},{"damage":9.0,"enemies":"The Mushroom Lair","floor":12.0,"turns":6.0},{"damage":0.0,"enemies":"Gremlin Nob","floor":13.0,"turns":2.0},{"damage":0,"enemies":"Hexaghost","floor":16,"turns":9},{"damage":18,"enemies":"Chosen","floor":18,"turns":5},{"damage":8,"enemies":"Spheric Guardian","floor":20,"turns":5},{"damage":7,"enemies":"Snake Plant","floor":21,"turns":4},{"damage":23,"enemies":"Slavers","floor":24,"turns":2}],"seed_played":"3089650877649245096","potions_obtained":[{"floor":3.0,"key":"EntropicBrew"},{"floor":6.0,"key":"SteroidPotion"},{"floor":8.0,"key":"Explosive Potion"},{"floor":11.0,"key":"Block Potion"},{"floor":12.0,"key":"EntropicBrew"}],"is_trial":false,"path_per_floor":["M","?","M","M","?","E","R","M","T","$","M","?","E","$","R","B",null,"M","?","M","M","?","R","E"],"character_chosen":"THE_SILENT","items_purchased":["Accuracy","OrangePellets","Cloak And Dagger"],"campfire_rested":2,"item_purchase_floors":[10,10,14],"current_hp_per_floor":[57,46,46,42,42,9,28,22,22,22,12,3,3,3,22,22,55,37,37,29,22,22,22,0,0],"gold":133,"neow_bonus":"HUNDRED_GOLD","is_daily":false,"chose_seed":false,"campfire_upgraded":1,"win_rate":0.0,"timestamp":1612186911,"path_taken":["M","?","M","M","?","E","R","M","T","?","M","?","E","$","R","BOSS","M","?","M","M","?","R","E"],"items_purchased_type":["Card","Relic","Card"],"build_version":"2020-12-22","purchased_purges":1,"victory":false,"max_hp_per_floor":[66,66,66,66,66,66,66,66,66,66,66,66,66,66,66,66,66,66,66,66,66,66,66,66,66],"relic_stats":{"OrangePellets":[2],"counters":[13,61],"Gambling Chip":[23],"Pen Nib":[3],"Turnip":[7],"Bag of Preparation":[18],"obtain_stats":[{"Calling Bell":17,"OrangePellets":10,"Gambling Chip":13,"Pen Nib":17,"The Courier":17,"Turnip":17,"Bag of Preparation":6,"Odd Mushroom":12,"Ring of the Snake":0},{"Calling Bell":9,"OrangePellets":5,"Gambling Chip":8,"Pen Nib":9,"The Courier":9,"Turnip":9,"Bag of Preparation":4,"Odd Mushroom":7,"Ring of the Snake":0},{"Calling Bell":45,"OrangePellets":25,"Gambling Chip":36,"Pen Nib":45,"The Courier":45,"Turnip":45,"Bag of Preparation":21,"Odd Mushroom":34,"Ring of the Snake":0}],"Ring of the Snake":[26]},"card_choices":[{"not_picked":["Deflect","Outmaneuver"],"picked":"Blade Dance","floor":1.0},{"not_picked":["Bane","Flying Knee"],"picked":"Night Terror","floor":3.0},{"not_picked":["Backflip","Deflect"],"picked":"Sucker Punch","floor":4.0},{"not_picked":["Storm of Steel","Prepared"],"picked":"Cloak And Dagger","floor":6.0},{"not_picked":["Prepared","Underhanded Strike"],"picked":"Cloak And Dagger","floor":8.0},{"not_picked":["Backflip","Noxious Fumes"],"picked":"Caltrops","floor":11.0},{"not_picked":["Caltrops","Quick Slash"],"picked":"PiercingWail","floor":12.0},{"not_picked":["Slice","Dodge and Roll"],"picked":"Terror","floor":13.0},{"not_picked":["Phantasmal Killer","Corpse Explosion"],"picked":"After Image","floor":16},{"not_picked":["Prepared","Quick Slash","Bouncing Flask+1"],"picked":"SKIP","floor":18},{"not_picked":["Flying Knee","Sucker Punch"],"picked":"Acrobatics","floor":20},{"not_picked":["Backflip","Deflect"],"picked":"Outmaneuver","floor":21}],"player_experience":303684,"relics_obtained":[{"floor":6.0,"key":"Bag of Preparation"},{"floor":12.0,"key":"Odd Mushroom"},{"floor":13.0,"key":"Gambling Chip"},{"floor":17,"key":"Pen Nib"},{"floor":17,"key":"The Courier"},{"floor":17,"key":"Turnip"}],"event_choices":[{"damage_healed":0.0,"max_hp_gain":0.0,"max_hp_loss":0.0,"gold_gain":75.0,"event_name":"World of Goop","player_choice":"Gather Gold","floor":2.0,"gold_loss":0.0,"damage_taken":11.0},{"cards_removed":["Strike_G"],"damage_healed":0.0,"max_hp_gain":0.0,"max_hp_loss":0.0,"gold_gain":0.0,"event_name":"The Cleric","player_choice":"Card Removal","floor":5.0,"gold_loss":75.0,"damage_taken":0.0},{"damage_healed":0.0,"max_hp_gain":0.0,"max_hp_loss":0.0,"gold_gain":0.0,"event_name":"Mushrooms","player_choice":"Fought Mushrooms","floor":12.0,"gold_loss":0.0,"damage_taken":0.0},{"damage_healed":0,"gold_gain":0,"player_choice":"Ignored","damage_taken":0,"max_hp_gain":0,"max_hp_loss":0,"event_name":"Ghosts","floor":19,"gold_loss":0},{"damage_healed":0,"gold_gain":0,"player_choice":"Ignored","damage_taken":0,"max_hp_gain":0,"max_hp_loss":0,"event_name":"N\u0027loth","floor":22,"gold_loss":0}],"is_beta":false,"boss_relics":[{"not_picked":["Ectoplasm","Astrolabe"],"picked":"Calling Bell"}],"items_purged_floors":[10],"is_endless":false,"potions_floor_spawned":[3,6,8,11,12],"killed_by":"Slavers","ascension_level":18}}