{"host":"tgr1xoidyjfo4u0n","time":1612202195,"event":{"mods":["Act Like it!","Alarm Clock","BaseMod","CapriCore","Colored Powertips","Downfall","GifTheSpireLib","Highlight Path","Minty Spire (QoL Compilation)","StSLib"],"gold_per_floor":[99,99,118,136,436,436,436,436,274,274,291,308,68,80,92,191,191,191,191,191,191,203,220,220,220,235,266,283,283,22,34,52,148,148,148,164,420,420,430,530,530,542,542,554,566,271,271,271,286,286],"floor_reached":51,"language":"ZHS","playtime":5094,"items_purged":["bronze:Strike","bronze:Strike","bronze:Strike","Parasite"],"score":736,"play_id":"81a09cb2-2b34-4bc0-8bb4-6123e6f679c8","local_time":"20210202015635","is_ascension_mode":false,"campfire_choices":[{"data":"bronze:Return","floor":1.0,"key":"SMITH"},{"data":"bronze:BugBarrage","floor":6.0,"key":"SMITH"},{"data":"bronze:Goto","floor":8.0,"key":"SMITH"},{"data":"bronze:ItsAFeature","floor":10.0,"key":"SMITH"},{"data":"bronze:BugBarrage","floor":18.0,"key":"SMITH"},{"data":"bronze:Return","floor":25.0,"key":"SMITH"},{"data":"bronze:FineTuning","floor":29.0,"key":"SMITH"},{"data":"bronze:MaxOutput","floor":35.0,"key":"SMITH"},{"data":"bronze:Mutator","floor":43.0,"key":"SMITH"},{"data":"bronze:Mutator","floor":43.0,"key":"SMITH"},{"data":"bronze:MaxOutput","floor":47.0,"key":"SMITH"}],"circlet_count":0,"master_deck":["bronze:Strike","bronze:Defend","bronze:Defend","bronze:Defend","bronze:Replicate","bronze:Goto+1","bronze:Return+1","bronze:DelayedGuard","bronze:BugBarrage+1","bronze:FineTuning+1","bronze:ItsAFeature+1","bronze:Repair","bronze:Optimize","bronze:Return+1","bronze:BugBarrage+1","bronze:BronzeArmor","bronze:Overload","bronze:Format","bronze:Deprecate","bronze:Shell","bronze:Turbo","bronze:Virus","bronze:ItsAFeature+1","bronze:MaxOutput+1","bronze:Turbo+1","bronze:BronzeOrb","bronze:Mutator+1","bronze:Iterate+1","bronze:Shield+1","bronze:ForLoop+1","bronze:MaxOutput+1","bronze:MaxOutput+1","bronze:Iterate","bronze:MaxOutput"],"relics":["bronze:PlatinumCore","Old Coin","Bird Faced Urn","Bottled Flame","Bottled Tornado","Toxic Egg 2","Membership Card","Philosopher\u0027s Stone","Potion Belt","bronze:SilverBullet","DollysMirror","Happy Flower"],"acts_visited":["Exordium","TheCity","TheBeyond"],"potions_floor_usage":[50,50],"damage_taken":[{"damage":1.0,"enemies":"2 Louse","floor":3.0,"turns":3.0},{"damage":0.0,"enemies":"Small Slimes","floor":4.0,"turns":5.0},{"damage":0.0,"enemies":"downfall:FleeingMerchant","floor":9.0,"turns":4.0},{"damage":1.0,"enemies":"Jaw Worm","floor":11.0,"turns":3.0},{"damage":6.0,"enemies":"Exordium Wildlife","floor":12.0,"turns":5.0},{"damage":0.0,"enemies":"downfall:FleeingMerchant","floor":13.0,"turns":4.0},{"damage":7.0,"enemies":"Blue Slaver","floor":14.0,"turns":4.0},{"damage":11.0,"enemies":"Exordium Wildlife","floor":15.0,"turns":4.0},{"damage":13.0,"enemies":"DF_ARCHETYPE_STREAMLINE","floor":16.0,"turns":7.0},{"damage":12.0,"enemies":"Shell Parasite","floor":22.0,"turns":4.0},{"damage":5.0,"enemies":"Chosen","floor":23.0,"turns":5.0},{"damage":22.0,"enemies":"Centurion and Healer","floor":26.0,"turns":5.0},{"damage":15.0,"enemies":"Slavers","floor":27.0,"turns":6.0},{"damage":1.0,"enemies":"Cultist and Chosen","floor":28.0,"turns":6.0},{"damage":10.0,"enemies":"downfall:FleeingMerchant","floor":30.0,"turns":4.0},{"damage":12.0,"enemies":"Snake Plant","floor":31.0,"turns":6.0},{"damage":5.0,"enemies":"Centurion and Healer","floor":32.0,"turns":5.0},{"damage":19.0,"enemies":"SI_MIRROR_ARCHETYPE","floor":33.0,"turns":6.0},{"damage":6.0,"enemies":"3 Darklings","floor":36.0,"turns":5.0},{"damage":0.0,"enemies":"downfall:FleeingMerchant","floor":37.0,"turns":4.0},{"damage":2.0,"enemies":"Orb Walker","floor":39.0,"turns":4.0},{"damage":5.0,"enemies":"downfall:LadyInBlue","floor":40.0,"turns":8.0},{"damage":20.0,"enemies":"Transient","floor":42.0,"turns":5.0},{"damage":16.0,"enemies":"Jaw Worm Horde","floor":44.0,"turns":5.0},{"damage":31.0,"enemies":"Writhing Mass","floor":45.0,"turns":7.0},{"damage":0.0,"enemies":"Maw","floor":49.0,"turns":4.0},{"damage":0,"enemies":"WA_ARCHETYPE_DIVINITY","floor":50,"turns":5}],"seed_played":"1313864372678109932","potions_obtained":[{"floor":3.0,"key":"SkillPotion"},{"floor":12.0,"key":"Explosive Potion"},{"floor":14.0,"key":"bronze:FreeFunctionsPotion"},{"floor":16.0,"key":"Guardian:BlockOnCardUsePotion"},{"floor":32.0,"key":"AttackPotion"},{"floor":40.0,"key":"GamblersBrew"},{"floor":40.0,"key":"Slimebound:ThreeZeroPotion"},{"floor":49.0,"key":"SneckoOil"}],"is_trial":false,"path_per_floor":["R","?","M","M","?","R","T","R","$","R","M","M","$","M","M","B",null,"R","?","?","T","M","M","T","R","M","E","M","R","$","M","M","B",null,"R","M","$","?","M","?","T","M","R","M","M","$","R","?","M","B",null],"character_chosen":"THE_AUTOMATON","items_purchased":["bronze:ItsAFeature","bronze:Return","bronze:BugBarrage","Membership Card","bronze:MaxOutput","bronze:Turbo+1","bronze:BronzeOrb","bronze:Shield+1","bronze:MaxOutput","DollysMirror","Happy Flower","bronze:Iterate"],"campfire_rested":0,"item_purchase_floors":[9,13,13,30,30,30,30,37,46,46,46,46],"current_hp_per_floor":[70,70,69,69,62,62,62,62,62,62,63,59,68,70,70,57,70,70,70,70,70,67,70,70,70,57,53,67,67,70,70,70,67,70,70,70,70,70,70,70,70,61,61,70,63,63,63,63,67,67],"gold":286,"neow_bonus":"THREE_CARDS","is_daily":false,"chose_seed":false,"campfire_upgraded":11,"win_rate":0.0,"timestamp":1612202195,"path_taken":["R","?","M","M","?","R","T","R","$","R","M","M","$","?","M","BOSS","R","?","?","?","M","M","T","R","M","E","M","R","$","M","M","BOSS","R","M","$","?","?","?","T","?","R","M","M","$","R","?","M","BOSS"],"items_purchased_type":["Card","Card","Card","Relic","Card","Card","Card","Card","Card","Relic","Relic","Card"],"build_version":"2020-12-22","purchased_purges":4,"victory":true,"max_hp_per_floor":[70,70,70,70,70,70,70,70,70,70,70,70,70,70,70,70,70,70,70,70,70,70,70,70,70,70,70,70,70,70,70,70,70,70,70,70,70,70,70,70,70,70,70,70,70,67,67,67,67,67],"card_choices":[{"not_picked":["bronze:OilSpill","bronze:CloningBeam"],"picked":"bronze:Return","floor":0.0},{"not_picked":["bronze:Allocate","bronze:Branch"],"picked":"bronze:DelayedGuard","floor":3.0},{"not_picked":["bronze:Overheat","bronze:OilSpill"],"picked":"bronze:BugBarrage","floor":4.0},{"not_picked":["bronze:DelayedGuard","bronze:ThunderWave"],"picked":"bronze:FineTuning","floor":9.0},{"not_picked":["bronze:Frontload","bronze:ChosenStrike","bronze:Allocate"],"picked":"SKIP","floor":11.0},{"not_picked":["bronze:Deprecate","bronze:FineTuning"],"picked":"bronze:Repair","floor":12.0},{"not_picked":["bronze:DarkDash","bronze:Fortify"],"picked":"bronze:Optimize","floor":13.0},{"not_picked":["bronze:DelayedGuard","bronze:Deprecate"],"picked":"bronze:BronzeArmor","floor":14.0},{"not_picked":["bronze:Turbo","bronze:Overheat"],"picked":"bronze:Overload","floor":15.0},{"not_picked":["bronze:Break","bronze:CleanCode"],"picked":"bronze:Format","floor":16.0},{"not_picked":["bronze:Branch","bronze:DelayedGuard"],"picked":"bronze:Deprecate","floor":22.0},{"not_picked":["bronze:ChildClass","bronze:DigitalCarnage+1"],"picked":"bronze:Shell","floor":23.0},{"not_picked":["bronze:BuggyMess","bronze:Deprecate"],"picked":"bronze:Turbo","floor":26.0},{"not_picked":["bronze:Overheat","bronze:NullPointer"],"picked":"bronze:Virus","floor":27.0},{"not_picked":["bronze:Overload+1","bronze:NullPointer"],"picked":"bronze:ItsAFeature+1","floor":28.0},{"not_picked":["bronze:DelayedSlice","bronze:Shell+1","bronze:DarkDash"],"picked":"SKIP","floor":30.0},{"not_picked":["bronze:WildBeam","bronze:Overheat","bronze:OilSpill"],"picked":"SKIP","floor":31.0},{"not_picked":["bronze:DigitalCarnage","bronze:BitShift+1"],"picked":"bronze:Mutator","floor":32.0},{"not_picked":["bronze:WhirlingStrike","bronze:BuggyMess+1"],"picked":"bronze:Iterate+1","floor":36.0},{"not_picked":["bronze:ChosenStrike","bronze:Branch+1","bronze:NullPointer+1"],"picked":"SKIP","floor":37.0},{"not_picked":["bronze:Shield+1","bronze:WhirlingStrike","bronze:Turbo+1"],"picked":"SKIP","floor":39.0},{"not_picked":["bronze:ChosenStrike+1","bronze:DigitalCarnage","bronze:Allocate+1"],"picked":"SKIP","floor":42.0},{"not_picked":["bronze:Iterate","bronze:Boost+1","bronze:WhirlingStrike+1"],"picked":"SKIP","floor":44.0},{"not_picked":["bronze:Repair+1","bronze:Overload+1"],"picked":"bronze:ForLoop+1","floor":45.0},{"not_picked":["bronze:HyperBeam","bronze:DelayedSlice+1"],"picked":"bronze:MaxOutput","floor":49.0}],"player_experience":510994,"relics_obtained":[{"floor":7.0,"key":"Bird Faced Urn"},{"floor":21.0,"key":"Bottled Flame"},{"floor":24.0,"key":"Bottled Tornado"},{"floor":27.0,"key":"Toxic Egg 2"},{"floor":40.0,"key":"Potion Belt"},{"floor":41.0,"key":"bronze:SilverBullet"}],"event_choices":[{"damage_healed":0.0,"max_hp_gain":0.0,"max_hp_loss":0.0,"gold_gain":0.0,"event_name":"Scrap Ooze","player_choice":"Success","floor":5.0,"gold_loss":0.0,"damage_taken":7.0,"relics_obtained":["Old Coin"]},{"cards_removed":["bronze:Defend"],"damage_healed":0.0,"max_hp_gain":0.0,"max_hp_loss":0.0,"gold_gain":0.0,"event_name":"Falling","player_choice":"Removed Skill","floor":48.0,"gold_loss":0.0,"damage_taken":0.0}],"is_beta":false,"boss_relics":[{"not_picked":["SlaversCollar","Sozu"],"picked":"bronze:PlatinumCore"},{"not_picked":["Black Star","Tiny House"],"picked":"Philosopher\u0027s Stone"}],"items_purged_floors":[9,13,37,46],"is_endless":false,"potions_floor_spawned":[3,12,14,16,22,32,33,36,40,49],"ascension_level":0}}