{"host":"mp3zbolja7t2zuvr","time":1612213555,"event":{"mods":["AchievementEnabler","BaseMod","Curses Come First","Minty Spire (QoL Compilation)","Permanent Neow","Relic Stats","StSLib","Synergy Search","Uncapped"],"gold_per_floor":[111,131,151,162,8,8,38,38,38,58,89,89,89,9,9,9,9],"floor_reached":16,"language":"ENG","playtime":709,"items_purged":[],"score":132,"play_id":"a04a0a9e-43e9-41ab-b029-ab679152fafe","local_time":"20210201160555","is_ascension_mode":true,"campfire_choices":[{"data":"Clothesline","floor":6,"key":"SMITH"},{"data":"Bash","floor":8,"key":"SMITH"},{"floor":13,"key":"REST"},{"data":"Uppercut","floor":15,"key":"SMITH"}],"circlet_count":0,"master_deck":["Strike_R","Strike_R","Strike_R","Strike_R","Strike_R","Defend_R","Defend_R","Defend_R","Defend_R","Bash+1","Shame","Impervious","Clothesline+1","Wild Strike","Dropkick","True Grit","Dark Embrace","Uppercut+1"],"relics":["Burning Blood","Frozen Eye","FossilizedHelix","Du-Vu Doll","Letter Opener","WingedGreaves"],"acts_visited":["Exordium"],"potions_floor_usage":[7,7,7,11],"damage_taken":[{"damage":8,"enemies":"Cultist","floor":1,"turns":4},{"damage":0,"enemies":"Small Slimes","floor":2,"turns":4},{"damage":16,"enemies":"Jaw Worm","floor":3,"turns":5},{"damage":29,"enemies":"Large Slime","floor":4,"turns":9},{"damage":23,"enemies":"Lagavulin","floor":7,"turns":8},{"damage":0,"enemies":"Gremlin Gang","floor":10,"turns":6},{"damage":35,"enemies":"3 Sentries","floor":11,"turns":10},{"damage":32,"enemies":"The Guardian","floor":16,"turns":10}],"seed_played":"-2339173659106058466","potions_obtained":[{"floor":1,"key":"Weak Potion"},{"floor":2,"key":"BlessingOfTheForge"},{"floor":4,"key":"Energy Potion"},{"floor":7,"key":"ColorlessPotion"}],"is_trial":false,"path_per_floor":["M","M","M","M","$","R","E","R","T","M","E","T","R","$","R","B"],"character_chosen":"IRONCLAD","items_purchased":["Frozen Eye","Uppercut"],"campfire_rested":1,"item_purchase_floors":[5,14],"current_hp_per_floor":[78,80,70,47,47,47,30,30,30,36,7,7,31,31,31,0,0],"gold":9,"neow_bonus":"THREE_RARE_CARDS","is_daily":false,"chose_seed":false,"campfire_upgraded":3,"win_rate":0.0,"timestamp":1612213555,"path_taken":["M","M","M","M","$","R","E","R","T","M","E","?","R","$","R","BOSS"],"items_purchased_type":["Relic","Card"],"build_version":"2020-12-22","purchased_purges":0,"victory":false,"max_hp_per_floor":[80,80,80,80,80,80,80,80,80,80,80,80,80,80,80,80,80],"relic_stats":{"counters":[8,56],"Letter Opener":[5],"obtain_stats":[{"Du-Vu Doll":9,"Frozen Eye":5,"WingedGreaves":12,"Letter Opener":11,"Burning Blood":0,"FossilizedHelix":7},{"Du-Vu Doll":5,"Frozen Eye":4,"WingedGreaves":7,"Letter Opener":7,"Burning Blood":0,"FossilizedHelix":5},{"Du-Vu Doll":30,"Frozen Eye":22,"WingedGreaves":46,"Letter Opener":46,"Burning Blood":0,"FossilizedHelix":30}],"Burning Blood":38},"card_choices":[{"not_picked":["Berserk","Juggernaut"],"picked":"Impervious","floor":0},{"not_picked":["Havoc","Rage","Warcry"],"picked":"SKIP","floor":1},{"not_picked":["Heavy Blade","Pommel Strike"],"picked":"Clothesline","floor":2},{"not_picked":["Combust","Second Wind"],"picked":"Wild Strike","floor":3},{"not_picked":["Flex","Reckless Charge","Juggernaut"],"picked":"SKIP","floor":4},{"not_picked":["Seeing Red","Flex"],"picked":"Dropkick","floor":7},{"not_picked":["Dual Wield","Twin Strike"],"picked":"True Grit","floor":10},{"not_picked":["Battle Trance","Fire Breathing"],"picked":"Dark Embrace","floor":11}],"player_experience":127230,"relics_obtained":[{"floor":7,"key":"FossilizedHelix"},{"floor":9,"key":"Du-Vu Doll"},{"floor":11,"key":"Letter Opener"},{"floor":12,"key":"WingedGreaves"}],"event_choices":[],"is_beta":false,"boss_relics":[],"items_purged_floors":[],"is_endless":false,"potions_floor_spawned":[1,2,4,7],"killed_by":"The Guardian","ascension_level":4}}