{"host":"Ringo","time":1612181599,"event":{"mods":["BaseMod","Colored Map","Conspire","Dota2Spire","Hubris","Minty Spire (QoL Compilation)","Replay The Spire","StSLib","The Construct","[IsaacMod]ÒÔÈö¼âËþ","¡¾ÒÅÎï¿¨ÅÆ¡¿REMEMod"],"gold_per_floor":[111,130,141,158,175,209,238,263,263,292,302,327,337,349,361,445,457,486,510,59,74,88,120,120,149,149,177,191,216,216,245,245,321,321,336,348,365,384,68,68,99,113,113,145,176,207,235,261,261,261,261],"floor_reached":52,"language":"ZHS","playtime":1774,"items_purged":[],"score":3573,"play_id":"b179a69f-b7f0-4644-85d9-8d381f2f9207","local_time":"20210201201319","daily_mods":["SealedDeck","Vintage","Colorless Cards","Heirloom","Time Dilation","Flight","DeadlyEvents","Elite Swarm","Lethality","Binary"],"is_ascension_mode":true,"campfire_choices":[{"data":"ReplayTheSpireMod:Private Reserves","floor":15.0,"key":"SMITH"},{"floor":32,"key":"DIG"},{"data":"hubris:DuctTapeCard","floor":40,"key":"SMITH"},{"floor":49,"key":"DIG"}],"circlet_count":0,"master_deck":["AscendersBane","Compile Driver+1","Undo","Compile Driver+1","Sunder+1","Doom and Gloom","Sweeping Beam","Backstab","Cold Snap","BasicCrystalCard","Gash","Scrape","Gash","Barrage","Heatsinks+1","Hello World+1","REME_AllRoundStrike+1","hubris:DuctTapeCard+2","Leap"],"relics":["Cracked Core","Busted Crown","HushsDoor","REME_ComplimentaryCards","replay:Trail_Library","Durian","Chaos","Onion Ring","TheAbacus","Chemical X","Replay:Ringing Soul","Regal Pillow","conspire:TreasureMap","hubris:HerbalPaste","conspire:IceCreamScoop","hubris:ScarierMask","Coffee Dripper","Dota2Spire:Vanguard","Incubus","MawBank","Carrot","Shovel","hubris:IronBody","Champion Belt","Counterbalance","Anchor","Replay:Bottled Flurry","DeadEye","hubris:RGBLights","YumHeart","TungstenRod","Replay:Bottled Eggs","Meat on the Bone","Leech","SharpPlug","Astrolabe","conspire:BottledYoYo","HornCleat","hubris:DuctTape","D6","Torii","ReplayTheSpireMod:TigerMarble","construct:ClawGrip","Dota2Spire:OrchidMalevolence","ReplayTheSpireMod:Shallot","MegaBlast","DataDisk","Pantograph"],"acts_visited":["Exordium","TheCity","TheBeyond"],"potions_floor_usage":[16,16,27,33,33,37,50,50],"damage_taken":[{"damage":12.0,"enemies":"conspire:RoseBush","floor":1.0,"turns":1.0},{"damage":0.0,"enemies":"2 Louse","floor":2.0,"turns":1.0},{"damage":0.0,"enemies":"Cultist","floor":3.0,"turns":1.0},{"damage":0.0,"enemies":"Blue Slaver","floor":4.0,"turns":1.0},{"damage":0.0,"enemies":"2 Fungi Beasts","floor":5.0,"turns":1.0},{"damage":0.0,"enemies":"3 Sentries","floor":6.0,"turns":2.0},{"damage":0.0,"enemies":"Gremlin Nob","floor":7.0,"turns":2.0},{"damage":0.0,"enemies":"Replay:BlueRogue","floor":8.0,"turns":2.0},{"damage":0.0,"enemies":"3 Sentries","floor":10.0,"turns":2.0},{"damage":0.0,"enemies":"3 Louse","floor":11.0,"turns":1.0},{"damage":0.0,"enemies":"Gremlin Nob","floor":12.0,"turns":1.0},{"damage":0.0,"enemies":"conspire:2 RoseBushes","floor":13.0,"turns":1.0},{"damage":0,"enemies":"The Guardian","floor":16,"turns":4},{"damage":0,"enemies":"conspire:FuzzyDice","floor":18,"turns":1},{"damage":0,"enemies":"Spheric Guardian","floor":19,"turns":1},{"damage":0,"enemies":"Snake Plant","floor":21,"turns":2},{"damage":0,"enemies":"Snecko","floor":22,"turns":1},{"damage":3,"enemies":"conspire:SneckoGhost","floor":23,"turns":3},{"damage":0,"enemies":"Replay:Snechameleon","floor":25,"turns":2},{"damage":0,"enemies":"REME_1_Revenger","floor":27,"turns":1},{"damage":0,"enemies":"Centurion and Healer","floor":28,"turns":2},{"damage":0,"enemies":"Slavers","floor":29,"turns":1},{"damage":0,"enemies":"REME_1_Revenger","floor":31,"turns":2},{"damage":0,"enemies":"Champ","floor":33,"turns":4},{"damage":0,"enemies":"3 Darklings","floor":35,"turns":1},{"damage":27,"enemies":"3 Shapes","floor":36,"turns":1},{"damage":0,"enemies":"3 Darklings","floor":37,"turns":1},{"damage":0,"enemies":"Sphere and 2 Shapes","floor":38,"turns":1},{"damage":0,"enemies":"R_Hoarder","floor":41,"turns":3},{"damage":0,"enemies":"Writhing Mass","floor":42,"turns":2},{"damage":0,"enemies":"Reptomancer","floor":44,"turns":2},{"damage":0,"enemies":"R_Hoarder","floor":45,"turns":2},{"damage":0,"enemies":"Giant Head","floor":46,"turns":3},{"damage":0,"enemies":"R_Hoarder","floor":47,"turns":2},{"damage":0,"enemies":"Reptomancer","floor":48,"turns":2},{"damage":0,"enemies":"Awakened One","floor":50,"turns":4},{"damage":0,"enemies":"Donu and Deca","floor":51,"turns":1}],"seed_played":"-8751842948570985766","potions_obtained":[{"floor":3.0,"key":"FearPotion"},{"floor":4.0,"key":"Dexterity Potion"},{"floor":21,"key":"Elixir"},{"floor":23,"key":"FearPotion"},{"floor":28,"key":"Dexterity Potion"},{"floor":33,"key":"FearPotion"},{"floor":36,"key":"ColorlessPotion"},{"floor":37,"key":"Milkshake"},{"floor":47,"key":"CultistPotion"}],"is_trial":true,"path_per_floor":["M","M","M","M","M","E","E","E","T","E","M","E","M","?","R","B",null,"M","M","$","M","M","E","?","E","T","E","M","E","?","E","R","B",null,"M","M","M","M","$","R","E","M","T","E","E","E","E","E","R","B","B",null],"character_chosen":"DEFECT","items_purchased":["hubris:IronBody","BasicCrystalCard","Gash","Doom and Gloom","Gash","Barrage","hubris:DuctTape","Leap"],"campfire_rested":0,"item_purchase_floors":[20,20,20,20,34,34,39,39],"current_hp_per_floor":[57,57,57,57,57,57,57,60,60,63,63,63,63,66,66,72,77,77,77,80,82,82,79,64,67,67,67,70,70,73,76,76,82,86,86,62,62,62,65,65,72,76,76,80,84,91,92,92,92,92,92],"gold":261,"neow_bonus":"","is_daily":false,"chose_seed":false,"campfire_upgraded":2,"win_rate":0.0,"timestamp":1612181599,"path_taken":["M","M","M","M","M","E","E","E","T","E","M","E","M","?","R","BOSS","M","M","$","M","M","E","?","E","T","E","M","E","?","E","R","BOSS","M","M","M","M","$","R","E","M","T","E","E","E","E","E","R","BOSS","BOSS"],"items_purchased_type":["Relic","Card","Card","Card","Card","Card","Relic","Card"],"build_version":"2020-12-18","purchased_purges":0,"victory":true,"max_hp_per_floor":[76,76,76,76,76,76,76,76,76,76,76,76,76,79,79,79,79,79,79,82,82,82,82,82,82,82,82,82,82,85,85,85,85,86,86,89,89,89,92,92,92,92,92,92,92,92,92,92,92,92,92],"card_choices":[],"player_experience":607521,"relics_obtained":[{"floor":1.0,"key":"Onion Ring"},{"floor":2.0,"key":"TheAbacus"},{"floor":3.0,"key":"Chemical X"},{"floor":4.0,"key":"Replay:Ringing Soul"},{"floor":5.0,"key":"Regal Pillow"},{"floor":6.0,"key":"conspire:TreasureMap"},{"floor":7.0,"key":"hubris:HerbalPaste"},{"floor":8.0,"key":"conspire:IceCreamScoop"},{"floor":9.0,"key":"hubris:ScarierMask"},{"floor":10.0,"key":"Coffee Dripper"},{"floor":11.0,"key":"Dota2Spire:Vanguard"},{"floor":12.0,"key":"Incubus"},{"floor":13.0,"key":"MawBank"},{"floor":19,"key":"Shovel"},{"floor":21,"key":"Champion Belt"},{"floor":22,"key":"Counterbalance"},{"floor":23,"key":"Anchor"},{"floor":25,"key":"Replay:Bottled Flurry"},{"floor":26,"key":"DeadEye"},{"floor":27,"key":"hubris:RGBLights"},{"floor":28,"key":"YumHeart"},{"floor":29,"key":"TungstenRod"},{"floor":31,"key":"Replay:Bottled Eggs"},{"floor":32,"key":"Meat on the Bone"},{"floor":35,"key":"SharpPlug"},{"floor":36,"key":"Astrolabe"},{"floor":37,"key":"conspire:BottledYoYo"},{"floor":38,"key":"HornCleat"},{"floor":41,"key":"D6"},{"floor":42,"key":"Torii"},{"floor":43,"key":"ReplayTheSpireMod:TigerMarble"},{"floor":44,"key":"construct:ClawGrip"},{"floor":45,"key":"Dota2Spire:OrchidMalevolence"},{"floor":46,"key":"ReplayTheSpireMod:Shallot"},{"floor":47,"key":"MegaBlast"},{"floor":48,"key":"DataDisk"},{"floor":49,"key":"Pantograph"}],"event_choices":[],"is_beta":true,"boss_relics":[{"not_picked":["Cables","hubris:Zylophone"],"picked":"Carrot"},{"not_picked":[]},{"not_picked":["conspire:Boomerang","TheBattery"],"picked":"Leech"},{"not_picked":[]}],"items_purged_floors":[],"is_endless":false,"potions_floor_spawned":[3,4,5,7,10,21,23,28,31,33,36,37,44,45,47],"ascension_level":20}}