{"host":"nx6t4q2fc0vdue7l","time":1612185289,"event":{"mods":["2.2 Compatiblity","BaseMod","Minty Spire (QoL Compilation)"],"gold_per_floor":[115,215,33,51,11,45,45,55,355,390,34,34,34,34,34,138,138,154,166,265,265,265,265],"floor_reached":22,"language":"ENG","playtime":613,"items_purged":["Strike_B","Defend_B"],"score":226,"play_id":"5615b7ba-a9b5-4d21-beb6-f2c1c2f43a24","local_time":"20210201141449","is_ascension_mode":true,"campfire_choices":[{"data":"Defragment","floor":7,"key":"SMITH"},{"floor":13,"key":"REST"},{"floor":15,"key":"REST"}],"circlet_count":0,"master_deck":["Strike_B","Strike_B","Strike_B","Defend_B","Defend_B","Defend_B","Zap","Dualcast","Redo","Defragment+1","Darkness","Buffer","Heatsinks","Creative AI","Creative AI","Chill+1","J.A.X."],"relics":["Cracked Core","NeowsBlessing","Calipers","Old Coin","Art of War","Mummified Hand","Coffee Dripper"],"acts_visited":["Exordium","TheCity"],"potions_floor_usage":[8,19],"damage_taken":[{"damage":0,"enemies":"Jaw Worm","floor":1,"turns":1},{"damage":0,"enemies":"Cultist","floor":4,"turns":1},{"damage":0,"enemies":"Lagavulin","floor":6,"turns":1},{"damage":12,"enemies":"2 Louse","floor":8,"turns":3},{"damage":34,"enemies":"3 Sentries","floor":10,"turns":6},{"damage":11,"enemies":"Slime Boss","floor":16,"turns":6},{"damage":13,"enemies":"Chosen","floor":18,"turns":5},{"damage":43,"enemies":"3 Byrds","floor":19,"turns":4},{"damage":23,"enemies":"Masked Bandits","floor":22,"turns":3}],"seed_played":"1893782774797329739","potions_obtained":[{"floor":5,"key":"ColorlessPotion"},{"floor":5,"key":"SteroidPotion"},{"floor":5,"key":"GamblersBrew"},{"floor":6,"key":"Dexterity Potion"},{"floor":16,"key":"FearPotion"},{"floor":18,"key":"Block Potion"}],"is_trial":false,"path_per_floor":["M","?","$","M","?","E","R","M","T","E","$","?","R","$","R","B",null,"M","M","?","?","?"],"character_chosen":"DEFECT","items_purchased":["Defragment","Darkness","Mummified Hand"],"campfire_rested":2,"item_purchase_floors":[3,3,11],"current_hp_per_floor":[75,75,75,75,75,75,75,63,63,29,29,22,44,44,66,55,75,62,19,19,19,0,0],"gold":265,"neow_bonus":"THREE_ENEMY_KILL","is_daily":false,"chose_seed":false,"campfire_upgraded":1,"win_rate":0.0,"timestamp":1612185289,"path_taken":["M","?","?","?","?","E","R","?","T","E","$","?","R","?","R","BOSS","M","M","?","?","?"],"items_purchased_type":["Card","Card","Relic"],"build_version":"2020-12-22","purchased_purges":2,"victory":false,"max_hp_per_floor":[75,75,75,75,75,75,75,75,75,75,75,75,75,75,75,75,75,75,75,75,75,75,75],"card_choices":[{"not_picked":["Beam Cell","Streamline"],"picked":"Redo","floor":1},{"not_picked":["Barrage","Gash","Steam"],"picked":"SKIP","floor":4},{"not_picked":["FTL","Ball Lightning"],"picked":"Buffer","floor":6},{"not_picked":["Sweeping Beam","Recycle"],"picked":"Heatsinks","floor":8},{"not_picked":["Redo","Genetic Algorithm"],"picked":"Creative AI","floor":10},{"not_picked":["Biased Cognition","Hyperbeam"],"picked":"Creative AI","floor":16},{"not_picked":["Undo","Genetic Algorithm","Reprogram+1"],"picked":"SKIP","floor":18},{"not_picked":["Coolheaded+1","Scrape"],"picked":"Chill+1","floor":19}],"player_experience":327903,"relics_obtained":[{"floor":6,"key":"Calipers"},{"floor":9,"key":"Old Coin"},{"floor":10,"key":"Art of War"}],"event_choices":[{"damage_healed":0,"gold_gain":100,"player_choice":"Pray","damage_taken":0,"max_hp_gain":0,"max_hp_loss":0,"event_name":"Golden Shrine","floor":2,"gold_loss":0},{"damage_healed":0,"gold_gain":0,"player_choice":"Bought 3 Potions","damage_taken":0,"max_hp_gain":0,"max_hp_loss":0,"event_name":"The Woman in Blue","floor":5,"gold_loss":0},{"damage_healed":0,"gold_gain":0,"player_choice":"Damaged","damage_taken":7,"max_hp_gain":0,"max_hp_loss":0,"event_name":"Wheel of Change","floor":12,"gold_loss":0},{"damage_healed":0,"gold_gain":99,"player_choice":"Stole From Cult","damage_taken":0,"max_hp_gain":0,"max_hp_loss":0,"event_name":"Nest","floor":20,"gold_loss":0},{"damage_healed":0,"gold_gain":0,"player_choice":"Obtain J.A.X.","damage_taken":0,"max_hp_gain":0,"max_hp_loss":0,"event_name":"Drug Dealer","floor":21,"gold_loss":0,"cards_obtained":["J.A.X."]},{"damage_healed":0,"gold_gain":0,"player_choice":"Fought Bandits","damage_taken":0,"max_hp_gain":0,"max_hp_loss":0,"event_name":"Masked Bandits","floor":22,"gold_loss":0}],"is_beta":false,"boss_relics":[{"not_picked":["Runic Pyramid","Cursed Key"],"picked":"Coffee Dripper"}],"items_purged_floors":[3,11],"is_endless":false,"potions_floor_spawned":[6,16,18],"killed_by":"Masked Bandits","ascension_level":1}}