{"host":"jpcy2bclvs7juczu","time":1612191831,"event":{"mods":["Alarm Clock","BaseMod","Bestiary","Block Reminder","Colored Map","Colored Powertips","Curses Come First","Dark Map","Filter the Spire","Minty Spire (QoL Compilation)","Quick Restart","RNG Fix","Random Character Button","Relic Stats","Slay the Relics Exporter","Smile Girya","StSLib","everything is the same but u backflip on backflip","ojb\u0027s Better Paths Mod","ojb\u0027s Info Mod","slay the spire mod where everything is the same but ironclad has a cowboy hat"],"gold_per_floor":[363,363,376,390,51,62,62,93,120,135,162,162,2,15,15,94,94,114,134,162,162,162],"floor_reached":21,"language":"ENG","playtime":669,"items_purged":["Strike_R"],"score":382,"play_id":"be995e44-3bda-4586-9533-da3bf678ca2b","local_time":"20210201100351","is_ascension_mode":true,"campfire_choices":[{"data":"Hemokinesis","floor":7,"key":"SMITH"},{"data":"Disarm","floor":15,"key":"SMITH"}],"circlet_count":0,"master_deck":["AscendersBane","Strike_R","Strike_R","Strike_R","Strike_R","Defend_R","Defend_R","Defend_R","Defend_R","Bash","Iron Wave","Hemokinesis+1","Twin Strike","Flame Barrier","Inflame","Perfected Strike","Impervious","Clothesline","Exhume","Disarm+1","Whirlwind","Corruption","Power Through","Burning Pact"],"relics":["Burning Blood","ClockworkSouvenir","Strawberry","Red Skull","Mummified Hand","Mark of Pain","Red Mask"],"acts_visited":["Exordium","TheCity"],"potions_floor_usage":[8,8,19,20],"damage_taken":[{"damage":9,"enemies":"Jaw Worm","floor":1,"turns":4},{"damage":5,"enemies":"2 Louse","floor":3,"turns":3},{"damage":14,"enemies":"Small Slimes","floor":4,"turns":3},{"damage":3,"enemies":"Looter","floor":6,"turns":3},{"damage":33,"enemies":"Lagavulin","floor":8,"turns":6},{"damage":10,"enemies":"Blue Slaver","floor":10,"turns":2},{"damage":17,"enemies":"3 Sentries","floor":11,"turns":7},{"damage":23,"enemies":"Exordium Wildlife","floor":14,"turns":5},{"damage":17,"enemies":"Hexaghost","floor":16,"turns":10},{"damage":35,"enemies":"Shell Parasite","floor":18,"turns":6},{"damage":19,"enemies":"2 Thieves","floor":19,"turns":4},{"damage":18,"enemies":"Masked Bandits","floor":20,"turns":4},{"damage":18,"enemies":"Cultist and Chosen","floor":21,"turns":7}],"seed_played":"3492901788686651120","potions_obtained":[{"floor":4,"key":"SteroidPotion"},{"floor":6,"key":"PowerPotion"},{"floor":10,"key":"SpeedPotion"},{"floor":11,"key":"ColorlessPotion"}],"is_trial":false,"path_per_floor":["M","?","M","M","$","M","R","E","T","M","E","?","$","M","R","B",null,"M","M","?","M"],"character_chosen":"IRONCLAD","items_purchased":["ClockworkSouvenir","Flame Barrier","Inflame","Disarm"],"campfire_rested":0,"item_purchase_floors":[5,5,5,13],"current_hp_per_floor":[65,65,66,58,58,61,61,41,41,37,26,75,75,58,58,47,68,39,26,14,0,0],"gold":162,"neow_bonus":"TWO_FIFTY_GOLD","is_daily":false,"chose_seed":false,"campfire_upgraded":2,"win_rate":0.0,"timestamp":1612191831,"path_taken":["M","?","M","M","$","M","R","E","T","M","E","?","?","M","R","BOSS","M","M","?","M"],"items_purchased_type":["Relic","Card","Card","Card"],"build_version":"2020-12-22","purchased_purges":1,"victory":false,"max_hp_per_floor":[68,68,68,68,68,68,68,75,75,75,75,75,75,75,75,75,75,75,75,75,75,75],"relic_stats":{"counters":[13,64],"Mummified Hand":[5],"obtain_stats":[{"Mummified Hand":11,"Strawberry":8,"Mark of Pain":17,"Red Mask":20,"Burning Blood":0,"Red Skull":9,"ClockworkSouvenir":5},{"Mummified Hand":7,"Strawberry":5,"Mark of Pain":9,"Red Mask":12,"Burning Blood":0,"Red Skull":5,"ClockworkSouvenir":3},{"Mummified Hand":28,"Strawberry":19,"Mark of Pain":43,"Red Mask":57,"Burning Blood":0,"Red Skull":19,"ClockworkSouvenir":10}],"Burning Blood":72},"card_choices":[{"not_picked":["Body Slam","Armaments"],"picked":"Iron Wave","floor":1},{"not_picked":["Twin Strike","Pommel Strike"],"picked":"Hemokinesis","floor":3},{"not_picked":["Seeing Red","Searing Blow"],"picked":"Twin Strike","floor":4},{"not_picked":["Intimidate","Combust"],"picked":"Perfected Strike","floor":6},{"not_picked":["Thunderclap","Barricade"],"picked":"Impervious","floor":8},{"not_picked":["Flame Barrier","Hemokinesis"],"picked":"Clothesline","floor":10},{"not_picked":["Havoc","Thunderclap"],"picked":"Exhume","floor":11},{"not_picked":["Wild Strike","Flex"],"picked":"Whirlwind","floor":14},{"not_picked":["Reaper","Demon Form"],"picked":"Corruption","floor":16},{"not_picked":["Ghostly Armor","True Grit","Sentinel"],"picked":"SKIP","floor":18},{"not_picked":["Sword Boomerang","Fire Breathing"],"picked":"Power Through","floor":19},{"not_picked":["Twin Strike","Rage"],"picked":"Burning Pact","floor":20}],"player_experience":1540239,"relics_obtained":[{"floor":8,"key":"Strawberry"},{"floor":9,"key":"Red Skull"},{"floor":11,"key":"Mummified Hand"},{"floor":20,"key":"Red Mask"}],"event_choices":[{"damage_healed":0,"gold_gain":0,"player_choice":"Leave","damage_taken":0,"max_hp_gain":0,"max_hp_loss":0,"event_name":"The Cleric","floor":2,"gold_loss":0},{"damage_healed":49,"gold_gain":0,"player_choice":"Full Heal","damage_taken":0,"max_hp_gain":0,"max_hp_loss":0,"event_name":"Wheel of Change","floor":12,"gold_loss":0},{"damage_healed":0,"gold_gain":0,"player_choice":"Fought Bandits","damage_taken":0,"max_hp_gain":0,"max_hp_loss":0,"event_name":"Masked Bandits","floor":20,"gold_loss":0}],"is_beta":false,"boss_relics":[{"not_picked":["SacredBark","Sozu"],"picked":"Mark of Pain"}],"items_purged_floors":[13],"is_endless":false,"potions_floor_spawned":[4,6,10,11,16,18],"killed_by":"Cultist and Chosen","ascension_level":20}}