{"host":"fa35vd3kig5td25x","time":1612203899,"event":{"mods":["BaseMod","Colored Powertips","Minty Spire (QoL Compilation)","Relic Stats","Slay the Relics Exporter"],"gold_per_floor":[369,386,413,423,438,438,40,40,112,141,141,141,166,180,180,251,251,269,285,298,298,4,4,29,40,40,40,40,40,40,57,57,129,129,146,2,2,21,40,40,56,18,71,85,96,130,130,147,147,147,147,147,147,9,35,35],"floor_reached":57,"language":"ENG","playtime":4880,"items_purged":["Strike_G","Strike_G","Storm of Steel"],"score":2553,"play_id":"519b52a2-0e75-4c77-b23b-8834813bc4a6","local_time":"20210201192459","is_ascension_mode":true,"campfire_choices":[{"data":"Neutralize","floor":6,"key":"SMITH"},{"data":"Phantasmal Killer","floor":8,"key":"SMITH"},{"data":"Poisoned Stab","floor":11,"key":"SMITH"},{"data":"Deadly Poison","floor":15,"key":"SMITH"},{"data":"Dagger Spray","floor":23,"key":"SMITH"},{"data":"Skewer","floor":28,"key":"SMITH"},{"data":"Cloak And Dagger","floor":30,"key":"SMITH"},{"data":"Deadly Poison","floor":32,"key":"SMITH"},{"data":"Malaise","floor":40,"key":"SMITH"},{"floor":49,"key":"RECALL"},{"data":"Adrenaline","floor":53,"key":"SMITH"}],"circlet_count":0,"master_deck":["AscendersBane","Survivor","Neutralize+1","Dagger Throw","Slice","Poisoned Stab+1","Deadly Poison+1","Phantasmal Killer+1","Poisoned Stab","Deflect","Backflip","After Image+1","Dagger Spray+1","Crippling Poison+1","Cloak And Dagger+1","Footwork+1","Deadly Poison+1","Dodge and Roll","Skewer+1","Necronomicurse","Backflip","After Image+1","Flying Knee","Backflip","Heel Hook","Calculated Gamble","After Image+1","Sucker Punch+1","PiercingWail","Malaise+1","Dodge and Roll+1","Cloak And Dagger+1","Bouncing Flask+1","Acrobatics","Dash+1","Adrenaline+1","Escape Plan+1","Footwork+1","Adrenaline","Acrobatics","Acrobatics"],"relics":["Ring of the Snake","MealTicket","Bronze Scales","Pantograph","Frozen Egg 2","Gambling Chip","Coffee Dripper","Membership Card","Pocketwatch","Necronomicon","Pandora\u0027s Box","Orrery","Anchor","Whetstone","Eternal Feather"],"acts_visited":["Exordium","TheCity","TheBeyond","TheEnding"],"potions_floor_usage":[31,33,56,56],"damage_taken":[{"damage":1,"enemies":"Cultist","floor":1,"turns":5},{"damage":4,"enemies":"Small Slimes","floor":2,"turns":4},{"damage":3,"enemies":"Jaw Worm","floor":4,"turns":4},{"damage":1,"enemies":"Blue Slaver","floor":5,"turns":4},{"damage":12,"enemies":"Lagavulin","floor":10,"turns":5},{"damage":17,"enemies":"3 Sentries","floor":13,"turns":9},{"damage":0,"enemies":"2 Fungi Beasts","floor":14,"turns":2},{"damage":16,"enemies":"The Guardian","floor":16,"turns":8},{"damage":5,"enemies":"Shell Parasite","floor":18,"turns":5},{"damage":0,"enemies":"3 Byrds","floor":19,"turns":2},{"damage":2,"enemies":"Centurion and Healer","floor":20,"turns":7},{"damage":9,"enemies":"Gremlin Leader","floor":24,"turns":6},{"damage":12,"enemies":"Snecko","floor":25,"turns":6},{"damage":0,"enemies":"Cultist and Chosen","floor":31,"turns":5},{"damage":46,"enemies":"Automaton","floor":33,"turns":12},{"damage":23,"enemies":"3 Shapes","floor":35,"turns":5},{"damage":0,"enemies":"Orb Walker","floor":38,"turns":4},{"damage":7,"enemies":"Writhing Mass","floor":39,"turns":7},{"damage":25,"enemies":"Spire Growth","floor":41,"turns":5},{"damage":5,"enemies":"3 Darklings","floor":44,"turns":7},{"damage":0,"enemies":"4 Shapes","floor":45,"turns":6},{"damage":19,"enemies":"Giant Head","floor":46,"turns":10},{"damage":1,"enemies":"Sphere and 2 Shapes","floor":48,"turns":5},{"damage":18,"enemies":"Awakened One","floor":50,"turns":21},{"damage":18,"enemies":"Donu and Deca","floor":51,"turns":15},{"damage":29,"enemies":"Shield and Spear","floor":55,"turns":7},{"damage":45,"enemies":"The Heart","floor":56,"turns":13}],"seed_played":"9207255968528881760","potions_obtained":[{"floor":4,"key":"Energy Potion"},{"floor":13,"key":"Swift Potion"},{"floor":14,"key":"CultistPotion"},{"floor":35,"key":"Dexterity Potion"},{"floor":38,"key":"Strength Potion"},{"floor":39,"key":"Dexterity Potion"}],"is_trial":false,"path_per_floor":["M","M","T","M","M","R","$","R","T","E","R","?","E","M","R","B",null,"M","M","M","?","$","R","E","M","T","?","R","?","R","M","R","B",null,"M","$","?","M","M","R","M","$","T","M","M","E","?","M","R","B","B",null,"R","$","E","B",null],"character_chosen":"THE_SILENT","items_purchased":["Bronze Scales","Phantasmal Killer","Membership Card","Footwork+1","Deadly Poison","Orrery","Dash","Footwork+1","Adrenaline","Acrobatics"],"campfire_rested":0,"item_purchase_floors":[7,7,22,22,22,36,42,54,54,54],"current_hp_per_floor":[43,39,39,36,35,35,50,50,50,38,38,38,21,21,21,30,57,52,52,50,50,65,65,56,44,44,44,44,23,23,23,23,2,50,27,42,66,66,59,59,34,49,49,44,44,25,25,24,24,31,38,59,59,66,37,17],"gold":35,"neow_bonus":"TWO_FIFTY_GOLD","is_daily":false,"chose_seed":false,"campfire_upgraded":10,"win_rate":0.0,"timestamp":1612203899,"path_taken":["M","M","?","M","M","R","$","R","T","E","R","?","E","M","R","BOSS","M","M","M","?","$","R","E","M","T","?","R","?","R","M","R","BOSS","M","$","?","?","M","R","M","?","T","M","M","E","?","M","R","BOSS","BOSS","R","$","E","BOSS"],"items_purchased_type":["Relic","Card","Relic","Card","Card","Relic","Card","Card","Card","Card"],"build_version":"2020-12-22","purchased_purges":3,"victory":true,"max_hp_per_floor":[66,66,66,66,66,66,66,66,66,66,66,66,66,66,66,66,66,66,66,66,66,66,66,66,66,66,66,66,66,66,66,66,66,66,66,66,66,66,66,66,66,66,66,66,66,66,66,66,66,66,66,66,66,66,66,66],"relic_stats":{"counters":[27,189],"Bronze Scales":[752],"Pantograph":125,"Gambling Chip":[65],"MealTicket":67,"Pandora\u0027s Box":["Flying Knee","Backflip","Heel Hook","Calculated Gamble","After Image","Sucker Punch","Distraction","Storm of Steel"],"Eternal Feather":0,"Necronomicon":[27],"Whetstone":["Dash","Sucker Punch"],"obtain_stats":[{"Eternal Feather":55,"Whetstone":46,"Frozen Egg 2":10,"Anchor":43,"Bronze Scales":7,"Pantograph":9,"Gambling Chip":13,"Orrery":36,"MealTicket":3,"Pandora\u0027s Box":34,"Coffee Dripper":17,"Necronomicon":29,"Membership Card":22,"Ring of the Snake":0,"Pocketwatch":24},{"Eternal Feather":26,"Whetstone":22,"Frozen Egg 2":5,"Anchor":19,"Bronze Scales":4,"Pantograph":4,"Gambling Chip":6,"Orrery":16,"MealTicket":2,"Pandora\u0027s Box":15,"Coffee Dripper":8,"Necronomicon":13,"Membership Card":11,"Ring of the Snake":0,"Pocketwatch":12},{"Eternal Feather":176,"Whetstone":128,"Frozen Egg 2":22,"Anchor":105,"Bronze Scales":17,"Pantograph":17,"Gambling Chip":31,"Orrery":89,"MealTicket":9,"Pandora\u0027s Box":84,"Coffee Dripper":41,"Necronomicon":67,"Membership Card":55,"Ring of the Snake":0,"Pocketwatch":61}],"Ring of the Snake":[54],"Pocketwatch":[126]},"card_choices":[{"not_picked":["Quick Slash","Backflip"],"picked":"Dagger Throw","floor":1},{"not_picked":["Dodge and Roll","Quick Slash"],"picked":"Slice","floor":2},{"not_picked":["Deflect","Sucker Punch"],"picked":"Poisoned Stab","floor":4},{"not_picked":["Blade Dance","Flechettes"],"picked":"Deadly Poison","floor":5},{"not_picked":["Outmaneuver","Deflect"],"picked":"Poisoned Stab","floor":10},{"not_picked":["Quick Slash","Underhanded Strike"],"picked":"Deflect","floor":13},{"not_picked":["Dagger Throw","Phantasmal Killer"],"picked":"Backflip","floor":14},{"not_picked":["Glass Knife","Bullet Time"],"picked":"After Image+1","floor":16},{"not_picked":["Choke","Underhanded Strike"],"picked":"Dagger Spray","floor":18},{"not_picked":["Cloak And Dagger+1","Acrobatics"],"picked":"Crippling Poison+1","floor":19},{"not_picked":["Outmaneuver","All Out Attack"],"picked":"Cloak And Dagger","floor":20},{"not_picked":["Blur","Heel Hook"],"picked":"Dodge and Roll","floor":24},{"not_picked":["Backstab+1","Caltrops+1"],"picked":"Skewer","floor":25},{"not_picked":["All Out Attack","Distraction"],"picked":"Backflip","floor":31},{"not_picked":["Glass Knife","Night Terror"],"picked":"After Image+1","floor":33},{"not_picked":["Prepared","Poisoned Stab"],"picked":"PiercingWail","floor":35},{"not_picked":["Dodge and Roll","Tactician"],"picked":"Malaise","floor":36},{"not_picked":["Caltrops+1","Blade Dance"],"picked":"Dodge and Roll+1","floor":36},{"not_picked":["Dodge and Roll","Deflect"],"picked":"Cloak And Dagger+1","floor":36},{"not_picked":["Infinite Blades+1","Dagger Spray"],"picked":"Bouncing Flask+1","floor":36},{"not_picked":["Backstab+1","Outmaneuver","Flying Knee+1"],"picked":"SKIP","floor":38},{"not_picked":["Cloak And Dagger","Sucker Punch","Slice"],"picked":"SKIP","floor":39},{"not_picked":["Cloak And Dagger","Sucker Punch","Slice"],"picked":"SKIP","floor":39},{"not_picked":["Flying Knee","Deflect+1"],"picked":"Acrobatics","floor":41},{"not_picked":["Bane","Poisoned Stab"],"picked":"Adrenaline","floor":44},{"not_picked":["Cloak And Dagger+1","Sucker Punch+1"],"picked":"Escape Plan+1","floor":45},{"not_picked":["Phantasmal Killer","Tactician","Riddle With Holes"],"picked":"SKIP","floor":46},{"not_picked":["Expertise","Sucker Punch","Caltrops+1"],"picked":"SKIP","floor":48},{"not_picked":["Outmaneuver","Sucker Punch"],"picked":"Acrobatics","floor":55}],"player_experience":3043812,"relics_obtained":[{"floor":3,"key":"MealTicket"},{"floor":9,"key":"Pantograph"},{"floor":10,"key":"Frozen Egg 2"},{"floor":13,"key":"Gambling Chip"},{"floor":24,"key":"Pocketwatch"},{"floor":29,"key":"Necronomicon"},{"floor":43,"key":"Anchor"},{"floor":46,"key":"Whetstone"},{"floor":55,"key":"Eternal Feather"}],"event_choices":[{"damage_healed":0,"gold_gain":0,"player_choice":"Searched \u00271\u0027 times","damage_taken":0,"max_hp_gain":0,"max_hp_loss":0,"event_name":"Dead Adventurer","floor":12,"gold_loss":0},{"damage_healed":0,"gold_gain":0,"player_choice":"Ignored","damage_taken":0,"max_hp_gain":0,"max_hp_loss":0,"event_name":"Vampires","floor":21,"gold_loss":0},{"damage_healed":0,"gold_gain":0,"player_choice":"Obtained Book","damage_taken":21,"max_hp_gain":0,"max_hp_loss":0,"event_name":"Cursed Tome","floor":29,"gold_loss":0},{"cards_removed":["Distraction"],"damage_healed":24,"gold_gain":0,"player_choice":"Offered Uncommon","damage_taken":0,"max_hp_gain":0,"max_hp_loss":0,"event_name":"Bonfire Elementals","floor":37,"gold_loss":0},{"damage_healed":0,"gold_gain":0,"player_choice":"Ignored","damage_taken":0,"max_hp_gain":0,"max_hp_loss":0,"event_name":"The Moai Head","floor":47,"gold_loss":0}],"is_beta":false,"boss_relics":[{"not_picked":["Ectoplasm","Fusion Hammer"],"picked":"Coffee Dripper"},{"not_picked":["SacredBark","Runic Dome"],"picked":"Pandora\u0027s Box"}],"items_purged_floors":[7,22,36],"is_endless":false,"potions_floor_spawned":[4,13,14,16,20,24,35,38,39,44],"ascension_level":20}}