{"host":"f9ntswufr8mq3t4y","time":1612214008,"event":{"mods":["AchievementEnabler","BaseMod","Best Route Mod","Block Reminder","Colored Map","Colored Powertips","Curses Come First","DeckTracker","Displayed Cursed Tome","Highlight Path","Minty Spire (QoL Compilation)","Permanent Neow","Quick Restart","Slay-I","StSLib"],"gold_per_floor":[14,34,34,48,48,74,74,402,402,402,413,413,378,413,413,508,508,521,521,538,557,557,557,557,557,607,642,660,674,624,656,656,761,761,771,826,826,826,826,826,858,858,858,871,871,871,871],"floor_reached":46,"language":"ENG","playtime":2307,"items_purged":["Writhe"],"score":662,"play_id":"6fe7ab73-fdd8-421f-97c2-8ac528897675","local_time":"20210202001328","is_ascension_mode":true,"campfire_choices":[{"data":"Loop","floor":7.0,"key":"SMITH"},{"data":"Biased Cognition","floor":10,"key":"SMITH"},{"floor":12,"key":"REST"},{"data":"Go for the Eyes","floor":15,"key":"SMITH"},{"floor":23,"key":"DIG"},{"floor":25,"key":"DIG"},{"floor":32,"key":"REST"},{"floor":40,"key":"DIG"},{"floor":42,"key":"DIG"},{"floor":45,"key":"DIG"}],"circlet_count":0,"master_deck":["Strike_B","Strike_B+1","Defend_B","Defend_B","Defend_B","Zap","Dualcast","Auto Shields","Defragment+1","Loop+1","Biased Cognition+1","Glacier","Go for the Eyes+1","Seek","CurseOfTheBell","Chill+1","Defragment","BootSequence","Loop+1","Rainbow","Biased Cognition","Reboot","Core Surge","Bandage Up","Loop+1"],"relics":["Cracked Core","Lantern","HornCleat","Cables","Calling Bell","Vajra","Ornamental Fan","Emotion Chip","Nloth\u0027s Gift","Shovel","Juzu Bracelet","Orichalcum","Whetstone","Smiling Mask","Letter Opener","Toy Ornithopter","SlaversCollar","Mango","Sundial","Blue Candle","DataDisk","Ancient Tea Set","Pantograph"],"acts_visited":["Exordium","TheCity","TheBeyond"],"potions_floor_usage":[18,18,28,33,33,41,46],"damage_taken":[{"damage":0.0,"enemies":"Small Slimes","floor":1.0,"turns":2.0},{"damage":1.0,"enemies":"2 Louse","floor":2.0,"turns":3.0},{"damage":1.0,"enemies":"Cultist","floor":4.0,"turns":3.0},{"damage":27.0,"enemies":"3 Sentries","floor":6.0,"turns":11.0},{"damage":19,"enemies":"Lagavulin","floor":8,"turns":8},{"damage":0,"enemies":"Looter","floor":11,"turns":2},{"damage":0,"enemies":"Gremlin Nob","floor":14,"turns":7},{"damage":11,"enemies":"The Guardian","floor":16,"turns":15},{"damage":4,"enemies":"Shell Parasite","floor":18,"turns":5},{"damage":0,"enemies":"3 Byrds","floor":20,"turns":9},{"damage":0,"enemies":"Snake Plant","floor":21,"turns":7},{"damage":31,"enemies":"Gremlin Leader","floor":27,"turns":9},{"damage":4,"enemies":"Sentry and Sphere","floor":28,"turns":7},{"damage":0,"enemies":"Shelled Parasite and Fungi","floor":29,"turns":4},{"damage":8,"enemies":"Book of Stabbing","floor":31,"turns":5},{"damage":20,"enemies":"Collector","floor":33,"turns":12},{"damage":0,"enemies":"3 Shapes","floor":35,"turns":6},{"damage":33,"enemies":"2 Orb Walkers","floor":36,"turns":5},{"damage":6,"enemies":"Giant Head","floor":41,"turns":7},{"damage":4,"enemies":"Orb Walker","floor":44,"turns":4},{"damage":87,"enemies":"Reptomancer","floor":46,"turns":3}],"seed_played":"3351929875664344291","potions_obtained":[{"floor":1.0,"key":"Dexterity Potion"},{"floor":8,"key":"SteroidPotion"},{"floor":14,"key":"Regen Potion"},{"floor":16,"key":"FearPotion"},{"floor":20,"key":"PowerPotion"},{"floor":21,"key":"ColorlessPotion"},{"floor":33,"key":"DuplicationPotion"},{"floor":36,"key":"DuplicationPotion"}],"is_trial":false,"path_per_floor":["M","M","?","M","?","E","R","E","T","R","M","R","?","E","R","B",null,"M","?","M","M","?","R","T","R","T","E","M","M","$","E","R","B",null,"M","?","?","?","?","R","E","R","T","M","R","E"],"character_chosen":"DEFECT","items_purchased":[],"campfire_rested":2,"item_purchase_floors":[],"current_hp_per_floor":[75,74,74,73,66,39,39,20,20,20,20,42,60,60,60,49,75,71,71,71,71,71,71,71,71,71,40,51,51,51,43,65,55,75,75,56,56,56,56,56,59,59,59,59,59,0,0],"gold":871,"neow_bonus":"REMOVE_TWO","is_daily":false,"chose_seed":false,"campfire_upgraded":3,"win_rate":0.0,"timestamp":1612214008,"path_taken":["M","M","?","M","?","E","R","E","T","R","M","R","?","E","R","BOSS","M","?","M","?","?","R","?","R","T","E","M","M","$","E","R","BOSS","M","?","?","?","?","R","E","R","T","M","R","E"],"items_purchased_type":[],"build_version":"2020-12-22","purchased_purges":1,"victory":false,"max_hp_per_floor":[75,75,75,75,75,75,75,75,75,75,75,75,75,75,75,75,75,75,75,75,75,75,75,75,75,75,75,75,75,75,75,75,75,75,75,89,89,89,89,89,89,89,89,89,89,89,89],"card_choices":[{"not_picked":["Hologram","Turbo"],"picked":"Auto Shields","floor":1.0},{"not_picked":["Coolheaded","Cold Snap"],"picked":"Defragment","floor":2.0},{"not_picked":["Rebound","Steam"],"picked":"Cold Snap","floor":4.0},{"not_picked":["Reprogram","Barrage"],"picked":"Loop","floor":6.0},{"not_picked":["Beam Cell","Glacier"],"picked":"Biased Cognition","floor":8},{"not_picked":["Fusion","Ball Lightning"],"picked":"Glacier","floor":11},{"not_picked":["Gash","Redo"],"picked":"Go for the Eyes","floor":14},{"not_picked":["Reboot","Machine Learning"],"picked":"Seek","floor":16},{"not_picked":["Sunder","Lockon"],"picked":"Chill+1","floor":18},{"not_picked":["Glacier+1","Go for the Eyes"],"picked":"Defragment","floor":20},{"not_picked":["Darkness","Streamline"],"picked":"BootSequence","floor":21},{"not_picked":["Meteor Strike","Reboot"],"picked":"Loop+1","floor":27},{"not_picked":["Steam","Reinforced Body"],"picked":"Rainbow","floor":28},{"not_picked":["Beam Cell","Rip and Tear"],"picked":"Biased Cognition","floor":29},{"not_picked":["Leap","Glacier"],"picked":"Reboot","floor":31},{"not_picked":["Biased Cognition","Meteor Strike"],"picked":"Core Surge","floor":33},{"not_picked":["Turbo","Gash","Genetic Algorithm+1"],"picked":"SKIP","floor":35},{"not_picked":["Sadistic Nature","Metamorphosis"],"picked":"Bandage Up","floor":37},{"not_picked":["Heatsinks+1","Force Field","Double Energy+1"],"picked":"SKIP","floor":41},{"not_picked":["Ball Lightning+1","Doom and Gloom"],"picked":"Loop+1","floor":44}],"player_experience":383820,"relics_obtained":[{"floor":6.0,"key":"Lantern"},{"floor":8,"key":"Old Coin"},{"floor":9,"key":"HornCleat"},{"floor":14,"key":"Cables"},{"floor":17,"key":"Vajra"},{"floor":17,"key":"Ornamental Fan"},{"floor":17,"key":"Emotion Chip"},{"floor":23,"key":"Juzu Bracelet"},{"floor":24,"key":"Orichalcum"},{"floor":25,"key":"Whetstone"},{"floor":26,"key":"Smiling Mask"},{"floor":27,"key":"Letter Opener"},{"floor":31,"key":"Toy Ornithopter"},{"floor":36,"key":"Mango"},{"floor":40,"key":"Sundial"},{"floor":41,"key":"Blue Candle"},{"floor":42,"key":"DataDisk"},{"floor":43,"key":"Ancient Tea Set"},{"floor":45,"key":"Pantograph"}],"event_choices":[{"damage_healed":0.0,"max_hp_gain":0.0,"max_hp_loss":0.0,"gold_gain":0.0,"event_name":"Living Wall","player_choice":"Grow","floor":3.0,"gold_loss":0.0,"damage_taken":0.0,"cards_upgraded":["Defragment"]},{"cards_removed":["Strike_B"],"damage_healed":0.0,"max_hp_gain":0.0,"max_hp_loss":0.0,"gold_gain":0.0,"event_name":"Golden Wing","player_choice":"Card Removal","floor":5.0,"gold_loss":0.0,"damage_taken":7.0},{"damage_healed":18,"gold_gain":0,"player_choice":"Healed","damage_taken":0,"max_hp_gain":0,"max_hp_loss":0,"event_name":"The Cleric","floor":13,"gold_loss":35},{"damage_healed":0,"gold_gain":0,"player_choice":"Traded Relic","damage_taken":0,"relics_obtained":["Nloth\u0027s Gift"],"max_hp_gain":0,"max_hp_loss":0,"event_name":"N\u0027loth","floor":19,"relics_lost":["Old Coin"],"gold_loss":0},{"damage_healed":0,"gold_gain":0,"player_choice":"Opened","damage_taken":0,"relics_obtained":["Shovel"],"max_hp_gain":0,"max_hp_loss":0,"event_name":"The Mausoleum","floor":22,"gold_loss":0,"cards_obtained":["Writhe"]},{"damage_healed":0,"gold_gain":0,"player_choice":"Fight","damage_taken":0,"max_hp_gain":0,"max_hp_loss":0,"event_name":"Mysterious Sphere","floor":36,"gold_loss":0},{"damage_healed":0,"gold_gain":0,"player_choice":"Memory 1","damage_taken":0,"max_hp_gain":0,"max_hp_loss":0,"event_name":"SensoryStone","floor":37,"gold_loss":0},{"damage_healed":0,"gold_gain":0,"player_choice":"Ignored","damage_taken":0,"max_hp_gain":0,"max_hp_loss":0,"event_name":"Tomb of Lord Red Mask","floor":38,"gold_loss":0},{"cards_removed":["Cold Snap"],"damage_healed":0,"gold_gain":0,"player_choice":"Removed Attack","damage_taken":0,"max_hp_gain":0,"max_hp_loss":0,"event_name":"Falling","floor":39,"gold_loss":0}],"is_beta":false,"boss_relics":[{"not_picked":["Empty Cage","Fusion Hammer"],"picked":"Calling Bell"},{"not_picked":["Tiny House","Cursed Key"],"picked":"SlaversCollar"}],"items_purged_floors":[30],"is_endless":false,"potions_floor_spawned":[1,8,14,16,20,21,27,33,36],"killed_by":"Reptomancer","ascension_level":4}}