{"host":"oehe2dxjvdgux73m","time":1612207234,"event":{"mods":["AchievementEnabler","BaseMod","Colored Map","Colored Powertips","DeckTracker","Keyboard Shortcuts","Minty Spire (QoL Compilation)","Permanent Neow","Quick Restart","StSLib","SuperFastMode"],"gold_per_floor":[368,81,81,81,6,6,6,32,84,84,103,133,145,145,145,223,223,236,236,78,95,95,95,123,147,147,178,198,213,223,235,235,312,312,324,82,95,113,132,132,160,215,215,233,233,233,233,258,258,258,258],"floor_reached":50,"language":"KOR","playtime":1246,"items_purged":["Strike_G"],"score":1186,"play_id":"bb24998f-e4d4-49b0-8268-cc89c9fa5ade","local_time":"20210202042034","is_ascension_mode":true,"campfire_choices":[{"data":"Skewer","floor":6.0,"key":"SMITH"},{"floor":10.0,"key":"REST"},{"floor":15.0,"key":"REST"},{"data":"Envenom","floor":23.0,"key":"SMITH"},{"data":"Neutralize","floor":32.0,"key":"SMITH"},{"floor":40.0,"key":"RECALL"},{"data":"Calculated Gamble","floor":45.0,"key":"SMITH"},{"data":"Madness","floor":47.0,"key":"SMITH"},{"floor":49.0,"key":"REST"}],"circlet_count":0,"master_deck":["AscendersBane","Defend_G","Defend_G","Defend_G","Defend_G+1","Defend_G","Survivor","Neutralize+1","Cloak And Dagger","Skewer+1","PiercingWail","Blade Dance+1","Envenom+1","Acrobatics+1","Escape Plan+1","J.A.X.","Acrobatics+1","PiercingWail","Well Laid Plans+1","Adrenaline+1","PiercingWail","Calculated Gamble+1","Backflip+1","Calculated Gamble+1","Malaise","Escape Plan","Madness","Madness+1"],"relics":["Ring of the Snake","Chemical X","Dead Branch","Darkstone Periapt","Regal Pillow","Lantern","Empty Cage","Ninja Scroll","Snake Skull","Art of War","Centennial Puzzle","Bag of Marbles","Du-Vu Doll","Sozu","War Paint","Strawberry","Gambling Chip","Unceasing Top"],"acts_visited":["Exordium","TheCity","TheBeyond"],"potions_floor_usage":[],"damage_taken":[{"damage":1.0,"enemies":"2 Louse","floor":1.0,"turns":3.0},{"damage":13.0,"enemies":"3 Sentries","floor":8.0,"turns":6.0},{"damage":0.0,"enemies":"Small Slimes","floor":11.0,"turns":2.0},{"damage":9.0,"enemies":"Lagavulin","floor":12.0,"turns":4.0},{"damage":0.0,"enemies":"Jaw Worm","floor":13.0,"turns":1.0},{"damage":15.0,"enemies":"The Guardian","floor":16.0,"turns":8.0},{"damage":0.0,"enemies":"Spheric Guardian","floor":18.0,"turns":1.0},{"damage":8.0,"enemies":"Shell Parasite","floor":21.0,"turns":4.0},{"damage":6.0,"enemies":"Gremlin Leader","floor":24.0,"turns":5.0},{"damage":3.0,"enemies":"Book of Stabbing","floor":27.0,"turns":1.0},{"damage":13.0,"enemies":"3 Cultists","floor":28.0,"turns":4.0},{"damage":3.0,"enemies":"Centurion and Healer","floor":29.0,"turns":2.0},{"damage":0.0,"enemies":"Cultist and Chosen","floor":30.0,"turns":4.0},{"damage":0.0,"enemies":"Snecko","floor":31.0,"turns":2.0},{"damage":20.0,"enemies":"Collector","floor":33.0,"turns":3.0},{"damage":0.0,"enemies":"3 Shapes","floor":35.0,"turns":2.0},{"damage":0.0,"enemies":"3 Darklings","floor":37.0,"turns":2.0},{"damage":0.0,"enemies":"Spire Growth","floor":38.0,"turns":1.0},{"damage":3.0,"enemies":"Maw","floor":39.0,"turns":3.0},{"damage":3.0,"enemies":"Reptomancer","floor":41.0,"turns":2.0},{"damage":0.0,"enemies":"2 Orb Walkers","floor":42.0,"turns":2.0},{"damage":0.0,"enemies":"Sphere and 2 Shapes","floor":44.0,"turns":2.0},{"damage":6.0,"enemies":"Mind Bloom Boss Battle","floor":48.0,"turns":4.0},{"damage":57,"enemies":"Time Eater","floor":50,"turns":6}],"seed_played":"-7843741940659238989","potions_obtained":[{"floor":11.0,"key":"Block Potion"},{"floor":12.0,"key":"Regen Potion"},{"floor":24.0,"key":"Strength Potion"},{"floor":30.0,"key":"Strength Potion"},{"floor":31.0,"key":"SteroidPotion"}],"is_trial":false,"path_per_floor":["M","$","?","?","?","R","$","E","T","R","M","E","M","?","R","B",null,"M","?","$","M","?","R","E","T","T","E","M","M","M","M","R","B",null,"M","$","M","M","M","R","E","?","T","M","R","?","R","?","R","B"],"character_chosen":"THE_SILENT","items_purchased":["Skewer","Chemical X","Snake Skull","Calculated Gamble","War Paint"],"campfire_rested":3,"item_purchase_floors":[2,2,20,36,36],"current_hp_per_floor":[43,43,43,32,32,32,32,19,19,53,53,44,44,24,58,43,60,60,60,60,52,52,52,60,60,60,57,44,41,41,41,41,21,55,55,55,55,55,52,52,56,56,56,56,56,43,43,37,73,16,16],"gold":258,"neow_bonus":"TWO_FIFTY_GOLD","is_daily":false,"chose_seed":false,"campfire_upgraded":5,"win_rate":0.0,"timestamp":1612207234,"path_taken":["M","$","?","?","?","R","?","E","T","R","M","E","M","?","R","BOSS","M","?","$","?","?","R","E","?","T","E","M","M","M","M","R","BOSS","M","$","M","M","M","R","E","?","T","M","R","?","R","?","R","BOSS"],"items_purchased_type":["Card","Relic","Relic","Card","Relic"],"build_version":"2020-12-22","purchased_purges":1,"victory":false,"max_hp_per_floor":[66,66,66,66,66,66,66,66,66,66,66,66,66,66,66,66,66,66,66,66,66,66,66,66,66,66,66,66,66,66,66,66,66,66,66,66,66,66,66,66,73,73,73,73,73,73,73,73,73,73,73],"card_choices":[{"not_picked":["Backflip","Bane"],"picked":"Cloak And Dagger","floor":1.0},{"not_picked":["Setup","Poisoned Stab"],"picked":"PiercingWail","floor":8.0},{"not_picked":["Poisoned Stab","Quick Slash","Bouncing Flask"],"picked":"SKIP","floor":11.0},{"not_picked":["Unload","Dagger Throw"],"picked":"Blade Dance","floor":12.0},{"not_picked":["Quick Slash","Predator","Caltrops"],"picked":"SKIP","floor":13.0},{"not_picked":["Die Die Die","After Image"],"picked":"Envenom","floor":16.0},{"not_picked":["Deadly Poison","All Out Attack"],"picked":"Acrobatics+1","floor":18.0},{"not_picked":["Backflip","Caltrops"],"picked":"Escape Plan","floor":21.0},{"not_picked":["Cloak And Dagger","Backflip","Dagger Throw"],"picked":"SKIP","floor":24.0},{"not_picked":["Caltrops","Unload"],"picked":"Acrobatics+1","floor":27.0},{"not_picked":["Dash+1","Slice","Acrobatics+1"],"picked":"SKIP","floor":28.0},{"not_picked":["Caltrops","Eviscerate","Backflip"],"picked":"SKIP","floor":29.0},{"not_picked":["Blade Dance","Underhanded Strike"],"picked":"PiercingWail","floor":30.0},{"not_picked":["Outmaneuver","Poisoned Stab"],"picked":"Well Laid Plans+1","floor":31.0},{"not_picked":["Corpse Explosion","Tools of the Trade"],"picked":"Adrenaline","floor":33.0},{"not_picked":["Caltrops+1","Distraction"],"picked":"PiercingWail","floor":35.0},{"not_picked":["Crippling Poison","Riddle With Holes+1"],"picked":"Backflip+1","floor":37.0},{"not_picked":["Dagger Throw","Deadly Poison","Flying Knee+1"],"picked":"SKIP","floor":38.0},{"not_picked":["Blade Dance+1","Dagger Spray"],"picked":"Calculated Gamble+1","floor":39.0},{"not_picked":["Eviscerate","PiercingWail"],"picked":"Malaise","floor":41.0},{"not_picked":["PiercingWail","Flying Knee"],"picked":"Escape Plan","floor":42.0},{"not_picked":["Eviscerate","Sucker Punch","Choke"],"picked":"SKIP","floor":44.0}],"player_experience":347774,"relics_obtained":[{"floor":8.0,"key":"Darkstone Periapt"},{"floor":9.0,"key":"Regal Pillow"},{"floor":12.0,"key":"Lantern"},{"floor":24.0,"key":"Art of War"},{"floor":25.0,"key":"Centennial Puzzle"},{"floor":26.0,"key":"Bag of Marbles"},{"floor":27.0,"key":"Du-Vu Doll"},{"floor":41.0,"key":"Strawberry"},{"floor":42.0,"key":"Gambling Chip"},{"floor":48.0,"key":"Unceasing Top"}],"event_choices":[{"cards_removed":["Strike_G"],"damage_healed":0.0,"max_hp_gain":0.0,"max_hp_loss":0.0,"gold_gain":0.0,"event_name":"Living Wall","player_choice":"Forget","floor":3.0,"gold_loss":0.0,"damage_taken":0.0},{"damage_healed":0.0,"max_hp_gain":0.0,"max_hp_loss":0.0,"gold_gain":0.0,"event_name":"Scrap Ooze","player_choice":"Success","floor":4.0,"gold_loss":0.0,"damage_taken":11.0,"relics_obtained":["Dead Branch"]},{"cards_removed":["Strike_G"],"damage_healed":0.0,"max_hp_gain":0.0,"max_hp_loss":0.0,"gold_gain":0.0,"event_name":"The Cleric","player_choice":"Card Removal","floor":5.0,"gold_loss":75.0,"damage_taken":0.0},{"damage_healed":0.0,"max_hp_gain":0.0,"max_hp_loss":0.0,"gold_gain":0.0,"event_name":"Shining Light","player_choice":"Entered Light","floor":14.0,"gold_loss":0.0,"damage_taken":20.0,"cards_upgraded":["Blade Dance","Defend_G"]},{"damage_healed":0.0,"max_hp_gain":0.0,"max_hp_loss":0.0,"gold_gain":0.0,"event_name":"WeMeetAgain","player_choice":"Gave Potion","floor":19.0,"gold_loss":0.0,"damage_taken":0.0,"relics_obtained":["Ninja Scroll"]},{"damage_healed":0.0,"max_hp_gain":0.0,"max_hp_loss":0.0,"gold_gain":0.0,"event_name":"Drug Dealer","player_choice":"Obtain J.A.X.","floor":22.0,"gold_loss":0.0,"damage_taken":0.0,"cards_obtained":["J.A.X."]},{"damage_healed":0.0,"max_hp_gain":0.0,"max_hp_loss":0.0,"gold_gain":0.0,"event_name":"Mysterious Sphere","player_choice":"Fight","floor":42.0,"gold_loss":0.0,"damage_taken":0.0},{"damage_healed":0.0,"max_hp_gain":0.0,"max_hp_loss":0.0,"gold_gain":0.0,"event_name":"Winding Halls","player_choice":"Embrace Madness","floor":46.0,"gold_loss":0.0,"damage_taken":13.0,"cards_obtained":["Madness","Madness"]},{"damage_healed":0.0,"max_hp_gain":0.0,"max_hp_loss":0.0,"gold_gain":0.0,"event_name":"MindBloom","player_choice":"Fight","floor":48.0,"gold_loss":0.0,"damage_taken":0.0}],"is_beta":false,"boss_relics":[{"not_picked":["Black Star","Calling Bell"],"picked":"Empty Cage"},{"not_picked":["Runic Dome","Tiny House"],"picked":"Sozu"}],"items_purged_floors":[2],"is_endless":false,"potions_floor_spawned":[11,12,13,18,24,30,31,35,37,48],"killed_by":"Time Eater","ascension_level":20}}