{"host":"y1oqg7uy0jc6f5mb","time":1612200312,"event":{"mods":["AchievementEnabler","BaseMod","Better Altar","Better Match","Better Note","Better Sensory Stone","Better Skull","Better Third Choice","Colored Map","Colored Powertips","Custom Start","Downfall","Highlight Path","Ironclad Rager","Minty Spire (QoL Compilation)","Permanent Neow","Quick Restart","Relic Stats","Replay The Spire","Shop Mod","StSLib"],"gold_per_floor":[11,11,29,29,40,40,71,71,126,151,166,166,178,188,188,289,289,306,318,318,318,318,318,332,362,362,380,380,18,18,35,35,139,139,151,8,20,33,50,50,69,87,114,114,132,32,32,32],"floor_reached":47,"language":"ENG","playtime":4275,"items_purged":["Decay","Strike_R+1"],"score":917,"play_id":"089e0e2f-d7f9-4d10-910d-7712b229eaf2","local_time":"20210202012512","is_ascension_mode":true,"campfire_choices":[{"data":"Body Slam","floor":6.0,"key":"SMITH"},{"data":"Dual Wield","floor":12.0,"key":"SMITH"},{"floor":15.0,"key":"REST"},{"data":"Rage","floor":23.0,"key":"SMITH"},{"floor":28.0,"key":"REST"},{"data":"Life Link","floor":32.0,"key":"SMITH"},{"floor":40.0,"key":"REST"},{"floor":44.0,"key":"REST"}],"circlet_count":0,"master_deck":["AscendersBane","Defend_R","Defend_R","Defend_R","Rampage+1","Body Slam+1","Uppercut+1","Life Link+1","Dual Wield+1","Shrug It Off","Impervious","ReplayTheSpireMod:Stacked","Headbutt","True Grit","True Grit","Rupture","Pommel Strike","Rage+1","Fire Breathing","Spot Weakness+1","ReplayTheSpireMod:Strike From Hell+1","Dual Wield+1"],"relics":["Burning Blood","Anchor","Gremlin Horn","Whetstone","Chameleon Ring","Busted Crown","White Beast Statue","InkBottle","Empty Cage","Nunchaku","Bottled Lightning","DollysMirror"],"acts_visited":["Exordium","TheCity","TheBeyond"],"potions_floor_usage":[47,47,47,47],"damage_taken":[{"damage":2.0,"enemies":"Small Slimes","floor":1.0,"turns":3.0},{"damage":0.0,"enemies":"Cultist","floor":3.0,"turns":3.0},{"damage":0.0,"enemies":"2 Louse","floor":5.0,"turns":2.0},{"damage":57.0,"enemies":"3 Sentries","floor":7.0,"turns":10.0},{"damage":7.0,"enemies":"Gremlin Nob","floor":10.0,"turns":3.0},{"damage":0.0,"enemies":"Exordium Wildlife","floor":11.0,"turns":3.0},{"damage":13.0,"enemies":"Large Slime","floor":13.0,"turns":4.0},{"damage":0.0,"enemies":"2 Fungi Beasts","floor":14.0,"turns":3.0},{"damage":42.0,"enemies":"Hexaghost","floor":16.0,"turns":11.0},{"damage":10.0,"enemies":"Spheric Guardian","floor":18.0,"turns":4.0},{"damage":4.0,"enemies":"3 Byrds","floor":19.0,"turns":6.0},{"damage":16.0,"enemies":"Centurion and Healer","floor":24.0,"turns":6.0},{"damage":27.0,"enemies":"Book of Stabbing","floor":25.0,"turns":6.0},{"damage":24.0,"enemies":"3 Cultists","floor":27.0,"turns":7.0},{"damage":11.0,"enemies":"Shelled Parasite and Fungi","floor":31.0,"turns":7.0},{"damage":27.0,"enemies":"Pondfish","floor":33.0,"turns":13.0},{"damage":12.0,"enemies":"3 Shapes","floor":35.0,"turns":8.0},{"damage":9.0,"enemies":"3 Darklings","floor":37.0,"turns":5.0},{"damage":49.0,"enemies":"Maw","floor":38.0,"turns":8.0},{"damage":12.0,"enemies":"Spire Growth","floor":39.0,"turns":6.0},{"damage":44.0,"enemies":"Jaw Worm Horde","floor":41.0,"turns":6.0},{"damage":100.0,"enemies":"Transient","floor":42.0,"turns":5.0},{"damage":26.0,"enemies":"3 Darklings","floor":45.0,"turns":5.0},{"damage":28,"enemies":"R_Hoarder","floor":47,"turns":9}],"seed_played":"-2285564929039098061","potions_obtained":[{"floor":7.0,"key":"Swift Potion"},{"floor":13.0,"key":"SteroidPotion"},{"floor":14.0,"key":"SpeedPotion"},{"floor":16.0,"key":"Dexterity Potion"},{"floor":18.0,"key":"Guardian:BlockOnCardUsePotion"},{"floor":24.0,"key":"sneckomod:MuddlingPotion"},{"floor":27.0,"key":"BloodPotion"},{"floor":31.0,"key":"FearPotion"},{"floor":33.0,"key":"FearPotion"},{"floor":35.0,"key":"Energy Potion"},{"floor":37.0,"key":"DuplicationPotion"},{"floor":38.0,"key":"EntropicBrew"},{"floor":39.0,"key":"GamblersBrew"},{"floor":41.0,"key":"bronze:BurnAndBuffPotion"}],"is_trial":false,"path_per_floor":["M","?","M","?","M","R","E","?","T","E","M","R","M","M","R","B",null,"M","M","?","?","?","R","M","E","T","M","R","$","?","M","R","B",null,"M","$","M","M","M","R","M","M","T","R","M","$","E"],"character_chosen":"IRONCLAD","items_purchased":["True Grit","InkBottle","DollysMirror"],"campfire_rested":4,"item_purchase_floors":[29,29,36],"current_hp_per_floor":[76,69,75,75,80,80,29,29,29,28,34,34,27,33,57,21,65,61,63,63,63,63,63,53,32,32,14,38,38,38,57,57,36,69,63,63,60,17,11,35,27,23,23,47,27,27,0,0],"gold":32,"neow_bonus":"TRANSFORM_TWO_CARDS","is_daily":false,"chose_seed":false,"campfire_upgraded":4,"win_rate":0.0,"timestamp":1612200312,"path_taken":["M","?","M","?","M","R","E","?","T","E","M","R","M","?","R","BOSS","M","M","?","?","?","R","M","E","T","M","R","$","?","?","R","BOSS","M","$","M","M","M","R","M","?","T","R","M","$","E"],"items_purchased_type":["Card","Relic","Relic"],"build_version":"2020-12-22","purchased_purges":2,"victory":false,"max_hp_per_floor":[80,80,80,80,80,80,80,80,80,80,80,80,80,80,80,80,80,80,80,80,80,80,80,80,80,80,80,80,80,80,80,80,80,80,80,80,80,80,80,80,80,80,80,80,80,80,80,80],"relic_stats":{"Nunchaku":[2],"Busted Crown":28,"Gremlin Horn":[20,20],"counters":[24,143],"Whetstone":["Rampage","Strike_R"],"obtain_stats":[{"Anchor":7,"Nunchaku":43,"Chameleon Ring":10,"Busted Crown":17,"Gremlin Horn":8,"DollysMirror":36,"Whetstone":9,"Bottled Lightning":26,"Empty Cage":34,"Burning Blood":0,"White Beast Statue":25,"InkBottle":29},{"Anchor":4,"Nunchaku":22,"Chameleon Ring":5,"Busted Crown":9,"Gremlin Horn":4,"DollysMirror":17,"Whetstone":4,"Bottled Lightning":13,"Empty Cage":16,"Burning Blood":0,"White Beast Statue":13,"InkBottle":14},{"Anchor":18,"Nunchaku":129,"Chameleon Ring":21,"Busted Crown":42,"Gremlin Horn":18,"DollysMirror":99,"Whetstone":18,"Bottled Lightning":64,"Empty Cage":91,"Burning Blood":0,"White Beast Statue":64,"InkBottle":71}],"Burning Blood":137,"InkBottle":[29]},"card_choices":[{"not_picked":["Thunderclap","Flex"],"picked":"Body Slam","floor":1.0},{"not_picked":["Twin Strike","Replay:Undeath\u0027s Touch"],"picked":"Uppercut","floor":3.0},{"not_picked":["Run Through","Shockwave"],"picked":"Life Link","floor":5.0},{"not_picked":["ReplayTheSpireMod:Limb From Limb","Havoc","Burning Pact"],"picked":"SKIP","floor":7.0},{"not_picked":["ReplayTheSpireMod:Muscle Training","Carnage"],"picked":"Dual Wield","floor":10.0},{"not_picked":["Seeing Red","Replay:Undeath\u0027s Touch","Entrench"],"picked":"SKIP","floor":11.0},{"not_picked":["Clothesline","Anger","Replay:Undeath\u0027s Touch"],"picked":"SKIP","floor":13.0},{"not_picked":["Power Through","Havoc"],"picked":"Shrug It Off","floor":14.0},{"not_picked":["Exhume","Berserk"],"picked":"Impervious","floor":16.0},{"not_picked":[],"picked":"ReplayTheSpireMod:Stacked","floor":18.0},{"not_picked":["ReplayTheSpireMod:Strike From Hell"],"picked":"SKIP","floor":19.0},{"not_picked":["ReplayTheSpireMod:Strike From Hell"],"picked":"SKIP","floor":24.0},{"not_picked":["Iron Wave"],"picked":"SKIP","floor":25.0},{"not_picked":[],"picked":"Headbutt","floor":27.0},{"not_picked":[],"picked":"Pommel Strike","floor":31.0},{"not_picked":["Clash"],"picked":"SKIP","floor":35.0},{"not_picked":["Body Slam"],"picked":"SKIP","floor":37.0},{"not_picked":[],"picked":"Fire Breathing","floor":38.0},{"not_picked":[],"picked":"Spot Weakness+1","floor":39.0},{"not_picked":[],"picked":"Anger+1","floor":41.0},{"not_picked":[],"picked":"ReplayTheSpireMod:Strike From Hell+1","floor":42.0},{"not_picked":["Body Slam"],"picked":"SKIP","floor":45.0}],"player_experience":307751,"relics_obtained":[{"floor":7.0,"key":"Anchor"},{"floor":9.0,"key":"Whetstone"},{"floor":10.0,"key":"Chameleon Ring"},{"floor":25.0,"key":"White Beast Statue"},{"floor":26.0,"key":"Bottled Lightning"},{"floor":43.0,"key":"Nunchaku"}],"event_choices":[{"cards_removed":["Defend_R"],"damage_healed":0.0,"max_hp_gain":0.0,"max_hp_loss":0.0,"gold_gain":0.0,"event_name":"Golden Wing","player_choice":"Card Removal","floor":2.0,"gold_loss":0.0,"damage_taken":7.0},{"damage_healed":0.0,"max_hp_gain":0.0,"max_hp_loss":0.0,"gold_gain":0.0,"event_name":"Living Wall","player_choice":"Grow","floor":4.0,"gold_loss":0.0,"damage_taken":0.0,"cards_upgraded":["Uppercut"]},{"damage_healed":0.0,"max_hp_gain":0.0,"max_hp_loss":0.0,"gold_gain":0.0,"event_name":"WeMeetAgain","player_choice":"Gave Potion","floor":8.0,"gold_loss":0.0,"damage_taken":0.0,"relics_obtained":["Gremlin Horn"]},{"damage_healed":0.0,"max_hp_gain":0.0,"max_hp_loss":0.0,"gold_gain":0.0,"event_name":"betterAltar:BetterAltar","player_choice":" Defy","floor":20.0,"gold_loss":0.0,"damage_taken":0.0,"cards_obtained":["Decay"]},{"damage_healed":0.0,"max_hp_gain":0.0,"max_hp_loss":0.0,"gold_gain":0.0,"event_name":"Ghosts","player_choice":"Ignored","floor":21.0,"gold_loss":0.0,"damage_taken":0.0},{"damage_healed":0.0,"max_hp_gain":0.0,"max_hp_loss":0.0,"gold_gain":0.0,"cards_transformed":["Bash"],"event_name":"Transmorgrifier","player_choice":"Transformed","floor":30.0,"gold_loss":0.0,"damage_taken":0.0,"cards_obtained":["Rupture"]}],"is_beta":false,"boss_relics":[{"not_picked":["SlaversCollar","Philosopher\u0027s Stone"],"picked":"Busted Crown"},{"not_picked":["Runic Dome","Coffee Dripper"],"picked":"Empty Cage"}],"items_purged_floors":[29,46],"is_endless":false,"potions_floor_spawned":[7,13,14,16,18,24,27,31,33,35,37,38,39,41,42,45],"killed_by":"R_Hoarder","ascension_level":10}}