{"host":"a3wpq7kyokchzawk","time":1612180572,"event":{"mods":["BaseMod","Colored Map","Highlight Path","Minty Spire (QoL Compilation)","Permanent Neow","Potion Indicator Mod","Relic Stats","Weighted Paths"],"gold_per_floor":[111,125,136,5,5,35,35,68,93,55,80,98,98,108,108,187,187,198,198,208,208,226,226,241,241,241,241,78,97,131,142,142,142,142],"floor_reached":33,"language":"ENG","playtime":3294,"items_purged":["Strike_R"],"score":624,"play_id":"f4c5fe44-ef6a-4224-a1f8-4efc38349dad","local_time":"20210201095612","is_ascension_mode":true,"campfire_choices":[{"floor":7.0,"key":"REST"},{"floor":15.0,"key":"REST"},{"floor":23.0,"key":"REST"},{"floor":25.0,"key":"REST"},{"floor":27.0,"key":"RECALL"},{"floor":32,"key":"REST"}],"circlet_count":0,"master_deck":["AscendersBane","Strike_R","Strike_R","Strike_R","Defend_R","Defend_R+1","Defend_R+1","Defend_R","Bash+1","CurseOfTheBell","Dropkick","Twin Strike","Sword Boomerang","Spot Weakness","Berserk","Flame Barrier","Perfected Strike","Armaments","Immolate","True Grit","Writhe","Clothesline+1","RitualDagger","True Grit","Intimidate+1","Disarm","Shrug It Off+1"],"relics":["Calling Bell","Vajra","Self Forming Clay","Torii","Nunchaku","Regal Pillow","Bag of Preparation","War Paint","Fusion Hammer","Toy Ornithopter","Art of War","Gremlin Horn"],"acts_visited":["Exordium","TheCity"],"potions_floor_usage":[31],"damage_taken":[{"damage":14.0,"enemies":"Jaw Worm","floor":1.0,"turns":5.0},{"damage":1.0,"enemies":"2 Louse","floor":2.0,"turns":3.0},{"damage":6.0,"enemies":"Cultist","floor":3.0,"turns":3.0},{"damage":32.0,"enemies":"Lagavulin","floor":6.0,"turns":6.0},{"damage":0.0,"enemies":"Gremlin Nob","floor":8.0,"turns":2.0},{"damage":20.0,"enemies":"3 Sentries","floor":11.0,"turns":8.0},{"damage":16.0,"enemies":"Large Slime","floor":12.0,"turns":3.0},{"damage":0.0,"enemies":"Exordium Thugs","floor":14.0,"turns":4.0},{"damage":18.0,"enemies":"Hexaghost","floor":16.0,"turns":9.0},{"damage":13.0,"enemies":"2 Thieves","floor":18.0,"turns":4.0},{"damage":0.0,"enemies":"3 Byrds","floor":20.0,"turns":3.0},{"damage":13.0,"enemies":"Snecko","floor":22.0,"turns":4.0},{"damage":20.0,"enemies":"Snake Plant","floor":24.0,"turns":5.0},{"damage":1.0,"enemies":"Centurion and Healer","floor":29.0,"turns":6.0},{"damage":27,"enemies":"Gremlin Leader","floor":30,"turns":6},{"damage":13,"enemies":"Shelled Parasite and Fungi","floor":31,"turns":2},{"damage":80,"enemies":"Collector","floor":33,"turns":8}],"seed_played":"5143363329901944903","potions_obtained":[{"floor":3.0,"key":"Strength Potion"},{"floor":14.0,"key":"Energy Potion"},{"floor":16.0,"key":"Explosive Potion"},{"floor":18.0,"key":"BlessingOfTheForge"}],"is_trial":false,"path_per_floor":["M","M","M","$","?","E","R","E","T","?","E","M","?","M","R","B",null,"M","?","M","?","M","R","M","R","T","R","$","M","E","M","R","B"],"character_chosen":"IRONCLAD","items_purchased":["FearPotion","Art of War"],"campfire_rested":5,"item_purchase_floors":[4,28],"current_hp_per_floor":[54,53,47,47,47,15,37,37,37,37,17,1,1,1,38,20,61,48,48,48,42,29,66,46,75,75,75,75,74,47,39,75,0,0],"gold":142,"neow_bonus":"BOSS_RELIC","is_daily":false,"chose_seed":false,"campfire_upgraded":0,"win_rate":0.0,"timestamp":1612180572,"path_taken":["M","M","M","$","?","E","R","E","T","?","E","M","?","M","R","BOSS","M","?","M","?","?","R","M","R","T","R","$","M","E","M","R","BOSS"],"items_purchased_type":["Potion","Relic"],"build_version":"2020-12-22","purchased_purges":1,"victory":false,"max_hp_per_floor":[75,75,75,75,75,75,75,75,75,75,75,75,75,75,75,75,75,75,75,75,75,75,75,75,75,75,75,75,75,75,75,75,75,75],"relic_stats":{"Nunchaku":[10],"Regal Pillow":51,"Torii":32,"Gremlin Horn":[4,4],"counters":[17,81],"Self Forming Clay":[132],"Bag of Preparation":[24],"Art of War":[0],"War Paint":["Defend_R","Defend_R"],"obtain_stats":[{"Regal Pillow":8,"Torii":0,"Gremlin Horn":30,"Self Forming Clay":0,"Vajra":0,"Bag of Preparation":9,"War Paint":11,"Burning Blood":0,"Calling Bell":0,"Nunchaku":6,"Fusion Hammer":17,"Art of War":28,"Toy Ornithopter":19},{"Regal Pillow":5,"Torii":0,"Gremlin Horn":15,"Self Forming Clay":0,"Vajra":0,"Bag of Preparation":5,"War Paint":6,"Burning Blood":0,"Calling Bell":0,"Nunchaku":4,"Fusion Hammer":9,"Art of War":13,"Toy Ornithopter":10},{"Regal Pillow":19,"Torii":0,"Gremlin Horn":71,"Self Forming Clay":0,"Vajra":0,"Bag of Preparation":19,"War Paint":27,"Burning Blood":0,"Calling Bell":0,"Nunchaku":17,"Fusion Hammer":43,"Art of War":59,"Toy Ornithopter":47}],"Toy Ornithopter":5},"card_choices":[{"not_picked":["Combust","Feel No Pain"],"picked":"Dropkick","floor":1.0},{"not_picked":["True Grit","Burning Pact"],"picked":"Twin Strike","floor":2.0},{"not_picked":["Sentinel","Intimidate"],"picked":"Sword Boomerang","floor":3.0},{"not_picked":["Wild Strike","Iron Wave","Anger"],"picked":"SKIP","floor":6.0},{"not_picked":["Warcry","Searing Blow"],"picked":"Spot Weakness","floor":8.0},{"not_picked":["Havoc","Rupture"],"picked":"Berserk","floor":11.0},{"not_picked":["Searing Blow","Clothesline"],"picked":"Flame Barrier","floor":12.0},{"not_picked":["Anger","Heavy Blade"],"picked":"Armaments","floor":14.0},{"not_picked":["Bludgeon","Corruption"],"picked":"Immolate","floor":16.0},{"not_picked":["Fire Breathing","Body Slam"],"picked":"True Grit","floor":18.0},{"not_picked":["Second Wind","Anger"],"picked":"Clothesline+1","floor":20.0},{"not_picked":["Rampage","Warcry"],"picked":"True Grit","floor":22.0},{"not_picked":["Sword Boomerang","Flex"],"picked":"Intimidate+1","floor":24.0},{"not_picked":["Hemokinesis","Iron Wave","Rage"],"picked":"SKIP","floor":29.0},{"not_picked":["Juggernaut","Clash"],"picked":"Disarm","floor":30},{"not_picked":["Reckless Charge","Havoc+1"],"picked":"Shrug It Off+1","floor":31}],"player_experience":2514845,"relics_obtained":[{"floor":0.0,"key":"Vajra"},{"floor":0.0,"key":"Self Forming Clay"},{"floor":0.0,"key":"Torii"},{"floor":6.0,"key":"Nunchaku"},{"floor":8.0,"key":"Regal Pillow"},{"floor":9.0,"key":"Bag of Preparation"},{"floor":11.0,"key":"War Paint"},{"floor":30,"key":"Gremlin Horn"}],"event_choices":[{"damage_healed":0.0,"max_hp_gain":0.0,"max_hp_loss":0.0,"gold_gain":0.0,"event_name":"Living Wall","player_choice":"Grow","floor":5.0,"gold_loss":0.0,"damage_taken":0.0,"cards_upgraded":["Bash"]},{"damage_healed":0.0,"max_hp_gain":0.0,"max_hp_loss":0.0,"gold_gain":0.0,"event_name":"World of Goop","player_choice":"Left Gold","floor":10.0,"gold_loss":38.0,"damage_taken":0.0},{"damage_healed":0.0,"max_hp_gain":0.0,"max_hp_loss":0.0,"gold_gain":0.0,"cards_transformed":["Strike_R"],"event_name":"Transmorgrifier","player_choice":"Transformed","floor":13.0,"gold_loss":0.0,"damage_taken":0.0,"cards_obtained":["Perfected Strike"]},{"damage_healed":0.0,"max_hp_gain":0.0,"max_hp_loss":0.0,"gold_gain":0.0,"event_name":"The Mausoleum","player_choice":"Opened","floor":19.0,"gold_loss":0.0,"damage_taken":0.0,"relics_obtained":["Toy Ornithopter"],"cards_obtained":["Writhe"]},{"damage_healed":0.0,"max_hp_gain":0.0,"max_hp_loss":0.0,"gold_gain":0.0,"event_name":"Nest","player_choice":"Joined the Cult","floor":21.0,"gold_loss":0.0,"damage_taken":6.0,"cards_obtained":["RitualDagger"]}],"is_beta":false,"boss_relics":[{"not_picked":["Velvet Choker","Runic Pyramid"],"picked":"Fusion Hammer"}],"items_purged_floors":[4],"is_endless":false,"potions_floor_spawned":[3,6,14,16,18],"killed_by":"Collector","ascension_level":20}}