{"host":"cl1s3zys3en63gtn","time":1612181781,"event":{"mods":["AchievementEnabler","BaseMod","Block Reminder","Colored Map","Colored Powertips","DeckTracker","Highlight Path","HololiveMod","Minty Spire (QoL Compilation)","Quick Restart","Rare Cards Sparkle","Relic Stats","StSLib","Synergy Search"],"gold_per_floor":[136,236,283,333,333,346,346],"floor_reached":6,"language":"ENG","playtime":147,"items_purged":[],"score":88,"play_id":"145f022f-707d-46da-9bab-e27391295cb8","local_time":"20210201041621","is_ascension_mode":true,"campfire_choices":[],"circlet_count":0,"master_deck":["Hololive_Strike","Hololive_Defend","Hololive_Defend","Hololive_Defend","Hololive_Defend","Hololive_CallSakuraMiko","Hololive_CallSakuraMiko","Hololive_CallSakuraMiko","Hololive_CallSakuraMiko","Hololive_CallSakuraMiko"],"relics":["Hololive_TheStar","Hololive_TopUpMoney"],"acts_visited":["Exordium"],"potions_floor_usage":[],"damage_taken":[{"damage":0.0,"enemies":"Cultist","floor":1.0,"turns":4.0},{"damage":0.0,"enemies":"Jaw Worm","floor":3.0,"turns":4.0},{"damage":0.0,"enemies":"2 Louse","floor":4.0,"turns":3.0},{"damage":0,"enemies":"3 Sentries","floor":6,"turns":3}],"seed_played":"7051861506609491299","potions_obtained":[],"is_trial":false,"path_per_floor":["M","?","M","M","?","E"],"character_chosen":"Hololive_HololiveCharacter","items_purchased":[],"campfire_rested":0,"item_purchase_floors":[],"current_hp_per_floor":[38,38,38,38,38,38,38],"gold":346,"neow_bonus":"TEN_PERCENT_HP_BONUS","is_daily":false,"chose_seed":false,"campfire_upgraded":0,"win_rate":0.0,"timestamp":1612181781,"path_taken":["M","?","?","M","?","E"],"items_purchased_type":[],"build_version":"2020-12-22","purchased_purges":0,"victory":false,"max_hp_per_floor":[38,38,38,38,38,38,38],"relic_stats":{"counters":[4,14],"obtain_stats":[{"Hololive_TheStar":0,"Hololive_TopUpMoney":0},{"Hololive_TheStar":0,"Hololive_TopUpMoney":0},{"Hololive_TheStar":0,"Hololive_TopUpMoney":0}]},"card_choices":[],"player_experience":210745,"relics_obtained":[],"event_choices":[{"damage_healed":0.0,"max_hp_gain":0.0,"max_hp_loss":0.0,"gold_gain":100.0,"event_name":"Golden Shrine","player_choice":"Pray","floor":2.0,"gold_loss":0.0,"damage_taken":0.0},{"damage_healed":0.0,"max_hp_gain":0.0,"max_hp_loss":0.0,"gold_gain":0.0,"event_name":"Liars Game","player_choice":"Ignored","floor":5.0,"gold_loss":0.0,"damage_taken":0.0}],"is_beta":false,"boss_relics":[],"items_purged_floors":[],"is_endless":false,"potions_floor_spawned":[1],"killed_by":"3 Sentries","ascension_level":1}}