{"host":"5jdby9iqu3ct6557","time":1612162699,"event":{"mods":["BaseMod","DeckTracker","Highlight Path","Minty Spire (QoL Compilation)","Relic Stats","StSLib"],"gold_per_floor":[117,136,153,153,153,153,180,197,197,197,231,244,259,285,285,359,359,371,371,45,45,56,56,89,89,113,131,144,173,173,205,205,278,278,292,306,331,331,331],"floor_reached":38,"language":"ENG","playtime":10864,"items_purged":[],"score":1008,"play_id":"7b17151c-d9e8-4c9a-8c44-fd6e823b2185","local_time":"20210201015819","is_ascension_mode":true,"campfire_choices":[{"data":"TalkToTheHand","floor":6.0,"key":"SMITH"},{"data":"Tantrum","floor":10.0,"key":"SMITH"},{"data":"FlurryOfBlows","floor":15.0,"key":"SMITH"},{"floor":23.0,"key":"REST"},{"floor":25,"key":"REST"},{"floor":30,"key":"REST"},{"floor":32,"key":"REST"}],"circlet_count":0,"master_deck":["AscendersBane","Strike_P","Strike_P+1","Strike_P","Strike_P","Defend_P","Defend_P","Defend_P","Defend_P","Eruption","Vigilance","Conclude","EmptyFist+1","TalkToTheHand+1","DeusExMachina","Tantrum+1","FlurryOfBlows+1","FearNoEvil+1","ThirdEye","JustLucky","Vault","Protect","Adaptation+1","Collect+1","CutThroughFate+1","EmptyBody+1","TalkToTheHand","Perseverance+1","Scrawl+1","Protect+1","ThirdEye+1"],"relics":["HolyWater","Bottled Flame","Matryoshka","Lizard Tail","Nunchaku","Yang","Bronze Scales","Whetstone","Frozen Egg 2","Toxic Egg 2","SlaversCollar","TungstenRod"],"acts_visited":["Exordium","TheCity","TheBeyond"],"potions_floor_usage":[33],"damage_taken":[{"damage":0.0,"enemies":"2 Louse","floor":1.0,"turns":2.0},{"damage":7.0,"enemies":"Jaw Worm","floor":2.0,"turns":4.0},{"damage":0.0,"enemies":"Cultist","floor":3.0,"turns":2.0},{"damage":7.0,"enemies":"3 Sentries","floor":7.0,"turns":3.0},{"damage":1.0,"enemies":"Red Slaver","floor":8.0,"turns":3.0},{"damage":0.0,"enemies":"Gremlin Nob","floor":11.0,"turns":3.0},{"damage":1.0,"enemies":"Looter","floor":12.0,"turns":3.0},{"damage":1.0,"enemies":"Gremlin Gang","floor":13.0,"turns":3.0},{"damage":0.0,"enemies":"Lagavulin","floor":14.0,"turns":6.0},{"damage":55.0,"enemies":"Hexaghost","floor":16.0,"turns":7.0},{"damage":16.0,"enemies":"3 Byrds","floor":18.0,"turns":4.0},{"damage":13.0,"enemies":"2 Thieves","floor":22.0,"turns":3.0},{"damage":61.0,"enemies":"Gremlin Leader","floor":24.0,"turns":6.0},{"damage":6,"enemies":"Chosen and Byrds","floor":27,"turns":5},{"damage":2,"enemies":"Snecko","floor":28,"turns":7},{"damage":7,"enemies":"Book of Stabbing","floor":29,"turns":4},{"damage":20,"enemies":"Gremlin Leader","floor":31,"turns":4},{"damage":46,"enemies":"Champ","floor":33,"turns":14},{"damage":42,"enemies":"3 Darklings","floor":35,"turns":12},{"damage":10,"enemies":"3 Shapes","floor":36,"turns":3},{"damage":0,"enemies":"Mind Bloom Boss Battle","floor":37,"turns":5},{"damage":13,"enemies":"Spire Growth","floor":38,"turns":3}],"seed_played":"2747425003810087718","potions_obtained":[{"floor":1.0,"key":"BlessingOfTheForge"},{"floor":3.0,"key":"Ancient Potion"},{"floor":13.0,"key":"Regen Potion"},{"floor":14.0,"key":"PowerPotion"},{"floor":18.0,"key":"Fire Potion"},{"floor":22.0,"key":"Fire Potion"},{"floor":29,"key":"LiquidMemories"},{"floor":31,"key":"BlessingOfTheForge"},{"floor":33,"key":"PowerPotion"}],"is_trial":false,"path_per_floor":["M","M","M","?","?","R","E","M","T","R","E","M","M","E","R","B",null,"M","?","$","?","M","R","E","R","T","M","M","E","R","E","R","B",null,"M","M","?","M"],"character_chosen":"WATCHER","items_purchased":["Yang","Adaptation"],"campfire_rested":4,"item_purchase_floors":[20,20],"current_hp_per_floor":[67,60,60,60,60,60,53,52,52,52,52,51,50,62,62,7,57,41,41,41,41,28,50,37,59,59,53,51,44,66,46,68,22,61,19,9,9,0,0],"gold":331,"neow_bonus":"TEN_PERCENT_HP_BONUS","is_daily":false,"chose_seed":false,"campfire_upgraded":3,"win_rate":0.0,"timestamp":1612162699,"path_taken":["M","M","M","?","?","R","E","M","T","R","E","M","?","E","R","BOSS","M","?","$","?","M","R","E","R","T","M","M","E","R","E","R","BOSS","M","?","?","M"],"items_purchased_type":["Relic","Card"],"build_version":"2020-12-22","purchased_purges":0,"victory":false,"max_hp_per_floor":[74,74,74,74,74,74,74,74,74,74,74,74,74,74,74,74,74,74,74,74,74,74,74,74,74,74,74,74,74,74,74,74,74,74,74,74,74,74,74],"relic_stats":{"Lizard Tail":37,"Nunchaku":[23],"counters":[22,106],"Bronze Scales":[184],"Yang":[202],"Whetstone":["Strike_P","FearNoEvil"],"obtain_stats":[{"Yang":20,"Whetstone":26,"Frozen Egg 2":29,"SlaversCollar":34,"Bottled Flame":7,"Lizard Tail":11,"Nunchaku":14,"Matryoshka":9,"Bronze Scales":26,"HolyWater":17,"PureWater":0,"Toxic Egg 2":31,"TungstenRod":37},{"Yang":11,"Whetstone":13,"Frozen Egg 2":16,"SlaversCollar":18,"Bottled Flame":4,"Lizard Tail":6,"Nunchaku":9,"Matryoshka":5,"Bronze Scales":13,"HolyWater":10,"PureWater":0,"Toxic Egg 2":17,"TungstenRod":21},{"Yang":40,"Whetstone":49,"Frozen Egg 2":65,"SlaversCollar":83,"Bottled Flame":11,"Lizard Tail":17,"Nunchaku":29,"Matryoshka":14,"Bronze Scales":49,"HolyWater":36,"PureWater":0,"Toxic Egg 2":69,"TungstenRod":103}],"TungstenRod":1},"card_choices":[{"not_picked":["BattleHymn","Consecrate"],"picked":"Conclude","floor":1.0},{"not_picked":["Crescendo","ClearTheMind"],"picked":"EmptyFist","floor":2.0},{"not_picked":["EmptyBody","EmptyFist"],"picked":"TalkToTheHand","floor":3.0},{"not_picked":["Judgement","Consecrate"],"picked":"Tantrum","floor":7.0},{"not_picked":["BowlingBash","Crescendo"],"picked":"FlurryOfBlows","floor":11.0},{"not_picked":["PathToVictory","Prostrate"],"picked":"FearNoEvil","floor":12.0},{"not_picked":["Prostrate","Alpha"],"picked":"ThirdEye","floor":13.0},{"not_picked":["FollowUp","ReachHeaven"],"picked":"JustLucky","floor":14.0},{"not_picked":["Judgement","DeusExMachina"],"picked":"Vault","floor":16.0},{"not_picked":["BowlingBash","Crescendo"],"picked":"Protect","floor":18.0},{"not_picked":["LikeWater","FollowUp"],"picked":"Collect+1","floor":24},{"not_picked":["SignatureMove","WreathOfFlame"],"picked":"CutThroughFate+1","floor":27},{"not_picked":["Wireheading","WreathOfFlame"],"picked":"EmptyBody+1","floor":28},{"not_picked":["Halt","Consecrate"],"picked":"TalkToTheHand","floor":29},{"not_picked":["WheelKick","Consecrate"],"picked":"Perseverance+1","floor":31},{"not_picked":["ConjureBlade+1","Ragnarok"],"picked":"Scrawl+1","floor":33},{"not_picked":["EmptyFist","SashWhip+1"],"picked":"Protect+1","floor":36},{"not_picked":["CutThroughFate","EmptyFist"],"picked":"ThirdEye+1","floor":37}],"player_experience":2459530,"relics_obtained":[{"floor":7.0,"key":"Bottled Flame"},{"floor":9.0,"key":"Matryoshka"},{"floor":11.0,"key":"Lizard Tail"},{"floor":14.0,"key":"Nunchaku"},{"floor":26,"key":"Bronze Scales"},{"floor":26,"key":"Whetstone"},{"floor":29,"key":"Frozen Egg 2"},{"floor":31,"key":"Toxic Egg 2"},{"floor":37,"key":"TungstenRod"}],"event_choices":[{"damage_healed":0.0,"max_hp_gain":0.0,"max_hp_loss":0.0,"gold_gain":0.0,"event_name":"Living Wall","player_choice":"Grow","floor":4.0,"gold_loss":0.0,"damage_taken":0.0,"cards_upgraded":["EmptyFist"]},{"damage_healed":0.0,"max_hp_gain":0.0,"max_hp_loss":0.0,"gold_gain":0.0,"event_name":"Match and Keep!","player_choice":"1 cards matched","floor":5.0,"gold_loss":0.0,"damage_taken":0.0,"cards_obtained":["DeusExMachina"]},{"damage_healed":0.0,"max_hp_gain":0.0,"max_hp_loss":0.0,"gold_gain":0.0,"event_name":"The Mausoleum","player_choice":"Ignored","floor":19.0,"gold_loss":0.0,"damage_taken":0.0},{"damage_healed":0.0,"max_hp_gain":0.0,"max_hp_loss":0.0,"gold_gain":0.0,"event_name":"Upgrade Shrine","player_choice":"Upgraded","floor":21.0,"gold_loss":0.0,"damage_taken":0.0,"cards_upgraded":["Adaptation"]},{"damage_healed":0,"gold_gain":0,"player_choice":"Fight","damage_taken":0,"max_hp_gain":0,"max_hp_loss":0,"event_name":"MindBloom","floor":37,"gold_loss":0}],"is_beta":false,"boss_relics":[{"not_picked":["Busted Crown","Fusion Hammer"],"picked":"HolyWater"},{"not_picked":["Sozu","Velvet Choker"],"picked":"SlaversCollar"}],"items_purged_floors":[],"is_endless":false,"potions_floor_spawned":[1,3,13,14,18,22,29,31,33],"killed_by":"Spire Growth","ascension_level":20}}