{"host":"lehz9p79pih88cc3","time":1612212742,"event":{"mods":["AchievementEnabler","Act Like it!","Arknights","Aspiration","BaseMod","Better Match","Better Note","Better Skull","Better Third Choice","CapriCore","Defuse TimeMaze Blight","Disable Question Mark Monsters","Downfall","Emptier Cage","Friendly Minions","Infinite Spire","Kiyohime????","Koishi","Minty Spire (QoL Compilation)","Permanent Neow","Prisma Mod","Quick Restart","Reimu??????","Relic Stats","Reliquary","Remilia_Scarlet Moed?????·?????3.3.5","Replay The Spire","SacredBarkPlus","Shop Mod","StSLib","The Administrix","The Alterego","The Construct","The Immortal","The Mystic","The Runesmith","The Servant 0.9.4","Transform Curses","Uncapped","Yakumo Yukari mod","Yuri Mod","Yuyuko"],"gold_per_floor":[111,74,74,74,94,121,121,148,172,192,192,122,157,157,157,254,254,265,280,280,292,49,49,75,87,113,113,113,127,127,139,139,236,236,256,256,276,276,376,376,405,405,405,405,405,405,4,17,17,32,32,32],"floor_reached":53,"language":"ENG","playtime":3810,"items_purged":["Clumsy"],"score":671,"play_id":"ed5e8913-03f0-4ddf-a45e-8183eb733972","local_time":"20210201155222","is_ascension_mode":false,"campfire_choices":[{"floor":7,"key":"REST"},{"data":"Wraith Form v2","floor":11,"key":"SMITH"},{"data":"yuri:Parry","floor":15,"key":"SMITH"},{"floor":23,"key":"REST"},{"floor":30,"key":"REST"},{"floor":32,"key":"REST"},{"floor":40,"key":"REST"},{"floor":42,"key":"REST"},{"floor":44,"key":"RECALL"},{"floor":49,"key":"REST"},{"floor":51,"key":"DIG"}],"circlet_count":0,"master_deck":["yuri:yuriStrike","yuri:yuriStrike","yuri:yuriStrike","yuri:yuriStrike","yuri:yuriDefend","yuri:yuriDefend","yuri:yuriDefend","yuri:yuriDefend","yuri:yuriDefend","yuri:Oolong","yuri:yuriStab","yuri:CorruptHitbox","yuri:CalmingAura+1","yuri:CalmingAura+1","Well Laid Plans+1","Wraith Form v2+1","yuri:BookRed","yuri:MultiDip","yuri:BlackTea","Pot Of Greed","Pot Of Greed","yuri:WickedSlash","yuri:Parry+1","yuri:DragonForm","yuri:GreenTea+1","Pot Of Greed","yuri:BookGreen","yuri:DragonForm","yuri:yuriQuickStrike+1","yuri:GreenTea","yuri:BlackTea","yuri:NerfBat+1","yuri:NoEscape"],"relics":["yuri:yuriKnife","Tiny Chest","reliquary:Stiletto","Toy Ornithopter","Potion Belt","Grinning Jar","ReplayTheSpireMod:CursedCoin","War Paint","Mastiff:ReiMu","Fusion Hammer","reliquary:BallBearing","FossilizedHelix","Centennial Puzzle","Blue Doll","CaptainsWheel","construct:ClawGrip","Simple Rune","Pen Nib","CrazyTorch:ReiMu","Mirror","Ginger"],"acts_visited":["Exordium","TheCity","TheBeyond"],"potions_floor_usage":[8,33,41,52],"damage_taken":[{"damage":2,"enemies":"Cultist","floor":1,"turns":3},{"damage":5,"enemies":"Jaw Worm","floor":5,"turns":5},{"damage":58,"enemies":"Gremlin Nob","floor":6,"turns":8},{"damage":4,"enemies":"Replay:BlueRogue","floor":8,"turns":6},{"damage":2,"enemies":"Small Slimes","floor":10,"turns":5},{"damage":6,"enemies":"3 Sentries","floor":13,"turns":9},{"damage":26,"enemies":"Hexaghost","floor":16,"turns":14},{"damage":8,"enemies":"Shell Parasite","floor":18,"turns":6},{"damage":14,"enemies":"Chosen","floor":19,"turns":6},{"damage":4,"enemies":"Snecko","floor":21,"turns":6},{"damage":8,"enemies":"Gremlin Leader","floor":24,"turns":8},{"damage":28,"enemies":"Snake Plant","floor":25,"turns":6},{"damage":9,"enemies":"Sentry and Sphere","floor":29,"turns":5},{"damage":10,"enemies":"Centurion and Healer","floor":31,"turns":6},{"damage":47,"enemies":"Automaton","floor":33,"turns":11},{"damage":2,"enemies":"3 Shapes","floor":35,"turns":6},{"damage":7,"enemies":"Orb Walker","floor":37,"turns":5},{"damage":35,"enemies":"Reptomancer","floor":41,"turns":6},{"damage":5,"enemies":"4 Shapes","floor":48,"turns":6},{"damage":11,"enemies":"3 Darklings","floor":50,"turns":4},{"damage":62,"enemies":"Awakened One","floor":52,"turns":11}],"seed_played":"4921421022404031144","potions_obtained":[{"floor":5,"key":"hexamod:SoulburnPotion"},{"floor":10,"key":"ZuzhouPotion:ReiMu"},{"floor":13,"key":"Reflective Coating"},{"floor":16,"key":"SneckoOil"},{"floor":19,"key":"Explosive Potion"},{"floor":25,"key":"PowerPotion"},{"floor":50,"key":"Explosive Potion"}],"is_trial":false,"path_per_floor":["M","$","?","$","M","E","R","E","T","M","R","$","E","?","R","B",null,"M","M","?","M","$","R","E","M","T","?","T","M","R","M","R","B",null,"M","AVR","M","?","?","R","E","R","T","R","PTL","PTL","$","M","R","M","R","B",null],"character_chosen":"YURI","items_purchased":["yuri:CalmingAura","ReplayTheSpireMod:CursedCoin","War Paint","reliquary:BallBearing","yuri:NoEscape","Mirror"],"campfire_rested":7,"item_purchase_floors":[2,12,12,22,47,47],"current_hp_per_floor":[80,80,66,66,65,14,38,52,52,57,57,57,58,58,58,39,80,72,65,65,64,64,80,77,62,62,35,35,39,63,72,80,54,80,79,79,73,73,73,80,64,80,80,80,80,80,80,78,80,77,77,34],"gold":32,"neow_bonus":"TRANSFORM_CARD","is_daily":false,"chose_seed":false,"campfire_upgraded":2,"win_rate":0.0,"timestamp":1612212742,"path_taken":["M","$","?","$","M","E","R","E","T","M","R","$","E","?","R","BOSS","M","M","?","M","$","R","E","M","T","?","?","M","R","M","R","BOSS","M","AVR","M","?","?","R","E","R","T","R","PTL","PTL","$","M","R","M","R","BOSS"],"items_purchased_type":["Card","Relic","Relic","Relic","Card","Relic"],"build_version":"2020-12-22","purchased_purges":1,"victory":true,"max_hp_per_floor":[80,80,80,80,80,80,80,80,80,80,80,80,80,80,80,80,80,80,80,80,80,80,80,80,80,80,80,80,80,80,80,80,80,80,80,80,80,80,80,80,80,80,80,80,80,80,80,80,80,80,80,80],"relic_stats":{"Centennial Puzzle":[26],"counters":[21,142],"Tiny Chest":1,"Pen Nib":[5],"Ginger":[0],"War Paint":["yuri:CalmingAura","yuri:CalmingAura"],"obtain_stats":[{"Potion Belt":8,"construct:ClawGrip":34,"ReplayTheSpireMod:CursedCoin":12,"yuri:yuriKnife":0,"Blue Doll":27,"Pen Nib":41,"Ginger":51,"War Paint":12,"Centennial Puzzle":26,"CaptainsWheel":28,"Mastiff:ReiMu":13,"CrazyTorch:ReiMu":43,"Tiny Chest":3,"Simple Rune":36,"reliquary:Stiletto":3,"Fusion Hammer":17,"reliquary:BallBearing":22,"Grinning Jar":9,"Mirror":47,"Toy Ornithopter":6,"FossilizedHelix":24},{"Potion Belt":4,"construct:ClawGrip":15,"ReplayTheSpireMod:CursedCoin":5,"yuri:yuriKnife":0,"Blue Doll":12,"Pen Nib":18,"Ginger":20,"War Paint":5,"Centennial Puzzle":12,"CaptainsWheel":12,"Mastiff:ReiMu":6,"CrazyTorch:ReiMu":18,"Tiny Chest":1,"Simple Rune":16,"reliquary:Stiletto":1,"Fusion Hammer":7,"reliquary:BallBearing":10,"Grinning Jar":4,"Mirror":18,"Toy Ornithopter":3,"FossilizedHelix":11},{"Potion Belt":22,"construct:ClawGrip":104,"ReplayTheSpireMod:CursedCoin":27,"yuri:yuriKnife":0,"Blue Doll":82,"Pen Nib":121,"Ginger":131,"War Paint":27,"Centennial Puzzle":82,"CaptainsWheel":82,"Mastiff:ReiMu":36,"CrazyTorch:ReiMu":121,"Tiny Chest":3,"Simple Rune":110,"reliquary:Stiletto":3,"Fusion Hammer":50,"reliquary:BallBearing":68,"Grinning Jar":22,"Mirror":121,"Toy Ornithopter":16,"FossilizedHelix":76}],"Toy Ornithopter":12},"card_choices":[{"not_picked":["yuri:Skip","yuri:ThrowBook","yuri:yuriQuickStrike"],"picked":"SKIP","floor":1},{"not_picked":["yuri:Skip","yuri:ThrowBook","yuri:yuriQuickStrike"],"picked":"SKIP","floor":1},{"not_picked":["yuri:RecklessStrike","yuri:InduceGlitch"],"picked":"yuri:BookRed","floor":5},{"not_picked":["yuri:MPose","yuri:DuplicateCode"],"picked":"yuri:MultiDip","floor":6},{"not_picked":["yuri:WickedSlash","yuri:Stalk"],"picked":"yuri:BlackTea","floor":8},{"not_picked":["yuri:AdaptiveAI","yuri:Stare"],"picked":"yuri:WickedSlash","floor":10},{"not_picked":["yuri:yuriHeavyStrike","yuri:Stalk"],"picked":"yuri:Parry","floor":13},{"not_picked":["yuri:GlitchRemove","yuri:GhostForm"],"picked":"yuri:DragonForm","floor":16},{"not_picked":["yuri:GlitchedStrike","yuri:RecklessStrike"],"picked":"yuri:GreenTea","floor":18},{"not_picked":["yuri:RepairCode","yuri:MPose"],"picked":"yuri:BookGreen","floor":19},{"not_picked":["yuri:RecklessStrike+1","yuri:DebugCard","yuri:GlitchedStrike"],"picked":"SKIP","floor":21},{"not_picked":["yuri:RemoveSafetyChecks","yuri:UnstableStrike"],"picked":"yuri:yuriQuickStrike+1","floor":24},{"not_picked":["yuri:CalmingAura","yuri:UnstableStrike","yuri:Stare"],"picked":"SKIP","floor":25},{"not_picked":["yuri:GlitchedStrike+1","yuri:MPose"],"picked":"yuri:GreenTea","floor":29},{"not_picked":["yuri:HeavierStrike","yuri:RecklessStrike","yuri:ThrowBook+1"],"picked":"SKIP","floor":31},{"not_picked":["yuri:DragonForm","yuri:JumpScare"],"picked":"yuri:BlackTea","floor":33},{"not_picked":["yuri:MultiDip+1","yuri:GreenTea+1"],"picked":"yuri:NerfBat+1","floor":35},{"not_picked":["yuri:RecklessStrike","yuri:MultiDip+1","yuri:yuriHeavyStrike"],"picked":"SKIP","floor":37},{"not_picked":["yuri:TeaSet","yuri:UnstableStrike+1","yuri:HeavierStrike"],"picked":"SKIP","floor":41},{"not_picked":["yuri:DebugCard","yuri:MPose+1","yuri:GlitchedStrike"],"picked":"SKIP","floor":48},{"not_picked":["yuri:TeaSet+1","yuri:Skip+1","yuri:MPose+1"],"picked":"SKIP","floor":50}],"player_experience":292820,"relics_obtained":[{"floor":6,"key":"Toy Ornithopter"},{"floor":8,"key":"Potion Belt"},{"floor":9,"key":"Grinning Jar"},{"floor":13,"key":"Mastiff:ReiMu"},{"floor":24,"key":"FossilizedHelix"},{"floor":26,"key":"Centennial Puzzle"},{"floor":28,"key":"CaptainsWheel"},{"floor":41,"key":"Pen Nib"},{"floor":43,"key":"CrazyTorch:ReiMu"},{"floor":51,"key":"Ginger"}],"event_choices":[{"damage_healed":0,"gold_gain":0,"player_choice":"Copied","damage_taken":0,"max_hp_gain":0,"max_hp_loss":0,"event_name":"Duplicator","floor":20,"gold_loss":0,"cards_obtained":["yuri:DragonForm"]},{"damage_healed":0,"gold_gain":0,"player_choice":"UP RE ","damage_taken":31,"relics_obtained":["Blue Doll"],"max_hp_gain":0,"max_hp_loss":0,"event_name":"betterSkull:BetterSkull","floor":27,"gold_loss":0,"cards_upgraded":["yuri:GreenTea"]},{"damage_healed":0,"gold_gain":0,"player_choice":"Memory 1","damage_taken":0,"max_hp_gain":0,"max_hp_loss":0,"event_name":"SensoryStone","floor":38,"gold_loss":0},{"damage_healed":0,"gold_gain":100,"player_choice":"Pray","damage_taken":0,"max_hp_gain":0,"max_hp_loss":0,"event_name":"Golden Shrine","floor":39,"gold_loss":0}],"is_beta":false,"boss_relics":[{"not_picked":["Replay:Bronze Core","aspiration:PoetsPen_weak"],"picked":"Fusion Hammer"},{"not_picked":["Tiny House","aspiration:SecretTechniqueScroll"],"picked":"construct:ClawGrip"}],"items_purged_floors":[12],"is_endless":false,"potions_floor_spawned":[5,10,13,16,19,25,31,50],"ascension_level":0}}