{"host":"8fnghcq8tvbg6z9e","time":1612180160,"event":{"mods":["BaseMod","Conspire","Downfall","Minty Spire (QoL Compilation)","Quick Restart","StSLib"],"gold_per_floor":[110,123,137,11,24,56,56,75,75,75,88,106,106,123,123,226,226,226,226],"floor_reached":18,"language":"ZHS","playtime":936,"items_purged":["Strike_G"],"score":166,"play_id":"645fcb3c-ddf9-4d5c-8aea-4ba36851756c","local_time":"20210201194920","is_ascension_mode":false,"campfire_choices":[{"data":"Tools of the Trade","floor":7,"key":"SMITH"},{"floor":10,"key":"REST"},{"floor":13,"key":"RECALL"},{"floor":15,"key":"REST"}],"circlet_count":0,"master_deck":["Strike_G","Strike_G","Defend_G","Defend_G","Defend_G","Defend_G","Survivor","Neutralize","conspire:DoublingDagger","conspire:DoublingDagger","conspire:DoublingDagger","Blade Dance","Tools of the Trade+1","Blade Dance","Acrobatics","Envenom","Envenom+1","Outmaneuver+1","Dodge and Roll+1"],"relics":["Ring of the Snake","Potion Belt","Omamori","Gremlin Horn","Astrolabe"],"acts_visited":["Exordium","TheCity"],"potions_floor_usage":[6,8,12,14,16],"damage_taken":[{"damage":2,"enemies":"Jaw Worm","floor":1,"turns":9},{"damage":0,"enemies":"Small Slimes","floor":2,"turns":4},{"damage":0,"enemies":"2 Louse","floor":3,"turns":2},{"damage":3,"enemies":"Blue Slaver","floor":5,"turns":5},{"damage":26,"enemies":"3 Sentries","floor":6,"turns":11},{"damage":8,"enemies":"Lots of Slimes","floor":8,"turns":6},{"damage":0,"enemies":"3 Louse","floor":11,"turns":2},{"damage":8,"enemies":"Exordium Thugs","floor":12,"turns":3},{"damage":9,"enemies":"Large Slime","floor":14,"turns":8},{"damage":39,"enemies":"Hexaghost","floor":16,"turns":9},{"damage":5,"enemies":"3 Byrds","floor":18,"turns":2}],"seed_played":"-7623728747452055919","potions_obtained":[{"floor":1,"key":"SpeedPotion"},{"floor":3,"key":"Weak Potion"},{"floor":6,"key":"bronze:BurnAndBuffPotion"},{"floor":14,"key":"PowerPotion"}],"is_trial":false,"path_per_floor":["M","M","M","$","M","E","R","M","T","R","M","M","R","M","R","B",null,"M"],"character_chosen":"THE_SILENT","items_purchased":["Block Potion"],"campfire_rested":2,"item_purchase_floors":[4],"current_hp_per_floor":[68,68,68,68,65,39,39,31,31,52,52,44,44,35,56,17,70,65,65],"gold":226,"neow_bonus":"RANDOM_COMMON_RELIC","is_daily":false,"chose_seed":false,"campfire_upgraded":1,"win_rate":0.0,"timestamp":1612180160,"path_taken":["M","M","M","$","M","E","R","M","T","R","M","M","R","M","R","BOSS","M"],"items_purchased_type":["Potion"],"build_version":"2020-12-22","purchased_purges":1,"victory":false,"max_hp_per_floor":[70,70,70,70,70,70,70,70,70,70,70,70,70,70,70,70,70,70,70],"card_choices":[{"not_picked":["Underhanded Strike","Finisher"],"picked":"conspire:DoublingDagger","floor":1},{"not_picked":["Flying Knee","Poisoned Stab"],"picked":"conspire:DoublingDagger","floor":2},{"not_picked":["Night Terror","Acrobatics"],"picked":"conspire:DoublingDagger","floor":3},{"not_picked":["Footwork","Eviscerate"],"picked":"Blade Dance","floor":5},{"not_picked":["Prepared","Backflip"],"picked":"Tools of the Trade","floor":6},{"not_picked":["Dagger Throw","Deadly Poison"],"picked":"Blade Dance","floor":8},{"not_picked":["Underhanded Strike","Footwork","Prepared"],"picked":"SKIP","floor":11},{"not_picked":["Flying Knee","PiercingWail","Noxious Fumes"],"picked":"SKIP","floor":12},{"not_picked":["Deadly Poison","Predator"],"picked":"Acrobatics","floor":14},{"not_picked":["Venomology","Glass Knife"],"picked":"Envenom","floor":16}],"player_experience":211708,"relics_obtained":[{"floor":6,"key":"Omamori"},{"floor":9,"key":"Gremlin Horn"}],"event_choices":[],"is_beta":false,"boss_relics":[{"not_picked":["SlaversCollar","Calling Bell"],"picked":"Astrolabe"}],"items_purged_floors":[4],"is_endless":false,"potions_floor_spawned":[1,3,6,14],"killed_by":"3 Byrds","ascension_level":0}}