{"host":"s5i48q09v0un9rqc","time":1612162279,"event":{"mods":["BaseMod","BetterRewards","Highlight Path","Minty Spire (QoL Compilation)","Rare Cards Sparkle","Shop Mod"],"gold_per_floor":[113,131,131,151,170,170,229,229,253,288,142,155,230,257,257,257,257],"floor_reached":16,"language":"ZHS","playtime":4416,"items_purged":["Strike_R"],"score":141,"play_id":"eabd600e-5a7f-4e97-b9fa-f64c22fc3a47","local_time":"20210201145119","is_ascension_mode":true,"campfire_choices":[{"data":"Feed","floor":6.0,"key":"SMITH"},{"data":"Burning Pact","floor":15,"key":"SMITH"}],"circlet_count":0,"master_deck":["Strike_R","Strike_R","Strike_R","Defend_R","Defend_R","Defend_R","Defend_R","Bash","Battle Trance","Feed+1","Evolve","Burning Pact+1"],"relics":["Burning Blood","Sundial","HornCleat","Peace Pipe","Regal Pillow","Blood Vial","Boot","Chemical X","Self Forming Clay"],"acts_visited":["Exordium"],"potions_floor_usage":[14],"damage_taken":[{"damage":0.0,"enemies":"Small Slimes","floor":1.0,"turns":4.0},{"damage":1.0,"enemies":"2 Louse","floor":2.0,"turns":3.0},{"damage":0.0,"enemies":"Cultist","floor":4.0,"turns":4.0},{"damage":4.0,"enemies":"Blue Slaver","floor":5.0,"turns":6.0},{"damage":4.0,"enemies":"3 Sentries","floor":7.0,"turns":11.0},{"damage":4.0,"enemies":"3 Sentries","floor":10.0,"turns":13.0},{"damage":2.0,"enemies":"Exordium Thugs","floor":12.0,"turns":5.0},{"damage":13,"enemies":"Gremlin Nob","floor":14,"turns":4},{"damage":35,"enemies":"Slime Boss","floor":16,"turns":4}],"seed_played":"-5628450495124415827","potions_obtained":[{"floor":7.0,"key":"Ancient Potion"},{"floor":10.0,"key":"DuplicationPotion"},{"floor":12.0,"key":"PowerPotion"},{"floor":14,"key":"SteroidPotion"}],"is_trial":false,"path_per_floor":["M","M","?","M","M","R","?","?","T","E","$","M","?","E","R","B"],"character_chosen":"IRONCLAD","items_purchased":["Sundial","HornCleat","BloodPotion","Fire Potion","Chemical X"],"campfire_rested":0,"item_purchase_floors":[0,0,0,0,11],"current_hp_per_floor":[50,55,48,54,56,56,62,84,84,88,88,92,83,82,82,49,49],"gold":257,"neow_bonus":"","is_daily":false,"chose_seed":false,"campfire_upgraded":2,"win_rate":0.0,"timestamp":1612162279,"path_taken":["M","M","?","M","M","R","?","?","T","E","$","?","?","E","R","BOSS"],"items_purchased_type":["Relic","Relic","Potion","Potion","Relic"],"build_version":"2020-12-22","purchased_purges":1,"victory":false,"max_hp_per_floor":[80,80,80,80,80,80,84,84,84,88,88,92,92,96,96,96,96],"card_choices":[{"not_picked":["Sword Boomerang","Heavy Blade","Clothesline"],"picked":"SKIP","floor":1.0},{"not_picked":["Ghostly Armor","Flex"],"picked":"Battle Trance","floor":2.0},{"not_picked":["Sever Soul","Heavy Blade"],"picked":"Dark Embrace","floor":4.0},{"not_picked":["Intimidate","Heavy Blade"],"picked":"Feed","floor":5.0},{"not_picked":["Headbutt","Sword Boomerang"],"picked":"Evolve","floor":7.0},{"not_picked":["Demon Form","True Grit"],"picked":"Burning Pact","floor":10.0},{"not_picked":["True Grit","Sentinel","Clash"],"picked":"SKIP","floor":12.0},{"not_picked":["Shrug It Off","Clash","Entrench"],"picked":"SKIP","floor":14}],"player_experience":836889,"relics_obtained":[{"floor":9.0,"key":"Blood Vial"},{"floor":10.0,"key":"Boot"},{"floor":14,"key":"Self Forming Clay"}],"event_choices":[{"cards_removed":["Strike_R"],"damage_healed":0.0,"max_hp_gain":0.0,"max_hp_loss":0.0,"gold_gain":0.0,"event_name":"Golden Wing","player_choice":"Card Removal","floor":3.0,"gold_loss":0.0,"damage_taken":7.0},{"damage_healed":0.0,"max_hp_gain":0.0,"max_hp_loss":0.0,"gold_gain":0.0,"event_name":"Dead Adventurer","player_choice":"Searched \u00272\u0027 times","floor":7.0,"gold_loss":0.0,"damage_taken":0.0,"relics_obtained":["Regal Pillow"]},{"cards_removed":["Dark Embrace"],"damage_healed":22.0,"max_hp_gain":0.0,"max_hp_loss":0.0,"gold_gain":0.0,"event_name":"Bonfire Elementals","player_choice":"Offered Uncommon","floor":8.0,"gold_loss":0.0,"damage_taken":0.0},{"damage_healed":0,"gold_gain":75,"player_choice":"Touch","damage_taken":9,"max_hp_gain":0,"max_hp_loss":0,"event_name":"FaceTrader","floor":13,"gold_loss":0}],"is_beta":false,"boss_relics":[],"items_purged_floors":[0],"is_endless":false,"potions_floor_spawned":[7,10,12,14],"killed_by":"Slime Boss","ascension_level":1}}