{"host":"sp1zv0ju5tlq9i78","time":1612149536,"event":{"mods":["2.2 Compatiblity","A Penny For Your Troubles","Act Like it!","BaseMod","Better Match","Better Note","Better Skull","Better Third Choice","CapriCore","Marked Mod","Minty Spire (QoL Compilation)","Reliquary","StSLib","The Marked","TheSurvivalist"],"gold_per_floor":[111,111,123,139,60,85,85,105,105,105,105,117,117,192,192,291,291,301,301,301,287,301,301,301],"floor_reached":23,"language":"ENG","playtime":664,"items_purged":[],"score":191,"play_id":"ed811cfa-8f97-4dd0-9475-3e560afeada7","local_time":"20210131211856","is_ascension_mode":false,"campfire_choices":[{"floor":7,"key":"RECALL"},{"floor":11,"key":"REST"},{"data":"Envenom","floor":13,"key":"SMITH"},{"floor":15,"key":"REST"}],"circlet_count":0,"master_deck":["Strike_G","Strike_G","Strike_G","Strike_G","Strike_G","Defend_G","Defend_G","Defend_G+1","Defend_G+1","Defend_G","Survivor","Neutralize+1","Bullet Time","Poisoned Stab","Flying Knee","Bane","Deadly Poison","Dagger Spray","Envenom+1","Cloak And Dagger","Sucker Punch","A Thousand Cuts","Blur+1","Noxious Fumes","Flying Knee"],"relics":["Ring of the Snake","Bag of Preparation","Matryoshka","War Paint","Fusion Hammer","MealTicket","NlothsMask"],"acts_visited":["Exordium","TheCity"],"potions_floor_usage":[23],"damage_taken":[{"damage":0,"enemies":"2 Louse","floor":1,"turns":3},{"damage":0,"enemies":"Jaw Worm","floor":3,"turns":2},{"damage":0,"enemies":"Small Slimes","floor":4,"turns":3},{"damage":22,"enemies":"Lagavulin","floor":6,"turns":5},{"damage":0,"enemies":"Exordium Wildlife","floor":8,"turns":2},{"damage":0,"enemies":"2 Fungi Beasts","floor":12,"turns":3},{"damage":21,"enemies":"The Guardian","floor":16,"turns":10},{"damage":19,"enemies":"Spheric Guardian","floor":18,"turns":4},{"damage":12,"enemies":"2 Thieves","floor":21,"turns":4},{"damage":9,"enemies":"3 Cultists","floor":22,"turns":6},{"damage":3,"enemies":"Centurion and Healer","floor":23,"turns":4}],"seed_played":"5942827319892309230","potions_obtained":[{"floor":1,"key":"FearPotion"},{"floor":4,"key":"SkillPotion"},{"floor":6,"key":"LiquidBronze"}],"is_trial":false,"path_per_floor":["M","?","M","M","$","E","R","M","T","$","R","M","R","?","R","B",null,"M","?","?","M","M","M"],"character_chosen":"THE_SILENT","items_purchased":["Deadly Poison","Dagger Spray"],"campfire_rested":2,"item_purchase_floors":[5,5],"current_hp_per_floor":[70,67,67,67,67,45,45,45,45,45,66,66,66,55,70,49,70,51,24,24,12,3,0,0],"gold":301,"neow_bonus":"ONE_RANDOM_RARE_CARD","is_daily":false,"chose_seed":false,"campfire_upgraded":1,"win_rate":0.0,"timestamp":1612149536,"path_taken":["M","?","M","M","$","E","R","M","T","$","R","M","R","?","R","BOSS","M","?","?","?","M","?"],"items_purchased_type":["Card","Card"],"build_version":"2020-12-22","purchased_purges":0,"victory":false,"max_hp_per_floor":[70,70,70,70,70,70,70,70,70,70,70,70,70,70,70,70,70,70,70,70,70,70,70,70],"card_choices":[{"not_picked":["Blur","PiercingWail"],"picked":"Poisoned Stab","floor":1},{"not_picked":["Bane","Slice"],"picked":"Flying Knee","floor":3},{"not_picked":["Slice","Dagger Spray"],"picked":"Bane","floor":4},{"not_picked":["Reflex","All Out Attack"],"picked":"Envenom","floor":6},{"not_picked":["PiercingWail","Endless Agony"],"picked":"Cloak And Dagger","floor":8},{"not_picked":["Acrobatics","Endless Agony"],"picked":"Sucker Punch","floor":12},{"not_picked":["Night Terror","Grand Finale"],"picked":"A Thousand Cuts","floor":16},{"not_picked":["Dash","Slice"],"picked":"Blur+1","floor":18},{"not_picked":["Prepared","Predator"],"picked":"Noxious Fumes","floor":21},{"not_picked":["Sucker Punch","Skewer"],"picked":"Flying Knee","floor":22}],"player_experience":291089,"relics_obtained":[{"floor":6,"key":"Matryoshka"},{"floor":9,"key":"War Paint"}],"event_choices":[{"damage_healed":0,"gold_gain":0,"player_choice":"Relic ","damage_taken":3,"max_hp_gain":0,"max_hp_loss":0,"event_name":"betterThird:BetterScrap","floor":2,"gold_loss":0,"cards_obtained":["Pummel"]},{"damage_healed":0,"gold_gain":75,"player_choice":"Gold","damage_taken":11,"max_hp_gain":1,"max_hp_loss":0,"event_name":"betterThird:BetterGoop","floor":14,"gold_loss":0},{"damage_healed":0,"gold_gain":0,"player_choice":"UP RE ","damage_taken":31,"relics_obtained":["MealTicket"],"max_hp_gain":0,"max_hp_loss":0,"event_name":"betterSkull:BetterSkull","floor":19,"gold_loss":0,"cards_upgraded":["Neutralize"]},{"damage_healed":0,"gold_gain":0,"player_choice":"Trade","damage_taken":0,"relics_obtained":["NlothsMask"],"max_hp_gain":0,"max_hp_loss":0,"event_name":"FaceTrader","floor":20,"gold_loss":0}],"is_beta":false,"boss_relics":[{"not_picked":["reliquary:Craggleroot","Philosopher\u0027s Stone"],"picked":"Fusion Hammer"}],"items_purged_floors":[],"is_endless":false,"potions_floor_spawned":[1,4,6,21],"killed_by":"Centurion and Healer","ascension_level":0}}