{"host":"s0rqbuvjzggdtc2s","time":1612175813,"event":{"mods":["ATMod(°¢èªMod)","BaseMod","Curses Come First","Minty Spire (QoL Compilation)","StSLib","¡¾ÒÅÎï¿¨ÅÆ¡¿REMEMod"],"gold_per_floor":[116,132,82,82,82,82,113,113,162,178,178,194,212,212,212,342,342,366,382,129,152,165,165,200,200,200,225,102,102,2,43,43,163,163,179,179,202,222,236,276,276,290,290,304,317,136,136,136,136,136,136,136,82,122,122],"floor_reached":56,"language":"ZHS","playtime":3284,"items_purged":["Caltrops","Strike_G"],"score":1294,"play_id":"00bf4fb0-e11f-4847-9cdd-da74cb2ff240","local_time":"20210201183653","is_ascension_mode":false,"campfire_choices":[{"data":"AT_ShrugMaster","floor":6.0,"key":"SMITH"},{"data":"AT_ArcaneSupremacy","floor":8.0,"key":"SMITH"},{"data":"Tools of the Trade","floor":11.0,"key":"SMITH"},{"floor":15.0,"key":"REST"},{"data":"Infinite Blades","floor":23.0,"key":"SMITH"},{"data":"REME_GreenPollution","floor":25.0,"key":"SMITH"},{"data":"Prepared","floor":32.0,"key":"SMITH"},{"floor":41,"key":"RECALL"},{"data":"Secret Technique","floor":49,"key":"SMITH"},{"data":"After Image","floor":52,"key":"SMITH"}],"circlet_count":0,"master_deck":["Strike_G+1","Strike_G","Strike_G","Strike_G+1","Defend_G","Defend_G","Defend_G","Defend_G","Survivor","AT_ShrugMaster+1","Tools of the Trade+1","REME_ShadowStrike","AT_ArcaneSupremacy+1","Deflect","Outmaneuver","A Thousand Cuts","AT_EmpoweredMortalDraw","Dagger Throw","Prepared+1","REME_GreenPollution+1","Infinite Blades+1","Underhanded Strike","Skewer","Prepared","After Image+1","Expertise+1","Footwork+1","Escape Plan","AT_KneejerkReflex+1","Escape Plan+1","Secret Technique+1","Finesse","Prepared","Prepared"],"relics":["Ring of the Snake","AT_ATBox","REME_ComplimentaryCards","Vajra","Golden Idol","Ancient Tea Set","Akabeko","AT_MortalBlade","ClockworkSouvenir","Anchor","CaptainsWheel","Pantograph","AT_TrinityForce","Ginger","Nunchaku","Dead Branch"],"acts_visited":["Exordium","TheCity","TheBeyond","TheEnding"],"potions_floor_usage":[55,55,55],"damage_taken":[{"damage":0.0,"enemies":"2 Louse","floor":1.0,"turns":3.0},{"damage":1.0,"enemies":"Jaw Worm","floor":2.0,"turns":3.0},{"damage":15.0,"enemies":"3 Sentries","floor":7.0,"turns":8.0},{"damage":0.0,"enemies":"Cultist","floor":10.0,"turns":2.0},{"damage":0.0,"enemies":"2 Fungi Beasts","floor":12.0,"turns":4.0},{"damage":2.0,"enemies":"Blue Slaver","floor":13.0,"turns":4.0},{"damage":18.0,"enemies":"Hexaghost","floor":16.0,"turns":10.0},{"damage":0.0,"enemies":"Spheric Guardian","floor":18.0,"turns":1.0},{"damage":0.0,"enemies":"Shell Parasite","floor":19.0,"turns":2.0},{"damage":0.0,"enemies":"Sentry and Sphere","floor":21.0,"turns":1.0},{"damage":3.0,"enemies":"Shelled Parasite and Fungi","floor":22.0,"turns":5.0},{"damage":16.0,"enemies":"Book of Stabbing","floor":24.0,"turns":6.0},{"damage":11.0,"enemies":"Snake Plant","floor":27.0,"turns":3.0},{"damage":6.0,"enemies":"REME_1_Revenger","floor":31.0,"turns":4.0},{"damage":5.0,"enemies":"Champ","floor":33.0,"turns":7.0},{"damage":0.0,"enemies":"Orb Walker","floor":35.0,"turns":3.0},{"damage":0,"enemies":"3 Shapes","floor":37,"turns":3},{"damage":0,"enemies":"Transient","floor":38,"turns":5},{"damage":0,"enemies":"4 Shapes","floor":39,"turns":2},{"damage":0,"enemies":"Giant Head","floor":40,"turns":5},{"damage":0,"enemies":"Writhing Mass","floor":42,"turns":4},{"damage":0,"enemies":"Spire Growth","floor":44,"turns":4},{"damage":1,"enemies":"Transient","floor":45,"turns":5},{"damage":17,"enemies":"Time Eater","floor":50,"turns":6},{"damage":0,"enemies":"Shield and Spear","floor":54,"turns":5},{"damage":31,"enemies":"The Heart","floor":55,"turns":7}],"seed_played":"-1521006517235369195","potions_obtained":[{"floor":1.0,"key":"Fire Potion"},{"floor":2.0,"key":"Swift Potion"},{"floor":12.0,"key":"Poison Potion"},{"floor":16.0,"key":"LiquidMemories"},{"floor":24.0,"key":"SpeedPotion"},{"floor":42,"key":"DistilledChaos"}],"is_trial":false,"path_per_floor":["M","M","?","?","?","R","E","R","T","M","R","M","M","?","R","B",null,"M","M","$","M","M","R","E","R","T","M","$","?","$","E","R","B",null,"M","T","M","M","M","E","R","M","T","M","M","$","?","?","R","B",null,"R","$","E","B",null],"character_chosen":"THE_SILENT","items_purchased":["Prepared","ClockworkSouvenir","REME_GreenPollution","Prepared","Secret Technique","Prepared"],"campfire_rested":1,"item_purchase_floors":[20,20,20,28,46,53],"current_hp_per_floor":[70,69,69,52,52,52,37,37,37,37,37,37,35,21,42,26,72,72,72,72,72,69,69,53,53,53,42,42,72,72,66,66,67,72,72,72,72,72,72,72,72,72,72,72,71,71,71,71,71,55,72,72,72,72,41],"gold":122,"neow_bonus":"RANDOM_COMMON_RELIC","is_daily":false,"chose_seed":false,"campfire_upgraded":8,"win_rate":0.0,"timestamp":1612175813,"path_taken":["M","M","?","?","?","R","E","R","T","M","R","?","M","?","R","BOSS","M","M","$","M","M","R","E","R","T","M","$","?","$","E","R","BOSS","M","?","M","M","M","E","R","M","T","M","M","$","?","?","R","BOSS","R","$","E","BOSS"],"items_purchased_type":["Card","Relic","Card","Card","Card","Card"],"build_version":"2020-12-22","purchased_purges":2,"victory":true,"max_hp_per_floor":[70,70,70,70,70,70,70,70,70,70,70,70,70,70,70,72,72,72,72,72,72,72,72,72,72,72,72,72,72,72,72,72,72,72,72,72,72,72,72,72,72,72,72,72,72,72,72,72,72,72,72,72,72,72,72],"card_choices":[{"not_picked":["Backflip","Outmaneuver"],"picked":"REME_ShadowStrike","floor":1.0},{"not_picked":["Backflip","Outmaneuver"],"picked":"AT_ArcaneSupremacy","floor":2.0},{"not_picked":["Cloak And Dagger","Flying Knee"],"picked":"Deflect","floor":7.0},{"not_picked":["Deflect","Bane","Dodge and Roll"],"picked":"SKIP","floor":10.0},{"not_picked":["Sucker Punch","PiercingWail"],"picked":"Outmaneuver","floor":12.0},{"not_picked":["Acrobatics","Cloak And Dagger"],"picked":"AT_WindRun","floor":13.0},{"not_picked":["Wraith Form v2","Burst"],"picked":"A Thousand Cuts","floor":16.0},{"not_picked":["Endless Agony","AT_ThistleTea"],"picked":"Dagger Throw","floor":18.0},{"not_picked":["Deadly Poison+1","AT_ThistleTea","Choke"],"picked":"SKIP","floor":19.0},{"not_picked":["Slice","Dodge and Roll+1"],"picked":"Infinite Blades","floor":21.0},{"not_picked":["Flying Knee","Accuracy","Eviscerate+1"],"picked":"SKIP","floor":22.0},{"not_picked":["PiercingWail","Accuracy"],"picked":"Underhanded Strike","floor":24.0},{"not_picked":["Endless Agony+1","Cloak And Dagger"],"picked":"Skewer","floor":27.0},{"not_picked":["Well Laid Plans","Heel Hook+1","Bouncing Flask"],"picked":"SKIP","floor":31.0},{"not_picked":["AT_KingSlayer","Grand Finale"],"picked":"After Image","floor":33.0},{"not_picked":["Underhanded Strike+1","Blade Dance+1"],"picked":"Expertise+1","floor":35.0},{"not_picked":["Cloak And Dagger","Deadly Poison"],"picked":"Footwork+1","floor":37},{"not_picked":["Dash","Reflex"],"picked":"Escape Plan","floor":38},{"not_picked":["Dagger Spray+1","Slice","Deflect+1"],"picked":"SKIP","floor":39},{"not_picked":["Expertise","Leg Sweep+1","Dagger Throw"],"picked":"SKIP","floor":40},{"not_picked":["REME_GreenPollution+1","Caltrops+1","Bane"],"picked":"SKIP","floor":42},{"not_picked":["Wraith Form v2","Catalyst+1"],"picked":"AT_KneejerkReflex","floor":44},{"not_picked":["Poisoned Stab","Dagger Throw"],"picked":"Escape Plan+1","floor":45},{"not_picked":["REME_BodyOfCthun","Enlightenment"],"picked":"Finesse","floor":47},{"not_picked":["Sucker Punch","REME_GreenPollution+1"],"picked":"Prepared","floor":54}],"player_experience":208111,"relics_obtained":[{"floor":7.0,"key":"Ancient Tea Set"},{"floor":9.0,"key":"Akabeko"},{"floor":24.0,"key":"Anchor"},{"floor":26.0,"key":"CaptainsWheel"},{"floor":31.0,"key":"Pantograph"},{"floor":36.0,"key":"Ginger"},{"floor":40,"key":"Nunchaku"},{"floor":54,"key":"Dead Branch"}],"event_choices":[{"cards_removed":["Defend_G"],"damage_healed":0.0,"max_hp_gain":0.0,"max_hp_loss":0.0,"gold_gain":0.0,"event_name":"The Cleric","player_choice":"Card Removal","floor":3.0,"gold_loss":50.0,"damage_taken":0.0},{"damage_healed":0.0,"max_hp_gain":0.0,"max_hp_loss":0.0,"gold_gain":0.0,"event_name":"Golden Idol","player_choice":"Take Damage","floor":4.0,"gold_loss":0.0,"damage_taken":17.0,"relics_obtained":["Golden Idol"]},{"damage_healed":0.0,"max_hp_gain":0.0,"max_hp_loss":0.0,"gold_gain":0.0,"cards_transformed":["Neutralize"],"event_name":"Transmorgrifier","player_choice":"Transformed","floor":5.0,"gold_loss":0.0,"damage_taken":0.0,"cards_obtained":["Caltrops"]},{"damage_healed":0.0,"max_hp_gain":0.0,"max_hp_loss":0.0,"gold_gain":0.0,"event_name":"Shining Light","player_choice":"Entered Light","floor":14.0,"gold_loss":0.0,"damage_taken":14.0,"cards_upgraded":["Strike_G","Strike_G"]},{"cards_removed":["AT_WindRun"],"damage_healed":30.0,"max_hp_gain":0.0,"max_hp_loss":0.0,"gold_gain":0.0,"event_name":"Bonfire Elementals","player_choice":"Offered Uncommon","floor":29.0,"gold_loss":0.0,"damage_taken":0.0},{"damage_healed":0,"gold_gain":0,"player_choice":"Memory 1","damage_taken":0,"max_hp_gain":0,"max_hp_loss":0,"event_name":"SensoryStone","floor":47,"gold_loss":0},{"damage_healed":0,"gold_gain":0,"player_choice":"Upgraded","damage_taken":0,"max_hp_gain":0,"max_hp_loss":0,"event_name":"Upgrade Shrine","floor":48,"gold_loss":0,"cards_upgraded":["AT_KneejerkReflex"]}],"is_beta":false,"boss_relics":[{"not_picked":["WristBlade","SlaversCollar"],"picked":"AT_MortalBlade"},{"not_picked":["REME_LowDesire","Philosopher\u0027s Stone"],"picked":"AT_TrinityForce"}],"items_purged_floors":[28,30],"is_endless":false,"potions_floor_spawned":[1,2,12,16,24,33,37,40,42,44],"ascension_level":0}}