{"host":"1bmpebsu0h6jmm2g","time":1612186540,"event":{"mods":["BaseMod","BetterRewards","Colored Map","DeckTracker","Highlight Path","Keyboard Shortcuts","Minty Spire (QoL Compilation)","Permanent Neow","Quick Restart","Relic Stats","Slay the Relics Exporter","Spicy Shops","StSLib","SuperFastMode"],"gold_per_floor":[113,133,143,158,175,208,227,238,287,300,122,133,133,150,150,228,228,240,240,99,99,117,150,170,186,213,52,52,65,85,97,97,175,225,236,255,64,82,0,0,325,338,338,365,365,365,379,404,404,404,404],"floor_reached":50,"language":"KOR","playtime":1154,"items_purged":["Strike_B","Strike_B","Strike_B"],"score":986,"play_id":"9c4b0711-b9e5-4551-8302-1a141689b74e","local_time":"20210201223540","is_ascension_mode":true,"campfire_choices":[{"data":"1","floor":13.0,"key":"LIFT"},{"data":"2","floor":15.0,"key":"LIFT"},{"floor":32.0,"key":"REST"},{"data":"Defragment","floor":40.0,"key":"SMITH"},{"floor":45,"key":"REST"},{"floor":49,"key":"REST"}],"circlet_count":0,"master_deck":["AscendersBane","Defend_B","Defend_B","Defend_B+1","Defend_B","Zap","Dualcast","BootSequence","Gash","FTL","Cold Snap","Scrape","FTL","Gash","All For One","Defragment","Glacier","Gash","Go for the Eyes","Beam Cell","Reboot","Defragment+1","Scrape","Loop+1","Recycle","Parasite"],"relics":["Cracked Core","HandDrill","Girya","PreservedInsect","Inserter","MutagenicStrength","Nunchaku","Pen Nib","TheAbacus","Tiny House","Red Mask","Old Coin","Oddly Smooth Stone","CaptainsWheel","Letter Opener"],"acts_visited":["Exordium","TheCity","TheBeyond"],"potions_floor_usage":[44],"damage_taken":[{"damage":1.0,"enemies":"Cultist","floor":1.0,"turns":3.0},{"damage":1.0,"enemies":"Jaw Worm","floor":2.0,"turns":4.0},{"damage":7.0,"enemies":"Small Slimes","floor":3.0,"turns":3.0},{"damage":14.0,"enemies":"Exordium Thugs","floor":4.0,"turns":5.0},{"damage":0.0,"enemies":"Looter","floor":5.0,"turns":3.0},{"damage":20.0,"enemies":"3 Sentries","floor":6.0,"turns":7.0},{"damage":2.0,"enemies":"2 Fungi Beasts","floor":7.0,"turns":3.0},{"damage":2.0,"enemies":"Red Slaver","floor":8.0,"turns":3.0},{"damage":0.0,"enemies":"Lots of Slimes","floor":10.0,"turns":2.0},{"damage":3.0,"enemies":"Blue Slaver","floor":12.0,"turns":3.0},{"damage":0.0,"enemies":"Looter","floor":14.0,"turns":2.0},{"damage":10.0,"enemies":"The Guardian","floor":16.0,"turns":11.0},{"damage":0.0,"enemies":"Chosen","floor":18.0,"turns":4.0},{"damage":0.0,"enemies":"Shell Parasite","floor":22.0,"turns":2.0},{"damage":19.0,"enemies":"Book of Stabbing","floor":23.0,"turns":3.0},{"damage":9.0,"enemies":"Centurion and Healer","floor":24.0,"turns":5.0},{"damage":7.0,"enemies":"Snecko","floor":25.0,"turns":3.0},{"damage":0.0,"enemies":"Shelled Parasite and Fungi","floor":29.0,"turns":2.0},{"damage":9.0,"enemies":"Cultist and Chosen","floor":30.0,"turns":4.0},{"damage":8.0,"enemies":"Centurion and Healer","floor":31.0,"turns":4.0},{"damage":16.0,"enemies":"Champ","floor":33.0,"turns":8.0},{"damage":6.0,"enemies":"Orb Walker","floor":35.0,"turns":3.0},{"damage":15.0,"enemies":"3 Darklings","floor":36.0,"turns":6.0},{"damage":6.0,"enemies":"Sphere and 2 Shapes","floor":38.0,"turns":5.0},{"damage":0.0,"enemies":"Mind Bloom Boss Battle","floor":41.0,"turns":4.0},{"damage":0.0,"enemies":"Transient","floor":42.0,"turns":5.0},{"damage":27,"enemies":"Nemesis","floor":44,"turns":7},{"damage":7,"enemies":"Writhing Mass","floor":47,"turns":6},{"damage":1,"enemies":"Giant Head","floor":48,"turns":6},{"damage":80,"enemies":"Time Eater","floor":50,"turns":6}],"seed_played":"1952122443471637766","potions_obtained":[{"floor":3.0,"key":"DistilledChaos"},{"floor":4.0,"key":"SkillPotion"},{"floor":5.0,"key":"Strength Potion"},{"floor":8.0,"key":"Explosive Potion"},{"floor":14.0,"key":"Swift Potion"},{"floor":23.0,"key":"LiquidMemories"},{"floor":24.0,"key":"Energy Potion"},{"floor":29.0,"key":"Dexterity Potion"},{"floor":30.0,"key":"EssenceOfSteel"},{"floor":31.0,"key":"LiquidBronze"},{"floor":34.0,"key":"Energy Potion"},{"floor":35.0,"key":"LiquidBronze"},{"floor":36.0,"key":"Block Potion"},{"floor":44,"key":"SteroidPotion"}],"is_trial":false,"path_per_floor":["M","M","M","M","M","E","M","M","T","M","$","M","R","M","R","B",null,"M","?","$","?","M","E","M","M","T","$","?","M","M","M","R","B",null,"M","M","$","M","?","R","?","M","T","E","R","?","M","E","R","B"],"character_chosen":"DEFECT","items_purchased":["HandDrill","Gash","Defragment","TheAbacus","Defragment"],"campfire_rested":3,"item_purchase_floors":[0,11,20,27,37],"current_hp_per_floor":[63,62,55,41,41,21,19,17,17,17,17,14,14,14,14,4,54,54,54,54,54,54,35,26,19,19,19,19,19,10,2,23,7,60,54,39,39,33,33,33,33,33,33,6,28,28,21,20,42,0,0],"gold":404,"neow_bonus":"","is_daily":false,"chose_seed":false,"campfire_upgraded":1,"win_rate":0.0,"timestamp":1612186540,"path_taken":["M","M","M","M","M","E","?","M","T","M","?","M","R","M","R","BOSS","M","?","$","?","M","E","M","M","T","$","?","M","M","M","R","BOSS","M","M","$","M","?","R","?","M","T","E","R","?","M","E","R","BOSS"],"items_purchased_type":["Relic","Card","Card","Relic","Card"],"build_version":"2020-12-22","purchased_purges":3,"victory":false,"max_hp_per_floor":[71,71,71,71,71,71,71,71,71,71,71,71,71,71,71,71,71,71,71,71,71,71,71,71,71,71,71,71,71,71,71,71,71,76,76,76,76,76,76,76,76,76,76,76,76,76,76,76,76,76,76],"relic_stats":{"Nunchaku":[27],"Inserter":[41],"TheAbacus":[126],"counters":[36,160],"PreservedInsect":223,"Pen Nib":[24],"HandDrill":[58],"Letter Opener":[0],"obtain_stats":[{"Girya":6,"Inserter":17,"Tiny House":34,"Singing Bowl":6,"Oddly Smooth Stone":43,"PreservedInsect":9,"Pen Nib":26,"Letter Opener":48,"Old Coin":41,"Nunchaku":23,"CaptainsWheel":44,"TheAbacus":27,"MutagenicStrength":19,"HandDrill":0,"Red Mask":39,"Cracked Core":0},{"Girya":12,"Inserter":18,"Tiny House":27,"Singing Bowl":4,"Oddly Smooth Stone":32,"PreservedInsect":14,"Pen Nib":23,"Letter Opener":35,"Old Coin":31,"Nunchaku":21,"CaptainsWheel":33,"TheAbacus":23,"MutagenicStrength":19,"HandDrill":6,"Red Mask":30,"Cracked Core":0},{"Girya":53,"Inserter":77,"Tiny House":112,"Singing Bowl":20,"Oddly Smooth Stone":135,"PreservedInsect":59,"Pen Nib":94,"Letter Opener":154,"Old Coin":130,"Nunchaku":86,"CaptainsWheel":142,"TheAbacus":94,"MutagenicStrength":81,"HandDrill":28,"Red Mask":126,"Cracked Core":0}]},"card_choices":[{"not_picked":["Steam Power","Redo"],"picked":"BootSequence","floor":1.0},{"not_picked":["Rip and Tear","Blizzard"],"picked":"Gash","floor":2.0},{"not_picked":["Hologram","Aggregate"],"picked":"FTL","floor":3.0},{"not_picked":["Sweeping Beam","Chill"],"picked":"Cold Snap","floor":4.0},{"not_picked":["Melter","Redo"],"picked":"Scrape","floor":5.0},{"not_picked":["Sweeping Beam","Cold Snap"],"picked":"FTL","floor":6.0},{"not_picked":["Fission","Sunder","Coolheaded"],"picked":"SKIP","floor":7.0},{"not_picked":["Redo","Genetic Algorithm","Coolheaded"],"picked":"SKIP","floor":8.0},{"not_picked":["Barrage","Steam","Turbo"],"picked":"SKIP","floor":10.0},{"not_picked":["Conserve Battery","Steam","Hologram"],"picked":"SKIP","floor":12.0},{"not_picked":["BootSequence","Steam","Aggregate"],"picked":"SKIP","floor":14.0},{"not_picked":["Core Surge","Thunder Strike"],"picked":"All For One","floor":16.0},{"not_picked":["Hologram","FTL","Leap"],"picked":"SKIP","floor":18.0},{"not_picked":["Fusion","Stack+1","Steam"],"picked":"SKIP","floor":22.0},{"not_picked":["Consume","Compile Driver"],"picked":"Gash","floor":23.0},{"not_picked":["Biased Cognition","Cold Snap"],"picked":"Go for the Eyes","floor":24.0},{"not_picked":["Reinforced Body","Gash"],"picked":"Beam Cell","floor":25.0},{"not_picked":["Core Surge","Hologram","Beam Cell"],"picked":"SKIP","floor":29.0},{"not_picked":["Beam Cell","Barrage","Static Discharge"],"picked":"SKIP","floor":30.0},{"not_picked":["Stack","Redo","Cold Snap+1"],"picked":"SKIP","floor":31.0},{"not_picked":["Thunder Strike","Machine Learning"],"picked":"Reboot","floor":33.0},{"not_picked":["Leap","Steam","Compile Driver"],"picked":"SKIP","floor":35.0},{"not_picked":["Melter+1","Capacitor","Aggregate"],"picked":"SKIP","floor":36.0},{"not_picked":["Machine Learning","Darkness","Lockon"],"picked":"SKIP","floor":38.0},{"not_picked":["Chaos","Lockon"],"picked":"Scrape","floor":42.0},{"not_picked":["Compile Driver","Genetic Algorithm"],"picked":"Loop+1","floor":44},{"not_picked":["Barrage","Reprogram","Leap"],"picked":"SKIP","floor":47},{"not_picked":["Sweeping Beam","Barrage","Stack"],"picked":"SKIP","floor":48}],"player_experience":497917,"relics_obtained":[{"floor":6.0,"key":"Girya"},{"floor":9.0,"key":"PreservedInsect"},{"floor":23.0,"key":"Nunchaku"},{"floor":26.0,"key":"Pen Nib"},{"floor":41.0,"key":"Old Coin"},{"floor":43.0,"key":"Oddly Smooth Stone"},{"floor":44,"key":"CaptainsWheel"},{"floor":48,"key":"Letter Opener"}],"event_choices":[{"damage_healed":0.0,"max_hp_gain":0.0,"max_hp_loss":0.0,"gold_gain":0.0,"event_name":"Drug Dealer","player_choice":"Inject Mutagens","floor":19.0,"gold_loss":0.0,"damage_taken":0.0,"relics_obtained":["MutagenicStrength"]},{"damage_healed":0.0,"max_hp_gain":0.0,"max_hp_loss":0.0,"gold_gain":0.0,"event_name":"The Library","player_choice":"Read","floor":21.0,"gold_loss":0.0,"damage_taken":0.0,"cards_obtained":["Glacier"]},{"damage_healed":0.0,"max_hp_gain":0.0,"max_hp_loss":0.0,"gold_gain":0.0,"event_name":"Vampires","player_choice":"Ignored","floor":28.0,"gold_loss":0.0,"damage_taken":0.0},{"damage_healed":0.0,"max_hp_gain":0.0,"max_hp_loss":0.0,"gold_gain":0.0,"event_name":"Tomb of Lord Red Mask","player_choice":"Paid","floor":39.0,"gold_loss":82.0,"damage_taken":0.0,"relics_obtained":["Red Mask"]},{"damage_healed":0.0,"max_hp_gain":0.0,"max_hp_loss":0.0,"gold_gain":0.0,"event_name":"MindBloom","player_choice":"Fight","floor":41.0,"gold_loss":0.0,"damage_taken":0.0},{"damage_healed":0,"gold_gain":0,"cards_transformed":["Strike_B"],"player_choice":"Transformed","damage_taken":0,"max_hp_gain":0,"max_hp_loss":0,"event_name":"Transmorgrifier","floor":46,"gold_loss":0,"cards_obtained":["Recycle"]}],"is_beta":false,"boss_relics":[{"not_picked":["FrozenCore","Fusion Hammer"],"picked":"Inserter"},{"not_picked":["Cursed Key","SlaversCollar"],"picked":"Tiny House"}],"items_purged_floors":[11,20,37],"is_endless":false,"potions_floor_spawned":[3,4,5,8,14,23,24,29,30,31,35,36,44],"killed_by":"Time Eater","ascension_level":16}}