{"host":"5jyeqch4fosnsiz2","time":1612143985,"event":{"mods":["BaseMod","Bestiary","Colored Map","Colored Powertips","Filter the Spire","Minty Spire (QoL Compilation)","Relic Stats","StSLib","Waifu the Spire","ojb\u0027s Better Paths Mod","ojb\u0027s Info Mod"],"gold_per_floor":[115,115,115,135,146,174,174,185,185,150,160,172,207,207,207,309,309,327,351,351,351,371,371,398,411,458,498,526,549,577,589,601,708,720,747,759,871,898,922,934,934],"floor_reached":40,"language":"ENG","playtime":1978,"items_purged":[],"score":440,"play_id":"64ea7e21-c6a0-403a-ac1b-bb798ed0985f","local_time":"20210131204625","is_ascension_mode":false,"campfire_choices":[{"floor":7,"key":"REST"},{"floor":15,"key":"REST"},{"data":"Eruption","floor":23,"key":"SMITH"},{"floor":32,"key":"REST"}],"circlet_count":0,"master_deck":["Eruption+1","Vigilance","Vengeance","Wallop","Tantrum","FlurryOfBlows","Prostrate+1","BowlingBash","EmptyBody+1","TalkToTheHand","MentalFortress","ClearTheMind+1","WreathOfFlame+1","WheelKick","Indignation+1","Prostrate+1","Protect+1","Worship+1","BowlingBash+1","EmptyFist","Prostrate+1","Vault+1"],"relics":["SlaversCollar","Smiling Mask","Toxic Egg 2","Letter Opener","Pandora\u0027s Box","Oddly Smooth Stone","Nilry\u0027s Codex","Kunai","MawBank","Peace Pipe","Fusion Hammer"],"acts_visited":["Exordium","TheCity","TheBeyond"],"potions_floor_usage":[8,11,13,24,27,27,29,40,40,40],"damage_taken":[{"damage":7,"enemies":"Jaw Worm","floor":1,"turns":4},{"damage":2,"enemies":"Small Slimes","floor":4,"turns":4},{"damage":0,"enemies":"Cultist","floor":5,"turns":2},{"damage":32,"enemies":"Gremlin Nob","floor":6,"turns":3},{"damage":0,"enemies":"Large Slime","floor":8,"turns":4},{"damage":2,"enemies":"Exordium Wildlife","floor":11,"turns":3},{"damage":6,"enemies":"3 Louse","floor":12,"turns":3},{"damage":15,"enemies":"3 Sentries","floor":13,"turns":5},{"damage":10,"enemies":"Hexaghost","floor":16,"turns":9},{"damage":6,"enemies":"Spheric Guardian","floor":18,"turns":3},{"damage":5,"enemies":"Shell Parasite","floor":22,"turns":5},{"damage":14,"enemies":"Slavers","floor":24,"turns":4},{"damage":5,"enemies":"Cultist and Chosen","floor":25,"turns":5},{"damage":2,"enemies":"Book of Stabbing","floor":27,"turns":4},{"damage":0,"enemies":"Centurion and Healer","floor":28,"turns":3},{"damage":13,"enemies":"3 Cultists","floor":29,"turns":3},{"damage":1,"enemies":"Cultist and Chosen","floor":30,"turns":3},{"damage":41,"enemies":"Collector","floor":33,"turns":8},{"damage":16,"enemies":"3 Shapes","floor":35,"turns":6},{"damage":0,"enemies":"3 Darklings","floor":38,"turns":5},{"damage":4,"enemies":"4 Shapes","floor":39,"turns":4},{"damage":84,"enemies":"Nemesis","floor":40,"turns":2}],"seed_played":"6678822890701568284","potions_obtained":[{"floor":4,"key":"Block Potion"},{"floor":5,"key":"SteroidPotion"},{"floor":11,"key":"Weak Potion"},{"floor":16,"key":"PowerPotion"},{"floor":22,"key":"SpeedPotion"},{"floor":24,"key":"BottledMiracle"},{"floor":25,"key":"BlessingOfTheForge"},{"floor":27,"key":"AttackPotion"},{"floor":33,"key":"LiquidBronze"},{"floor":39,"key":"BlessingOfTheForge"}],"is_trial":false,"path_per_floor":["M","?","?","M","M","E","R","M","T","?","M","M","E","?","R","B",null,"M","T","?","?","M","R","E","M","T","E","M","M","M","?","R","B",null,"M","?","?","M","M","E"],"character_chosen":"WATCHER","items_purchased":[],"campfire_rested":3,"item_purchase_floors":[],"current_hp_per_floor":[65,58,44,42,42,10,31,31,31,49,47,41,26,26,47,37,72,66,66,66,50,45,45,31,26,26,24,24,11,10,34,55,14,72,56,56,56,56,52,0,0],"gold":934,"neow_bonus":"BOSS_RELIC","is_daily":false,"chose_seed":false,"campfire_upgraded":1,"win_rate":0.0,"timestamp":1612143985,"path_taken":["M","?","?","M","M","E","R","M","T","?","M","M","E","?","R","BOSS","M","?","?","?","M","R","E","M","T","E","?","M","M","?","R","BOSS","M","?","?","M","M","E"],"items_purchased_type":[],"build_version":"2020-12-22","purchased_purges":0,"victory":false,"max_hp_per_floor":[72,72,72,72,72,72,72,72,72,72,72,72,72,72,72,72,72,72,72,72,72,72,72,72,72,72,72,72,72,72,72,72,72,72,72,72,72,72,72,72,72],"relic_stats":{"Peace Pipe":1,"counters":[22,92],"Pandora\u0027s Box":["EmptyBody","TalkToTheHand","MentalFortress","ClearTheMind","WreathOfFlame","WheelKick"],"Letter Opener":[109],"Kunai":[21],"Smiling Mask":0,"MawBank":168,"obtain_stats":[{"Peace Pipe":27,"SlaversCollar":0,"Nilry\u0027s Codex":21,"Oddly Smooth Stone":19,"Pandora\u0027s Box":17,"Fusion Hammer":34,"Letter Opener":13,"Kunai":24,"PureWater":0,"Toxic Egg 2":9,"Smiling Mask":6,"MawBank":26},{"Peace Pipe":14,"SlaversCollar":0,"Nilry\u0027s Codex":10,"Oddly Smooth Stone":10,"Pandora\u0027s Box":9,"Fusion Hammer":18,"Letter Opener":8,"Kunai":12,"PureWater":0,"Toxic Egg 2":5,"Smiling Mask":4,"MawBank":13},{"Peace Pipe":58,"SlaversCollar":0,"Nilry\u0027s Codex":40,"Oddly Smooth Stone":40,"Pandora\u0027s Box":37,"Fusion Hammer":75,"Letter Opener":28,"Kunai":49,"PureWater":0,"Toxic Egg 2":17,"Smiling Mask":13,"MawBank":54}]},"card_choices":[{"not_picked":["SashWhip","Study"],"picked":"Vengeance","floor":1},{"not_picked":["DeceiveReality","SandsOfTime"],"picked":"Wallop","floor":4},{"not_picked":["Nirvana","Prostrate"],"picked":"Tantrum","floor":5},{"not_picked":["Worship","Wireheading","Crescendo"],"picked":"SKIP","floor":6},{"not_picked":["ClearTheMind","Perseverance"],"picked":"FlurryOfBlows","floor":8},{"not_picked":["SashWhip","SandsOfTime"],"picked":"Prostrate+1","floor":11},{"not_picked":["SignatureMove","FlurryOfBlows","Blasphemy+1"],"picked":"SKIP","floor":12},{"not_picked":["WindmillStrike","Consecrate"],"picked":"BowlingBash","floor":13},{"not_picked":["CarveReality","Protect+1"],"picked":"Indignation+1","floor":18},{"not_picked":["LikeWater","FlyingSleeves+1","EmptyMind+1"],"picked":"SKIP","floor":22},{"not_picked":["WreathOfFlame+1","PathToVictory+1"],"picked":"Prostrate+1","floor":24},{"not_picked":["SashWhip","WindmillStrike"],"picked":"Protect+1","floor":25},{"not_picked":["Alpha+1","Sanctity+1"],"picked":"Worship+1","floor":27},{"not_picked":["Consecrate","Indignation+1"],"picked":"BowlingBash+1","floor":28},{"not_picked":["SignatureMove","CutThroughFate+1"],"picked":"EmptyFist","floor":29},{"not_picked":["Evaluate+1","Collect+1"],"picked":"Prostrate+1","floor":30},{"not_picked":["DevaForm","Brilliance"],"picked":"Vault+1","floor":33},{"not_picked":["Perseverance+1","EmptyBody+1","FollowUp"],"picked":"SKIP","floor":35},{"not_picked":["Fasting2+1","Conclude+1","FlyingSleeves+1"],"picked":"SKIP","floor":38},{"not_picked":["Swivel+1","Collect+1","FlyingSleeves+1"],"picked":"SKIP","floor":39}],"player_experience":350839,"relics_obtained":[{"floor":6,"key":"Smiling Mask"},{"floor":9,"key":"Toxic Egg 2"},{"floor":13,"key":"Letter Opener"},{"floor":19,"key":"Oddly Smooth Stone"},{"floor":21,"key":"Nilry\u0027s Codex"},{"floor":24,"key":"Kunai"},{"floor":26,"key":"MawBank"},{"floor":27,"key":"Peace Pipe"}],"event_choices":[{"cards_removed":["Defend_P"],"damage_healed":0,"gold_gain":0,"player_choice":"Card Removal","damage_taken":7,"max_hp_gain":0,"max_hp_loss":0,"event_name":"Golden Wing","floor":2,"gold_loss":0},{"damage_healed":0,"gold_gain":0,"player_choice":"Entered Light","damage_taken":14,"max_hp_gain":0,"max_hp_loss":0,"event_name":"Shining Light","floor":3,"gold_loss":0,"cards_upgraded":["Strike_P","Defend_P"]},{"damage_healed":18,"gold_gain":0,"player_choice":"Healed","damage_taken":0,"max_hp_gain":0,"max_hp_loss":0,"event_name":"The Cleric","floor":10,"gold_loss":35},{"damage_healed":0,"gold_gain":0,"cards_transformed":["Strike_P"],"player_choice":"Transformed","damage_taken":0,"max_hp_gain":0,"max_hp_loss":0,"event_name":"Transmorgrifier","floor":14,"gold_loss":0,"cards_obtained":["JustLucky"]},{"cards_removed":["JustLucky"],"damage_healed":0,"gold_gain":0,"player_choice":"Elegance","damage_taken":0,"max_hp_gain":0,"max_hp_loss":0,"event_name":"Back to Basics","floor":20,"gold_loss":0},{"damage_healed":0,"gold_gain":0,"player_choice":"Obtained Book","damage_taken":16,"max_hp_gain":0,"max_hp_loss":0,"event_name":"Cursed Tome","floor":21,"gold_loss":0},{"damage_healed":24,"gold_gain":0,"player_choice":"Heal","damage_taken":0,"max_hp_gain":0,"max_hp_loss":0,"event_name":"The Library","floor":31,"gold_loss":0},{"damage_healed":0,"gold_gain":0,"player_choice":"Ignored","damage_taken":0,"max_hp_gain":0,"max_hp_loss":0,"event_name":"Tomb of Lord Red Mask","floor":36,"gold_loss":0},{"damage_healed":0,"gold_gain":100,"player_choice":"Pray","damage_taken":0,"max_hp_gain":0,"max_hp_loss":0,"event_name":"Golden Shrine","floor":37,"gold_loss":0}],"is_beta":false,"boss_relics":[{"not_picked":["Calling Bell","VioletLotus"],"picked":"Pandora\u0027s Box"},{"not_picked":["Velvet Choker","Tiny House"],"picked":"Fusion Hammer"}],"items_purged_floors":[],"is_endless":false,"potions_floor_spawned":[4,5,11,16,22,24,25,27,33,39],"killed_by":"Nemesis","ascension_level":0}}