{"host":"oi6p1guiqfwwvxym","time":1612218961,"event":{"mods":["BaseMod","Bestiary","Colored Map","Minty Spire (QoL Compilation)","Relic Stats"],"gold_per_floor":[116,134,146,165,165,204,204,243,243,267,267,283,317,366,366,462,462,482,495,0,24,42,78,78,78,78,78,90,102,102,127,127,206,206,222,222,2,81,101,101,128,140,198,224,0,12,34,75,87,99,111],"floor_reached":52,"language":"ENG","playtime":3369,"items_purged":["Strike_R"],"score":2119,"play_id":"b4108e65-42b2-49de-a097-b2d8210ea16f","local_time":"20210201143601","is_ascension_mode":true,"campfire_choices":[{"data":"Immolate","floor":7,"key":"SMITH"},{"data":"Feel No Pain","floor":11,"key":"SMITH"},{"floor":15,"key":"REST"},{"data":"Feel No Pain","floor":32,"key":"SMITH"},{"data":"Battle Trance","floor":40,"key":"SMITH"},{"data":"Dark Embrace","floor":42,"key":"SMITH"},{"data":"Second Wind","floor":46,"key":"SMITH"},{"data":"Burning Pact","floor":49,"key":"SMITH"}],"circlet_count":0,"master_deck":["AscendersBane","Defend_R","Defend_R","Defend_R","Bash","Feel No Pain+1","Whirlwind","Shrug It Off","Thunderclap","Inflame","Burning Pact+1","Power Through","Immolate+1","Bloodletting","Pommel Strike+1","Dark Embrace+1","Blood for Blood+1","Impervious","Spot Weakness","Intimidate","Feed+1","Intimidate+1","Feed+1","Second Wind+1","Seeing Red+1","Battle Trance+1","Clash+1","Entrench","Feel No Pain+1","Corruption+1","Feel No Pain+1","Infernal Blade+1","Thunderclap+1","Armaments+1","Sentinel","Dropkick+1","Shrug It Off"],"relics":["Burning Blood","Prayer Wheel","Bloody Idol","Centennial Puzzle","Molten Egg 2","Pear","Anchor","Toy Ornithopter","Coffee Dripper","Orichalcum","Blood Vial","Mango","Mercury Hourglass","Astrolabe","Frozen Eye","Meat on the Bone","MawBank","Lantern","Red Mask","Blue Candle"],"acts_visited":["Exordium","TheCity","TheBeyond"],"potions_floor_usage":[4,13,20,21,23,31,33,33,50,50],"damage_taken":[{"damage":6,"enemies":"Cultist","floor":1,"turns":3},{"damage":7,"enemies":"Small Slimes","floor":2,"turns":3},{"damage":6,"enemies":"Jaw Worm","floor":3,"turns":4},{"damage":10,"enemies":"Lots of Slimes","floor":4,"turns":2},{"damage":27,"enemies":"3 Sentries","floor":6,"turns":8},{"damage":23,"enemies":"Lagavulin","floor":8,"turns":6},{"damage":0,"enemies":"2 Fungi Beasts","floor":10,"turns":1},{"damage":14,"enemies":"Large Slime","floor":12,"turns":5},{"damage":22,"enemies":"3 Sentries","floor":13,"turns":3},{"damage":3,"enemies":"Slime Boss","floor":16,"turns":5},{"damage":29,"enemies":"Shell Parasite","floor":18,"turns":7},{"damage":14,"enemies":"2 Thieves","floor":19,"turns":3},{"damage":17,"enemies":"Shelled Parasite and Fungi","floor":21,"turns":2},{"damage":26,"enemies":"Snecko","floor":22,"turns":6},{"damage":15,"enemies":"Gremlin Leader","floor":23,"turns":4},{"damage":5,"enemies":"Centurion and Healer","floor":28,"turns":9},{"damage":9,"enemies":"Snake Plant","floor":29,"turns":2},{"damage":7,"enemies":"Slavers","floor":31,"turns":4},{"damage":30,"enemies":"Collector","floor":33,"turns":7},{"damage":15,"enemies":"3 Darklings","floor":35,"turns":3},{"damage":0,"enemies":"3 Shapes","floor":39,"turns":2},{"damage":26,"enemies":"Reptomancer","floor":41,"turns":7},{"damage":16,"enemies":"Spire Growth","floor":44,"turns":6},{"damage":0,"enemies":"Sphere and 2 Shapes","floor":47,"turns":4},{"damage":0,"enemies":"Nemesis","floor":48,"turns":7},{"damage":39,"enemies":"Donu and Deca","floor":50,"turns":7},{"damage":28,"enemies":"Awakened One","floor":51,"turns":11}],"seed_played":"-6853187370757372891","potions_obtained":[{"floor":2,"key":"Ancient Potion"},{"floor":3,"key":"Swift Potion"},{"floor":6,"key":"ElixirPotion"},{"floor":13,"key":"Dexterity Potion"},{"floor":22,"key":"EssenceOfSteel"},{"floor":23,"key":"Dexterity Potion"},{"floor":31,"key":"AttackPotion"},{"floor":33,"key":"Dexterity Potion"},{"floor":47,"key":"Strength Potion"}],"is_trial":false,"path_per_floor":["M","M","M","M","?","E","R","E","T","M","R","M","E","T","R","B",null,"M","M","$","M","M","E","?","?","T","$","M","M","?","E","R","B",null,"M","?","$","T","M","R","E","R","T","M","?","R","M","E","R","B","B",null],"character_chosen":"IRONCLAD","items_purchased":["Feed+1","BloodPotion","Orichalcum","Dexterity Potion","Frozen Eye","PowerPotion"],"campfire_rested":1,"item_purchase_floors":[20,20,20,20,37,37],"current_hp_per_floor":[68,67,67,63,62,41,41,24,34,40,40,32,16,16,37,40,64,41,33,52,50,30,26,26,26,40,40,56,64,64,79,79,72,98,96,96,96,101,106,106,95,100,110,109,114,114,118,118,118,85,70],"gold":123,"neow_bonus":"ONE_RARE_RELIC","is_daily":false,"chose_seed":false,"campfire_upgraded":7,"win_rate":0.0,"timestamp":1612218961,"path_taken":["M","M","?","M","?","E","R","E","T","M","R","M","E","?","R","BOSS","M","M","?","M","M","E","?","?","T","?","?","?","?","E","R","BOSS","M","?","$","?","M","R","E","R","T","M","?","R","?","E","R","BOSS","BOSS"],"items_purchased_type":["Card","Potion","Relic","Potion","Relic","Potion"],"build_version":"2020-12-22","purchased_purges":1,"victory":true,"max_hp_per_floor":[68,68,68,68,62,62,62,62,72,72,72,72,72,72,72,72,72,72,72,72,76,76,76,76,76,90,90,98,102,102,106,106,106,106,106,106,106,106,106,106,110,110,110,114,114,114,118,118,118,118,118],"relic_stats":{"counters":[27,131],"Astrolabe":["Feel No Pain","Infernal Blade","Thunderclap"],"Blue Candle":[0],"Orichalcum":[78],"MawBank":132,"Burning Blood":147,"Mercury Hourglass":[225],"Blood Vial":14,"Centennial Puzzle":[51],"Bloody Idol":70,"Prayer Wheel":16,"obtain_stats":[{"Lantern":43,"Pear":9,"Golden Idol":5,"Astrolabe":34,"Blue Candle":48,"Mango":26,"Orichalcum":20,"MawBank":41,"Burning Blood":0,"Mercury Hourglass":31,"Blood Vial":23,"Frozen Eye":37,"Centennial Puzzle":6,"Anchor":13,"Bloody Idol":25,"Prayer Wheel":0,"Molten Egg 2":8,"Coffee Dripper":17,"Red Mask":45,"Toy Ornithopter":14,"Meat on the Bone":38},{"Lantern":22,"Pear":6,"Golden Idol":4,"Astrolabe":19,"Blue Candle":25,"Mango":15,"Orichalcum":12,"MawBank":22,"Burning Blood":0,"Mercury Hourglass":18,"Blood Vial":15,"Frozen Eye":20,"Centennial Puzzle":5,"Anchor":9,"Bloody Idol":15,"Prayer Wheel":0,"Molten Egg 2":6,"Coffee Dripper":10,"Red Mask":23,"Toy Ornithopter":9,"Meat on the Bone":20},{"Lantern":96,"Pear":26,"Golden Idol":12,"Astrolabe":84,"Blue Candle":113,"Mango":62,"Orichalcum":50,"MawBank":96,"Burning Blood":0,"Mercury Hourglass":77,"Blood Vial":62,"Frozen Eye":87,"Centennial Puzzle":20,"Anchor":35,"Bloody Idol":62,"Prayer Wheel":0,"Molten Egg 2":26,"Coffee Dripper":40,"Red Mask":102,"Toy Ornithopter":35,"Meat on the Bone":87}],"Toy Ornithopter":30,"Meat on the Bone":0},"card_choices":[{"not_picked":["Warcry","Iron Wave"],"picked":"Feel No Pain","floor":1},{"not_picked":["Pommel Strike","Flex"],"picked":"Whirlwind","floor":1},{"not_picked":["Entrench","Infernal Blade"],"picked":"Shrug It Off","floor":2},{"not_picked":["Twin Strike","Sever Soul"],"picked":"Thunderclap","floor":2},{"not_picked":["Uppercut","Cleave"],"picked":"Inflame","floor":3},{"not_picked":["Havoc","Thunderclap","Perfected Strike"],"picked":"SKIP","floor":3},{"not_picked":["Entrench","Twin Strike"],"picked":"Burning Pact","floor":4},{"not_picked":["Anger","Heavy Blade"],"picked":"Power Through","floor":4},{"not_picked":["Carnage","Fire Breathing"],"picked":"Immolate","floor":6},{"not_picked":["Iron Wave+1","Fire Breathing"],"picked":"Bloodletting","floor":8},{"not_picked":["Sword Boomerang+1","Havoc"],"picked":"Pommel Strike+1","floor":10},{"not_picked":["Whirlwind+1","Havoc"],"picked":"Dark Embrace","floor":10},{"not_picked":["Pommel Strike+1","Sever Soul+1","Flex"],"picked":"SKIP","floor":12},{"not_picked":["Havoc","Headbutt+1","Wild Strike+1"],"picked":"SKIP","floor":12},{"not_picked":["Rupture","Whirlwind+1"],"picked":"Blood for Blood+1","floor":13},{"not_picked":["Exhume","Brutality"],"picked":"Impervious","floor":16},{"not_picked":["Body Slam+1","Combust"],"picked":"Spot Weakness","floor":18},{"not_picked":["Whirlwind+1","Havoc","Pommel Strike+1"],"picked":"SKIP","floor":18},{"not_picked":["Havoc","Inflame"],"picked":"Intimidate","floor":19},{"not_picked":["Havoc","Body Slam+1","Anger+1"],"picked":"SKIP","floor":19},{"not_picked":["Flex","Warcry"],"picked":"Intimidate+1","floor":21},{"not_picked":["Headbutt+1","Warcry","Rampage+1"],"picked":"SKIP","floor":21},{"not_picked":["Cleave+1","Body Slam+1","Sword Boomerang+1"],"picked":"SKIP","floor":22},{"not_picked":["Combust","Armaments","Rampage+1"],"picked":"SKIP","floor":22},{"not_picked":["Warcry","Dual Wield"],"picked":"Feed+1","floor":23},{"not_picked":["Sentinel","Headbutt+1"],"picked":"Second Wind","floor":28},{"not_picked":["Clothesline+1","Havoc"],"picked":"Seeing Red+1","floor":28},{"not_picked":["Havoc","Flex"],"picked":"Battle Trance","floor":29},{"not_picked":["Warcry+1","Carnage+1","Evolve"],"picked":"SKIP","floor":29},{"not_picked":["Havoc","Second Wind"],"picked":"Feel No Pain","floor":31},{"not_picked":["Reaper+1","Fiend Fire+1"],"picked":"Corruption","floor":33},{"not_picked":["Power Through","True Grit"],"picked":"Armaments+1","floor":35},{"not_picked":["Clothesline+1","Havoc","Blood for Blood+1"],"picked":"SKIP","floor":35},{"not_picked":["Warcry","Wild Strike+1","Headbutt+1"],"picked":"SKIP","floor":39},{"not_picked":["Second Wind","Wild Strike+1","Perfected Strike+1"],"picked":"SKIP","floor":39},{"not_picked":["Perfected Strike+1","Immolate+1","Sword Boomerang+1"],"picked":"SKIP","floor":41},{"not_picked":["Armaments","Heavy Blade+1"],"picked":"Sentinel","floor":44},{"not_picked":["Wild Strike+1","Thunderclap+1","Anger+1"],"picked":"SKIP","floor":44},{"not_picked":["Dark Embrace","Infernal Blade+1"],"picked":"Dropkick+1","floor":47},{"not_picked":["Clash+1","Wild Strike+1"],"picked":"Shrug It Off","floor":47},{"not_picked":["Reckless Charge+1","Armaments","Headbutt+1"],"picked":"SKIP","floor":48}],"player_experience":416737,"relics_obtained":[{"floor":6,"key":"Centennial Puzzle"},{"floor":8,"key":"Molten Egg 2"},{"floor":9,"key":"Pear"},{"floor":13,"key":"Anchor"},{"floor":14,"key":"Toy Ornithopter"},{"floor":23,"key":"Blood Vial"},{"floor":26,"key":"Mango"},{"floor":31,"key":"Mercury Hourglass"},{"floor":38,"key":"Meat on the Bone"},{"floor":41,"key":"MawBank"},{"floor":43,"key":"Lantern"},{"floor":48,"key":"Blue Candle"}],"event_choices":[{"damage_healed":0,"gold_gain":0,"player_choice":"Lose Max HP","damage_taken":0,"relics_obtained":["Golden Idol"],"max_hp_gain":0,"max_hp_loss":6,"event_name":"Golden Idol","floor":5,"gold_loss":0},{"damage_healed":0,"gold_gain":0,"player_choice":"Gave Idol","damage_taken":0,"relics_obtained":["Bloody Idol"],"max_hp_gain":0,"max_hp_loss":0,"event_name":"Forgotten Altar","floor":25,"relics_lost":["Golden Idol"],"gold_loss":0},{"damage_healed":0,"gold_gain":0,"cards_transformed":["Strike_R","Strike_R"],"player_choice":"Became Test Subject","damage_taken":0,"max_hp_gain":0,"max_hp_loss":0,"event_name":"Drug Dealer","floor":30,"gold_loss":0,"cards_obtained":["Clash","Entrench"]},{"damage_healed":0,"gold_gain":0,"player_choice":"Upgraded","damage_taken":0,"max_hp_gain":0,"max_hp_loss":0,"event_name":"Upgrade Shrine","floor":36,"gold_loss":0,"cards_upgraded":["Corruption"]},{"damage_healed":0,"gold_gain":0,"player_choice":"Paid","damage_taken":0,"relics_obtained":["Red Mask"],"max_hp_gain":0,"max_hp_loss":0,"event_name":"Tomb of Lord Red Mask","floor":45,"gold_loss":236}],"is_beta":false,"boss_relics":[{"not_picked":["Tiny House","Runic Pyramid"],"picked":"Coffee Dripper"},{"not_picked":["Calling Bell","Fusion Hammer"],"picked":"Astrolabe"}],"items_purged_floors":[20],"is_endless":false,"potions_floor_spawned":[2,3,6,13,22,23,28,31,33,41,44,47],"ascension_level":20}}