{"host":"87mnajev72vv2sjg","time":1612139204,"event":{"mods":["BaseMod","BetterRewards","Colored Map","Curses Come First","Infinite Spire","Minty Spire (QoL Compilation)","Shop Mod","StSLib","SuperFastMode","The Gatherer"],"gold_per_floor":[117,63,80,34,34,67,98,110,145,185,215,245,257,283,295,406,418,447,471,496,522,550,562,603,627,639,651,663,663,663],"floor_reached":28,"language":"ENG","playtime":1207,"items_purged":[],"score":398,"play_id":"a1ef9879-bf4e-469b-a56b-4af256851c72","local_time":"20210131192644","is_ascension_mode":true,"metric_token":657,"campfire_choices":[{"data":"Gatherer:FlowerBeam+1","floor":8,"key":"SMITH"},{"floor":15,"key":"REST"},{"floor":23,"key":"REST"}],"circlet_count":0,"master_deck":["Gatherer:Strike_Gatherer","Gatherer:Strike_Gatherer","Gatherer:Strike_Gatherer","Gatherer:Strike_Gatherer","Gatherer:Strike_Gatherer","Gatherer:Defend_Gatherer","Gatherer:Defend_Gatherer","Gatherer:Defend_Gatherer","Gatherer:Defend_Gatherer","Gatherer:Defend_Gatherer","Gatherer:Centralize","Gatherer:FlowerWhip+1","Gatherer:Snatch","Gatherer:Nutrients","Gatherer:BalancedGrowth","Gatherer:FlowerBeam+2","Gatherer:QuickSynthesis","Gatherer:QuickSynthesis","Gatherer:UpgradeBag","Gatherer:FlowerFalling","Gatherer:FlowerFalling","Gatherer:SealedBomb+1","Gatherer:LuckyClover","Gatherer:DrugPower+1","Gatherer:Snatch+1","Gatherer:Snatch+1","Gatherer:Misfortune+1","Gatherer:SaveValuables+1","Gatherer:Liquidism"],"relics":["Gatherer:AlchemyBag","MawBank","Anchor","Omamori","Molten Egg 2","Fusion Hammer","infinitespire:Golems Mask","Eternal Feather"],"acts_visited":["Exordium","TheCity"],"potions_floor_usage":[11,14,16,19,20,21,22],"damage_taken":[{"damage":0,"enemies":"Small Slimes","floor":1,"turns":3},{"damage":0,"enemies":"Cultist","floor":3,"turns":3},{"damage":15,"enemies":"Gremlin Nob","floor":6,"turns":4},{"damage":0,"enemies":"2 Louse","floor":7,"turns":2},{"damage":18,"enemies":"Lagavulin","floor":10,"turns":7},{"damage":28,"enemies":"Gremlin Gang","floor":11,"turns":3},{"damage":1,"enemies":"Exordium Wildlife","floor":12,"turns":4},{"damage":0,"enemies":"Looter","floor":14,"turns":3},{"damage":39,"enemies":"Slime Boss","floor":16,"turns":11},{"damage":0,"enemies":"Chosen","floor":18,"turns":4},{"damage":19,"enemies":"Spheric Guardian","floor":19,"turns":5},{"damage":17,"enemies":"Centurion and Healer","floor":20,"turns":4},{"damage":12,"enemies":"Snake Plant","floor":21,"turns":4},{"damage":17,"enemies":"Sentry and Sphere","floor":22,"turns":7},{"damage":0,"enemies":"Gremlin Leader","floor":24,"turns":3},{"damage":22,"enemies":"Centurion and Healer","floor":25,"turns":5},{"damage":7,"enemies":"Snake Plant","floor":28,"turns":3}],"seed_played":"-3807621604890489650","potions_obtained":[{"floor":6,"key":"PowerPotion"},{"floor":10,"key":"FearPotion"},{"floor":11,"key":"BlessingOfTheForge"},{"floor":12,"key":"FairyPotion"},{"floor":14,"key":"SteroidPotion"},{"floor":18,"key":"Strength Potion"},{"floor":19,"key":"LiquidBronze"},{"floor":20,"key":"infinitespire:BlackPotion"}],"is_trial":false,"path_per_floor":["M","$","M","$","?","E","M","R","T","E","M","M","T","M","R","B",null,"M","M","M","M","M","R","E","M","T","?","M"],"character_chosen":"THE_GATHERER","items_purchased":["Gatherer:Snatch","Gatherer:Nutrients","Gatherer:BalancedGrowth","Gatherer:QuickSynthesis","Gatherer:QuickSynthesis"],"campfire_rested":2,"item_purchase_floors":[0,0,0,2,4],"current_hp_per_floor":[67,67,67,67,67,52,52,52,52,34,6,5,5,5,26,11,72,72,53,36,24,7,28,28,6,6,6,0,0,0],"gold":663,"neow_bonus":"","is_daily":false,"chose_seed":false,"campfire_upgraded":1,"win_rate":0.0,"timestamp":1612139204,"path_taken":["M","$","M","$","?","E","M","R","T","E","M","?","?","M","R","BOSS","M","M","M","M","M","R","E","?","T","?","M"],"items_purchased_type":["Card","Card","Card","Card","Card"],"build_version":"2020-12-22","purchased_purges":0,"victory":false,"max_hp_per_floor":[72,72,72,72,72,72,72,72,72,72,72,72,72,72,72,72,72,72,72,72,72,72,72,72,72,72,72,72,72,72],"card_choices":[{"not_picked":["Gatherer:FlowerShield","Gatherer:OddSpoils"],"picked":"Gatherer:FlowerBeam","floor":1},{"not_picked":["Gatherer:ScherryThrow","Gatherer:DrugPower","Gatherer:OddSpoils"],"picked":"SKIP","floor":3},{"not_picked":["Gatherer:WoolGloves","Gatherer:Overflowing"],"picked":"Gatherer:UpgradeBag","floor":6},{"not_picked":["Gatherer:GatherMaterial","Gatherer:Frenzy"],"picked":"Gatherer:FlowerFalling","floor":7},{"not_picked":["Gatherer:CollectorsShot","Gatherer:FragileHammer"],"picked":"Gatherer:FlowerFalling","floor":10},{"not_picked":["Gatherer:GatherMaterial","Gatherer:Frenzy","Gatherer:EchoOfNature"],"picked":"SKIP","floor":11},{"not_picked":["Gatherer:GatherMaterial","Gatherer:Transmute","Gatherer:CollectorsShot"],"picked":"SKIP","floor":12},{"not_picked":["Gatherer:GatherMaterial","Gatherer:Uplift"],"picked":"Gatherer:SealedBomb+1","floor":14},{"not_picked":["Gatherer:PoisonMastery","Gatherer:Bulldoze+1"],"picked":"Gatherer:LuckyClover","floor":16},{"not_picked":["Gatherer:GatherMaterial","Gatherer:SmartManeuver"],"picked":"Gatherer:DrugPower+1","floor":18},{"not_picked":["Gatherer:TreeGrowth","Gatherer:GatherMaterial","Gatherer:FeelingFine"],"picked":"SKIP","floor":19},{"not_picked":["Gatherer:FeelingFine","Gatherer:GatherMaterial"],"picked":"Gatherer:Snatch+1","floor":20},{"not_picked":["Gatherer:CarefulStrike+1","Gatherer:ScentOfRosmari+1"],"picked":"Gatherer:Snatch+1","floor":21},{"not_picked":["Gatherer:ScherryThrow+1","Gatherer:DrugPower+1"],"picked":"Gatherer:Misfortune+1","floor":22},{"not_picked":["Gatherer:EnergyBasket","Gatherer:CarefulStrike+1"],"picked":"Gatherer:SaveValuables+1","floor":24},{"not_picked":["Gatherer:TacticalStrike+1","Gatherer:ScherryThrow+1"],"picked":"Gatherer:Liquidism","floor":25}],"player_experience":333020,"relics_obtained":[{"floor":6,"key":"MawBank"},{"floor":9,"key":"Anchor"},{"floor":10,"key":"Omamori"},{"floor":13,"key":"Molten Egg 2"},{"floor":24,"key":"infinitespire:Golems Mask"},{"floor":26,"key":"Eternal Feather"}],"event_choices":[{"damage_healed":0,"gold_gain":0,"player_choice":"Forge","damage_taken":0,"max_hp_gain":0,"max_hp_loss":0,"event_name":"Accursed Blacksmith","floor":5,"gold_loss":0,"cards_upgraded":["Gatherer:FlowerBeam"]},{"damage_healed":0,"gold_gain":0,"player_choice":"Ignored","damage_taken":0,"max_hp_gain":0,"max_hp_loss":0,"event_name":"Cursed Tome","floor":27,"gold_loss":0}],"is_beta":false,"boss_relics":[{"not_picked":["Black Star","Snecko Eye"],"picked":"Fusion Hammer"}],"items_purged_floors":[],"is_endless":false,"potions_floor_spawned":[6,10,11,12,14,18,19,20],"killed_by":"Snake Plant","ascension_level":1}}