{"host":"5jyeqch4fosnsiz2","time":1612206138,"event":{"mods":["BaseMod","Bestiary","Colored Map","Colored Powertips","Filter the Spire","Minty Spire (QoL Compilation)","Relic Stats","StSLib","Waifu the Spire","ojb\u0027s Better Paths Mod","ojb\u0027s Info Mod"],"gold_per_floor":[113,131,131,142,161,193,224,236,248,285,297,328,358,380,392,404,404],"floor_reached":16,"language":"ENG","playtime":584,"items_purged":[],"score":116,"play_id":"dbb7a8a6-0a4b-4593-9e5a-b73c470b6ed4","local_time":"20210201140218","is_ascension_mode":false,"campfire_choices":[{"data":"Poisoned Stab","floor":8,"key":"SMITH"},{"data":"1","floor":11,"key":"LIFT"},{"floor":15,"key":"REST"}],"circlet_count":0,"master_deck":["Strike_G","Strike_G","Strike_G","Strike_G","Strike_G","Defend_G","Defend_G","Defend_G","Defend_G","Defend_G","Survivor","Neutralize+1","Dagger Throw","Cloak And Dagger","PiercingWail","Slice","Caltrops","Poisoned Stab+1","Burst","Acrobatics","Poisoned Stab"],"relics":["Ring of the Snake","CaptainsWheel","MawBank","Girya","Du-Vu Doll"],"acts_visited":["Exordium"],"potions_floor_usage":[6,10,10,12],"damage_taken":[{"damage":2,"enemies":"Small Slimes","floor":1,"turns":4},{"damage":0,"enemies":"Cultist","floor":2,"turns":3},{"damage":0,"enemies":"2 Louse","floor":4,"turns":2},{"damage":4,"enemies":"Looter","floor":5,"turns":4},{"damage":24,"enemies":"Lagavulin","floor":6,"turns":7},{"damage":1,"enemies":"Blue Slaver","floor":7,"turns":3},{"damage":7,"enemies":"Gremlin Nob","floor":10,"turns":3},{"damage":0,"enemies":"Large Slime","floor":12,"turns":6},{"damage":1,"enemies":"Red Slaver","floor":13,"turns":3},{"damage":3,"enemies":"2 Fungi Beasts","floor":14,"turns":3},{"damage":34,"enemies":"Slime Boss","floor":16,"turns":9}],"seed_played":"7573123434587992339","potions_obtained":[{"floor":2,"key":"Swift Potion"},{"floor":4,"key":"PowerPotion"},{"floor":6,"key":"LiquidMemories"},{"floor":7,"key":"Strength Potion"}],"is_trial":false,"path_per_floor":["M","M","?","M","M","E","M","R","T","E","R","M","M","M","R","B"],"character_chosen":"THE_SILENT","items_purchased":[],"campfire_rested":1,"item_purchase_floors":[],"current_hp_per_floor":[47,47,47,47,43,19,18,18,18,11,11,11,10,7,28,0,0],"gold":404,"neow_bonus":"ONE_RARE_RELIC","is_daily":false,"chose_seed":false,"campfire_upgraded":1,"win_rate":0.0,"timestamp":1612206138,"path_taken":["M","M","?","M","M","E","M","R","T","E","R","M","M","?","R","BOSS"],"items_purchased_type":[],"build_version":"2020-12-22","purchased_purges":0,"victory":false,"max_hp_per_floor":[70,70,70,70,70,70,70,70,70,70,70,70,70,70,70,70,70],"relic_stats":{"counters":[11,47],"MawBank":120,"obtain_stats":[{"Du-Vu Doll":10,"Girya":9,"CaptainsWheel":0,"MawBank":6,"Ring of the Snake":0},{"Du-Vu Doll":7,"Girya":6,"CaptainsWheel":0,"MawBank":5,"Ring of the Snake":0},{"Du-Vu Doll":26,"Girya":23,"CaptainsWheel":0,"MawBank":20,"Ring of the Snake":0}],"Ring of the Snake":[22]},"card_choices":[{"not_picked":["Dodge and Roll","Reflex"],"picked":"Dagger Throw","floor":1},{"not_picked":["Bane","Riddle With Holes"],"picked":"Cloak And Dagger","floor":2},{"not_picked":["Deflect","Dagger Throw"],"picked":"PiercingWail","floor":4},{"not_picked":["Cloak And Dagger","Bane"],"picked":"Slice","floor":5},{"not_picked":["Dodge and Roll","Skewer"],"picked":"Caltrops","floor":6},{"not_picked":["PiercingWail","Dagger Spray"],"picked":"Poisoned Stab","floor":7},{"not_picked":["Deadly Poison","Slice"],"picked":"Burst","floor":10},{"not_picked":["PiercingWail","Deflect"],"picked":"Acrobatics","floor":12},{"not_picked":["Acrobatics","Dagger Throw","Caltrops"],"picked":"SKIP","floor":13},{"not_picked":["Choke","Slice"],"picked":"Poisoned Stab","floor":14}],"player_experience":371795,"relics_obtained":[{"floor":6,"key":"MawBank"},{"floor":9,"key":"Girya"},{"floor":10,"key":"Du-Vu Doll"}],"event_choices":[{"damage_healed":0,"gold_gain":0,"player_choice":"Upgraded","damage_taken":0,"max_hp_gain":0,"max_hp_loss":0,"event_name":"Upgrade Shrine","floor":3,"gold_loss":0,"cards_upgraded":["Neutralize"]}],"is_beta":false,"boss_relics":[],"items_purged_floors":[],"is_endless":false,"potions_floor_spawned":[2,4,6,7],"killed_by":"Slime Boss","ascension_level":0}}