{"host":"7z347kdhnquy3q4q","time":1612164663,"event":{"mods":["Act Like it!","Aspiration","BaseMod","Downfall","Hubris","Minty Spire (QoL Compilation)","MostiFishMod","Pale of the Ancients","Permanent Neow","Potionbrewer","Replay The Spire","Robot Space Explorer","StSLib","The Marked","Wandering Minibosses"],"gold_per_floor":[117,144,-1392,-1392,-1376,-1376,-1350,-1350,-1350,-1350,-1350,-1335,-1300,-1284,-1215,-1118,-1118,15,28,47,47,57,86,86,86,86,86,157,169,182,107,207,222,222,318,318,332,346,444,544,555,565,565,38,115,129,129,141,161,176,176,176],"floor_reached":53,"language":"ENG","playtime":2582,"items_purged":["Injury","ReplayTheSpireMod:Splinters"],"score":1306,"play_id":"889055c2-e115-4001-83c8-ad2c9c617f28","local_time":"20210201013103","is_ascension_mode":true,"campfire_choices":[{"data":"theMarked:Snap","floor":6,"key":"SMITH"},{"floor":8,"key":"REST"},{"data":"theMarked:OneWithTheBlade","floor":10,"key":"SMITH"},{"floor":24,"key":"REST"},{"data":"theMarked:Electrocute","floor":27,"key":"SMITH"},{"data":"theMarked:TakeOffHeels","floor":34,"key":"SMITH"},{"floor":43,"key":"REST"},{"data":"theMarked:Indomitable","floor":51,"key":"SMITH"}],"circlet_count":0,"master_deck":["theMarked:Strike","theMarked:Strike","theMarked:Strike","theMarked:Strike","theMarked:Defend","theMarked:Defend","theMarked:Defend","theMarked:Defend","theMarked:SoldierOfQuellstein","theMarked:Snap+1","theMarked:ChainLightning","theMarked:MagusForm","theMarked:OneWithTheBlade+1","theMarked:ComboAttacks+1","theMarked:Levitate","theMarked:Electrocute+1","theMarked:AttractMetal","theMarked:Snap","theMarked:Electrify+1","theMarked:MuscleMemory+1","theMarked:Levitate+1","theMarked:Polarize","theMarked:Pokerface+1","theMarked:RogueSparks+1","theMarked:TakeOffHeels+1","theMarked:Aftermath","theMarked:DispelDoubt","theMarked:Improvise+1","theMarked:Electrocute+1","theMarked:FavorableWinds+1","theMarked:Static+1","theMarked:Seal","theMarked:GodGivenPower+1","theMarked:Snap","Parasite","theMarked:Indomitable+1"],"relics":["theMarked:ArtifactOfAir","DaveBox","White Beast Statue","SynthV:TestCard","hubris:ToyBattleship","SynthV:MejaisSoulstealer","Frozen Egg 2","theMarked:NailFile","Incense Burner","potionbrewer:Torch","Runic Dome","Eternal Feather","potionbrewer:RamsHorn","ThornShield","Ornamental Fan","ChiXiaoBlade","potionbrewer:ToyAutogyro","War Paint","Slimebound:PreparedRelic"],"acts_visited":["Exordium","TheCity","TheBeyond"],"potions_floor_usage":[7,14,16,16,16,18,19,20,22,23,29,30,32,33,35,37,38,41,42,42,46,48,49,50,52],"damage_taken":[{"damage":0,"enemies":"Cultist","floor":1,"turns":2},{"damage":4,"enemies":"Jaw Worm","floor":5,"turns":3},{"damage":10,"enemies":"3 Sentries","floor":7,"turns":5},{"damage":0,"enemies":"Small Slimes","floor":12,"turns":2},{"damage":0,"enemies":"Lagavulin","floor":13,"turns":3},{"damage":0,"enemies":"Gremlin Gang","floor":14,"turns":2},{"damage":18,"enemies":"Hexaghost","floor":16,"turns":3},{"damage":12,"enemies":"2 Thieves","floor":18,"turns":3},{"damage":7,"enemies":"Shell Parasite","floor":19,"turns":2},{"damage":9,"enemies":"Centurion and Healer","floor":20,"turns":2},{"damage":6,"enemies":"Snake Plant","floor":22,"turns":3},{"damage":18,"enemies":"Gremlin Leader","floor":23,"turns":4},{"damage":0,"enemies":"Snecko","floor":29,"turns":3},{"damage":4,"enemies":"Shelled Parasite and Fungi","floor":30,"turns":2},{"damage":0,"enemies":"Colosseum Slavers","floor":32,"turns":2},{"damage":0,"enemies":"Colosseum Nobs","floor":32,"turns":2},{"damage":0,"enemies":"Cultist and Chosen","floor":33,"turns":3},{"damage":18,"enemies":"Pondfish","floor":35,"turns":6},{"damage":12,"enemies":"3 Darklings","floor":37,"turns":3},{"damage":7,"enemies":"3 Shapes","floor":38,"turns":3},{"damage":31,"enemies":"3 Darklings","floor":41,"turns":3},{"damage":0,"enemies":"Jaw Worm Horde","floor":42,"turns":2},{"damage":0,"enemies":"Sphere and 2 Shapes","floor":46,"turns":3},{"damage":14,"enemies":"Writhing Mass","floor":48,"turns":3},{"damage":0,"enemies":"Maw","floor":49,"turns":4},{"damage":0,"enemies":"Jaw Worm Horde","floor":50,"turns":2},{"damage":13,"enemies":"Donu and Deca","floor":52,"turns":4}],"seed_played":"-5146633866483642548","potions_obtained":[{"floor":1,"key":"Fire Potion"},{"floor":5,"key":"Death Potion"},{"floor":7,"key":"potionbrewer:HastePotion"},{"floor":12,"key":"potionbrewer:BoundlessPotion"},{"floor":13,"key":"potionbrewer:SplittingPotion"},{"floor":14,"key":"Elixir"},{"floor":16,"key":"potionbrewer:ToxicPotion"},{"floor":18,"key":"champ:CounterPotion"},{"floor":19,"key":"Strength Potion"},{"floor":20,"key":"CultistPotion"},{"floor":22,"key":"Flashbang"},{"floor":23,"key":"LiquidMemories"},{"floor":29,"key":"theMarked:SummonPotion"},{"floor":30,"key":"Doom Potion"},{"floor":32,"key":"potionbrewer:AcidPotion"},{"floor":33,"key":"Death Potion"},{"floor":35,"key":"Adrenaline Potion"},{"floor":37,"key":"bronze:BurnAndBuffPotion"},{"floor":38,"key":"Explosive Potion"},{"floor":41,"key":"potionbrewer:EndurancePotion"},{"floor":42,"key":"Dexterity Potion"},{"floor":46,"key":"potionbrewer:CleansingPotion"},{"floor":48,"key":"BlessingOfTheForge"},{"floor":49,"key":"Energy Potion"},{"floor":50,"key":"Regen Potion"}],"is_trial":false,"path_per_floor":["M","T","$","?","M","R","E","R","T","R","$","M","E","M","R","B",null,"M","M","M","?","M","E","R","PTL","PTL","R","T","M","M","$","?","M","R","B",null,"M","M","?","?","M","M","R","$","T","M","?","M","M","M","R","B",null],"character_chosen":"THE_DEFAULT","items_purchased":["theMarked:MagusForm","SynthV:MejaisSoulstealer","potionbrewer:ToyAutogyro","theMarked:GodGivenPower+1","War Paint","AttackPotion"],"campfire_rested":3,"item_purchase_floors":[3,3,44,44,44,44],"current_hp_per_floor":[63,63,63,63,59,59,49,70,70,70,70,70,70,70,70,52,66,54,47,38,38,32,14,47,47,47,59,59,59,55,55,55,55,70,52,66,54,47,47,47,16,16,55,55,55,55,62,48,48,48,69,61],"gold":176,"neow_bonus":"RANDOM_EVENT","is_daily":false,"chose_seed":false,"campfire_upgraded":5,"win_rate":0.0,"timestamp":1612164663,"path_taken":["M","?","$","?","M","R","E","R","T","R","?","?","E","M","R","BOSS","M","M","M","?","M","E","R","PTL","PTL","R","T","M","M","$","?","M","R","BOSS","M","M","?","?","M","?","R","$","T","M","?","M","?","M","R","BOSS"],"items_purchased_type":["Card","Relic","Relic","Card","Relic","Potion"],"build_version":"2020-12-22","purchased_purges":2,"victory":true,"max_hp_per_floor":[70,70,70,70,70,70,70,70,70,70,70,70,70,70,70,70,70,70,70,70,70,70,70,70,70,70,70,70,70,70,70,70,70,70,70,70,70,70,70,70,70,70,70,70,70,70,70,70,70,70,70,70],"card_choices":[{"not_picked":["theMarked:EnhanceMovement","theMarked:Memento"],"picked":"theMarked:ChainLightning","floor":1},{"not_picked":["theMarked:ChainLightning","theMarked:ElectricStrings","theMarked:Improvise","theMarked:WardOff"],"picked":"theMarked:OneWithTheBlade","floor":5},{"not_picked":["theMarked:Frustration","theMarked:TheMission+1","theMarked:BanishingStrike","theMarked:Aftermath"],"picked":"theMarked:ComboAttacks+1","floor":7},{"not_picked":["theMarked:ResourceFulStrike","theMarked:Heritage+1","theMarked:ShockingTouch","theMarked:ChainLightning"],"picked":"theMarked:Levitate","floor":12},{"not_picked":["theMarked:TwofoldDefense","theMarked:OneWithTheBlade","theMarked:EnhanceMovement","theMarked:Frustration"],"picked":"theMarked:Electrocute","floor":13},{"not_picked":["theMarked:Aftermath","theMarked:EmpowerWeapon","theMarked:TakeCover","theMarked:Memento"],"picked":"theMarked:AttractMetal","floor":14},{"not_picked":["theMarked:UnarmedFury","theMarked:Vacuum","theMarked:Abjuration","theMarked:EternalStudent"],"picked":"theMarked:Snap","floor":16},{"not_picked":["theMarked:Aftermath","theMarked:PowerFlow","theMarked:WastefulAttack","theMarked:ChainLightning"],"picked":"theMarked:Electrify+1","floor":18},{"not_picked":["theMarked:ElectricStrings+1","theMarked:Maelstrom","theMarked:EmpowerWeapon+1","theMarked:Seal"],"picked":"theMarked:MuscleMemory+1","floor":19},{"not_picked":["theMarked:TakeCover","theMarked:ChainLightning","theMarked:EmpowerWeapon","theMarked:HeightenedSenses"],"picked":"theMarked:Levitate","floor":20},{"not_picked":["theMarked:ResourceFulStrike","theMarked:Standoff+1","theMarked:Heritage+1","theMarked:EnhanceMovement"],"picked":"theMarked:Polarize","floor":22},{"not_picked":["theMarked:WardOff","theMarked:TakeCover","theMarked:BanishingWave","theMarked:EmpowerWeapon+1"],"picked":"theMarked:Pokerface+1","floor":23},{"not_picked":["theMarked:Parkour+1","theMarked:ChainLightning+1","theMarked:ParalyzingBlade","theMarked:Electrocute","theMarked:ContemptForTheProud"],"picked":"SKIP","floor":29},{"not_picked":["theMarked:Frustration+1","theMarked:Parkour","theMarked:WardOff","theMarked:BanishingStrike"],"picked":"theMarked:RogueSparks+1","floor":30},{"not_picked":["theMarked:TakeCover","theMarked:Memento","theMarked:Electrify","theMarked:Maelstrom"],"picked":"theMarked:TakeOffHeels","floor":32},{"not_picked":["theMarked:Improvise","theMarked:BanishingStrike","theMarked:Convert","theMarked:WastefulAttack"],"picked":"theMarked:Aftermath","floor":33},{"not_picked":["theMarked:Levitate","theMarked:FavorableWinds","theMarked:MagusForm+1","theMarked:TurnInvisible"],"picked":"theMarked:DispelDoubt","floor":35},{"not_picked":["theMarked:ResourceFulStrike+1","theMarked:Improvise","theMarked:Parkour","theMarked:Electrify","theMarked:TakeCover"],"picked":"SKIP","floor":37},{"not_picked":["theMarked:Parkour+1","theMarked:ElectricStrings","theMarked:CreepingChasm+1","theMarked:Parry","theMarked:BanishingStrike"],"picked":"SKIP","floor":38},{"not_picked":["theMarked:ResourceFulStrike","theMarked:TheMission+1","theMarked:EnhanceMovement","theMarked:TakeCover+1"],"picked":"theMarked:Improvise+1","floor":39},{"not_picked":["theMarked:Friction","theMarked:TwofoldDefense","theMarked:Polarize","theMarked:SwordAndMagic+1"],"picked":"theMarked:Electrocute+1","floor":39},{"not_picked":["theMarked:ContemptForTheProud+1","theMarked:ParalyzingBlade","theMarked:TakeCover+1","theMarked:CreepingChasm+1"],"picked":"theMarked:FavorableWinds","floor":39},{"not_picked":["theMarked:ChainLightning+1","theMarked:WastefulAttack+1","theMarked:SelfDefenseTraining","theMarked:WardOff+1"],"picked":"theMarked:Static+1","floor":41},{"not_picked":["theMarked:ChainLightning","theMarked:EmpowerWeapon","theMarked:RepellingDischarge","theMarked:Aftermath+1"],"picked":"theMarked:Seal","floor":42},{"not_picked":["theMarked:WastefulAttack","theMarked:RepellingDischarge+1","theMarked:SelfDefenseTraining","theMarked:Frustration+1"],"picked":"theMarked:Snap","floor":46},{"not_picked":["theMarked:Memento+1","theMarked:Aftermath","theMarked:ResourceFulStrike","theMarked:SwordAndMagic+1"],"picked":"theMarked:Indomitable","floor":48},{"not_picked":["theMarked:SwordAndMagic+1","theMarked:Aftermath+1","theMarked:TunnelVision+1","theMarked:Overthink","theMarked:Memento+1"],"picked":"SKIP","floor":49},{"not_picked":["theMarked:Parkour+1","theMarked:WastefulAttack","theMarked:Aftermath","theMarked:ShockingTouch","theMarked:Electrify+1"],"picked":"SKIP","floor":50}],"player_experience":2035082,"relics_obtained":[{"floor":1,"key":"SynthV:TestCard"},{"floor":2,"key":"hubris:ToyBattleship"},{"floor":7,"key":"theMarked:NailFile"},{"floor":9,"key":"Incense Burner"},{"floor":13,"key":"potionbrewer:Torch"},{"floor":23,"key":"Eternal Feather"},{"floor":28,"key":"potionbrewer:RamsHorn"},{"floor":32,"key":"ThornShield"},{"floor":32,"key":"Ornamental Fan"},{"floor":45,"key":"Slimebound:PreparedRelic"}],"event_choices":[{"damage_healed":0,"gold_gain":0,"cards_transformed":["theMarked:Strike"],"player_choice":"Change","damage_taken":0,"max_hp_gain":0,"max_hp_loss":0,"event_name":"Living Wall","floor":0,"gold_loss":0,"cards_obtained":["theMarked:Snap"]},{"damage_healed":0,"gold_gain":0,"player_choice":"Fight","damage_taken":0,"max_hp_gain":0,"max_hp_loss":0,"event_name":"Colosseum","floor":32,"gold_loss":0},{"damage_healed":0,"gold_gain":0,"player_choice":"Fought Nobs","damage_taken":0,"max_hp_gain":0,"max_hp_loss":0,"event_name":"Colosseum","floor":32,"gold_loss":0},{"damage_healed":0,"gold_gain":100,"player_choice":"Pray","damage_taken":0,"max_hp_gain":0,"max_hp_loss":0,"event_name":"Golden Shrine","floor":40,"gold_loss":0}],"is_beta":false,"boss_relics":[{"not_picked":["SlaversCollar","theMarked:BronzeBlade"],"picked":"Runic Dome"},{"not_picked":["xbg","hubris:TerracottaHorce"],"picked":"ChiXiaoBlade"}],"items_purged_floors":[31,44],"is_endless":false,"potions_floor_spawned":[1,5,7,12,13,14,16,18,19,20,22,23,29,30,32,32,33,35,37,38,41,42,46,48,49,50],"ascension_level":7}}