{"host":"zwq4qk71wecpqz8w","time":1612212779,"event":{"mods":["AchievementEnabler","BaseMod","Better Note","BetterRewards","Card Forge","Downfall","Minty Spire (QoL Compilation)","Permanent Neow","Remove Card Discount Mod","Replay The Spire","Spicy Shops","StSLib"],"gold_per_floor":[2111,2122,2133,584,594,594,605,6319,6319,6319,6349,6349,6381,6393,6393,6488,6488,6500,6515,6526,4803,4803,4803,4838,4852,4852,4880,3921,3959,3959,2703,2703,2810,2810,2837,1309,1323,1393,1409,1409,1460,1460,1536,790,836,836,874,896,896,906],"floor_reached":51,"language":"ENG","playtime":3813,"items_purged":[],"score":1224,"play_id":"27bf9987-55cf-4f96-a4cf-1a53154d3663","local_time":"20210201205259","is_ascension_mode":true,"campfire_choices":[{"floor":6,"key":"REST"},{"floor":10,"key":"REST"},{"floor":12,"key":"REST"},{"data":"1","floor":15,"key":"LIFT"},{"data":"2","floor":23,"key":"LIFT"},{"data":"3","floor":30,"key":"LIFT"},{"data":"Hologram","floor":40,"key":"SMITH"},{"data":"Defend_B+5","floor":40,"key":"SMITH"},{"data":"Madness","floor":49,"key":"SMITH"},{"data":"Madness","floor":49,"key":"SMITH"}],"circlet_count":0,"master_deck":["Strike_B+6","Strike_B+6","Strike_B+5","Strike_B+5","Defend_B+5","Defend_B+5","Defend_B+5","Defend_B+5","Zap+1","Dualcast+1","Aggregate+1","Sweeping Beam+1","Conserve Battery+1","Zap+1","Static Discharge+1","Sunder+1","Beam Cell+1","Jack Of All Trades+1","Rebound+1","Panic Button+1","ReplayTheSpireMod:Calculation Training+1","Lockon+1","Defragment+1","BasicCrystalCard+1","Panic Button+1","Beam Cell+1","Ball Lightning+1","Creative AI+1","Force Field+1","Cold Snap+1","Go for the Eyes+1","Ball Lightning+1","Self Repair+1","Auto Shields+1","Ball Lightning+1","Barrage+1","Beam Cell+1","Biased Cognition+1","Amplify+1","All For One+1","Aggregate+1","BootSequence+1","Blizzard+1","Capacitor+1","Chaos+1","Buffer+1","Lockon+1","Gash+1","Chill+1","Conserve Battery+1","ReplayGash+1","Cold Snap+1","Compile Driver+1","Consume+1","Coolheaded+1","Darkness+1","Crystallizer+1","BasicCrystalCard+1","Creative AI+1","Core Surge+1","Defend_B+6","Defragment+1","Doom and Gloom+1","Double Energy+1","Dualcast+1","FIFO Queue+1","Undo+1","ReplayTheSpireMod:GoodbyeWorld+1","Electrodynamics+1","Echo Form+1","FTL+1","Fission+1","Force Field+1","Fusion+1","Hello World+1","Heatsinks+1","Go for the Eyes+1","Glacier+1","Genetic Algorithm+1","Hologram+1","Hyperbeam+1","Leap+1","Loop+1","Machine Learning+1","ReplayTheSpireMod:Omega Cannon+1","Multi-Cast+1","Mirror Shield+1","Meteor Strike+1","Melter+1","Steam Power+1","ReplayRNGCard+1","Rainbow+1","Reboot+1","Reprogram+1","Reinforced Body+1","Recycle+1","Redo+1","Rebound+1","Skim+1","ReplaySolidLightProjector+1","ReplaySort+1","Scrape+1","Rip and Tear+1","Seek+1","Stack+1","Streamline+1","Storm+1","Steam+1","Static Discharge+1","White Noise+1","Thunder Strike+1","Biased Cognition+1","Turbo+1","Capacitor+1","Scrape+1","Barrage+1","FIFO Queue+1","Barrage+1","Enlightenment+1","Scrape+1","Cold Snap+1","Glacier+1","Multi-Cast+1","Echo Form+1","Leap+1","Barrage+1","Melter+1","Leap+1","Master of Strategy+1","Secret Weapon+1","Replay:Bootleg Shield Generator+1","Mind Blast+1","Barrage+1","Defragment+1","Stack+1","All For One+1","Force Field+1","Hello World+1","Cold Snap+1","Cold Snap+1","White Noise+1","Redo+1","Blizzard+1","Chaos+1","Chaos+1","Defragment+1","Rip and Tear+1","Hologram+1","Sweeping Beam+1","Mirror Shield+1","Beam Cell+1","Auto Shields","Steam Power","Madness+1","Madness+1","ReplaySolidLightProjector","Leap","Double Energy+1"],"relics":["Cracked Core","Hammer of Thor","Seething Fire","Anvil of the Gods","NeowsBlessing","Dream Catcher","DollysMirror","ClockworkSouvenir","Divine Protection","Molten Egg 2","Replay:Bottled Steam","ReplayFunnel","Whetstone","OrangePellets","Strange Spoon","Girya","Golden Egg","Prayer Wheel","Pondfish Scales","Replay:Arrowhead","Replay:Grab Bag","Coffee Dripper","Philosopher\u0027s Stone","Black Star","MealTicket","Medical Kit","Incense Burner","Replay:Frozen Program","Gremlin Horn","Blood Vial","Simple Rune","Orichalcum","Darkstone Periapt","Pen Nib","Kunai","Replay:Bandana","ReplayTheSpireMod:ShopPack","Replay:Mystery Machine","Regal Pillow","Gremlin Food","Cauldron","ReplayTheSpireMod:Shallot","Potion Belt","Ginger","Thread and Needle","Lee\u0027s Waffle","BargainBundle","Ancient Tea Set","Nunchaku","Honey Jar","Guide Book","Orrery","White Beast Statue","Iron Hammer","Counterbalance","Torii","Ice Cream","Lantern","Frozen Egg 2","Shuriken","Blue Doll","Membership Card","HandDrill","Unceasing Top","ReplayTheSpireMod:TigerMarble","Replay:Towering Pillar of Hats","Pear","Replay:Kaleidoscope","Anchor","Pet Ghost"],"acts_visited":["Exordium","TheCity","TheBeyond"],"potions_floor_usage":[16,16,24,27,29,29,29,39,41,45,47,50],"damage_taken":[{"damage":0,"enemies":"Cultist","floor":1,"turns":1},{"damage":0,"enemies":"Small Slimes","floor":2,"turns":1},{"damage":0,"enemies":"2 Louse","floor":3,"turns":1},{"damage":0,"enemies":"2 Fungi Beasts","floor":5,"turns":3},{"damage":0,"enemies":"Exordium Wildlife","floor":7,"turns":2},{"damage":14,"enemies":"Gremlin Nob","floor":11,"turns":4},{"damage":0,"enemies":"Lagavulin","floor":13,"turns":3},{"damage":0,"enemies":"Looter","floor":14,"turns":2},{"damage":0,"enemies":"Hexaghost","floor":16,"turns":4},{"damage":0,"enemies":"Shell Parasite","floor":18,"turns":2},{"damage":0,"enemies":"3 Byrds","floor":19,"turns":3},{"damage":0,"enemies":"Cultist and Chosen","floor":20,"turns":3},{"damage":0,"enemies":"Book of Stabbing","floor":24,"turns":2},{"damage":3,"enemies":"Snake Plant","floor":25,"turns":3},{"damage":0,"enemies":"Gremlin Leader","floor":27,"turns":2},{"damage":0,"enemies":"Book of Stabbing","floor":29,"turns":3},{"damage":0,"enemies":"Automaton","floor":33,"turns":5},{"damage":0,"enemies":"3 Shapes","floor":35,"turns":3},{"damage":0,"enemies":"Orb Walker","floor":37,"turns":1},{"damage":0,"enemies":"2 Orb Walkers","floor":38,"turns":2},{"damage":0,"enemies":"Spire Growth","floor":39,"turns":1},{"damage":0,"enemies":"Reptomancer","floor":41,"turns":3},{"damage":0,"enemies":"Giant Head","floor":45,"turns":3},{"damage":0,"enemies":"Reptomancer","floor":47,"turns":2},{"damage":0,"enemies":"Jaw Worm Horde","floor":48,"turns":3},{"damage":0,"enemies":"Replay:Hell Engine","floor":50,"turns":4}],"seed_played":"-3682497175391157909","potions_obtained":[{"floor":2,"key":"Adrenaline Potion"},{"floor":7,"key":"sneckomod:MuddlingPotion"},{"floor":11,"key":"PowerPotion"},{"floor":18,"key":"champ:CounterPotion"},{"floor":19,"key":"Regen Potion"},{"floor":20,"key":"Fruit Juice"},{"floor":22,"key":"DistilledChaos"},{"floor":22,"key":"Slimebound:ThreeZeroPotion"},{"floor":28,"key":"EntropicBrew"},{"floor":28,"key":"LifebloodPotion"},{"floor":32,"key":"FairyPotion"},{"floor":35,"key":"Explosive Potion"},{"floor":37,"key":"DuplicationPotion"},{"floor":38,"key":"SpeedPotion"},{"floor":39,"key":"Venom Potion"},{"floor":41,"key":"EssenceOfSteel"},{"floor":45,"key":"PowerPotion"},{"floor":47,"key":"bronze:BurnAndBuffPotion"},{"floor":48,"key":"Fire Potion"}],"is_trial":false,"path_per_floor":["M","M","M","$","M","R","M","$","T","R","E","R","E","M","R","B",null,"M","M","M","$","?","R","E","M","T","E","$","E","R","$","R","B",null,"M","$","M","?","M","R","E","?","T","$","E","?","E","M","R","B",null],"character_chosen":"DEFECT","items_purchased":["Dream Catcher","DollysMirror","Static Discharge","ClockworkSouvenir","Divine Protection","Molten Egg 2","Sunder+1","Beam Cell+1","ReplayTheSpireMod:Fabricate Wheel","Jack Of All Trades","Replay:Bottled Steam","ReplayFunnel","Whetstone","OrangePellets","Strange Spoon","Girya","Lockon+1","Defragment","BasicCrystalCard","Panic Button","Beam Cell+1","MealTicket","Medical Kit","Incense Burner","Replay:Frozen Program","Gremlin Horn","Blood Vial","Enlightenment","Scrape+1","Cold Snap+1","Glacier","Multi-Cast","Echo Form","Replay:Bandana","ReplayTheSpireMod:ShopPack","Replay:Mystery Machine","Regal Pillow","Gremlin Food","Cauldron","Mind Blast+1","Ginger","Thread and Needle","Lee\u0027s Waffle","BargainBundle","Ancient Tea Set","Nunchaku","ColorlessPotion","SteroidPotion","Defragment","Stack","Guide Book","Orrery","White Beast Statue","Iron Hammer","Counterbalance","Torii","Chaos","Defragment","Blue Doll","Membership Card","HandDrill","Unceasing Top","ReplayTheSpireMod:TigerMarble","Replay:Towering Pillar of Hats"],"campfire_rested":3,"item_purchase_floors":[4,4,4,4,4,4,4,4,4,4,8,8,8,8,8,8,8,8,8,8,8,21,21,21,21,21,21,21,21,21,21,21,21,28,28,28,28,28,28,28,31,31,31,31,31,31,31,31,31,31,36,36,36,36,36,36,36,36,44,44,44,44,44,44],"current_hp_per_floor":[75,75,75,75,75,75,75,75,75,75,61,75,75,75,75,75,75,75,75,75,75,75,75,75,72,72,74,75,80,80,87,87,87,87,87,87,87,87,87,87,87,87,87,87,97,85,87,89,89,91],"gold":906,"neow_bonus":"THREE_ENEMY_KILL","is_daily":false,"chose_seed":false,"campfire_upgraded":4,"win_rate":0.0,"timestamp":1612212779,"path_taken":["M","?","M","$","M","R","M","$","T","R","E","R","E","M","R","BOSS","M","M","M","$","?","R","E","M","T","E","$","E","R","?","R","BOSS","M","$","M","?","M","R","E","?","T","$","E","?","E","?","R","BOSS"],"items_purchased_type":["Relic","Relic","Card","Relic","Relic","Relic","Card","Card","Card","Card","Relic","Relic","Relic","Relic","Relic","Relic","Card","Card","Card","Card","Card","Relic","Relic","Relic","Relic","Relic","Relic","Card","Card","Card","Card","Card","Card","Relic","Relic","Relic","Relic","Relic","Relic","Card","Relic","Relic","Relic","Relic","Relic","Relic","Potion","Potion","Card","Card","Relic","Relic","Relic","Relic","Relic","Relic","Card","Card","Relic","Relic","Relic","Relic","Relic","Relic"],"build_version":"2020-12-22","purchased_purges":0,"victory":true,"max_hp_per_floor":[75,75,75,75,75,75,75,75,75,75,75,75,75,75,75,75,75,75,75,75,75,75,75,75,75,75,75,75,80,80,87,87,87,87,87,87,87,87,87,87,87,87,87,87,97,97,97,97,97,97],"card_choices":[{"not_picked":["Go for the Eyes","Leap"],"picked":"Aggregate","floor":1},{"not_picked":["Beam Cell","Compile Driver"],"picked":"Sweeping Beam","floor":2},{"not_picked":["Coolheaded","Streamline"],"picked":"Conserve Battery","floor":3},{"not_picked":["Reinforced Body","ReplayGash+1"],"picked":"Rebound+1","floor":5},{"not_picked":["Skim","ReplayRNGCard"],"picked":"Panic Button","floor":6},{"not_picked":["Double Energy","ReplayTheSpireMod:GoodbyeWorld"],"picked":"ReplayTheSpireMod:Calculation Training","floor":7},{"not_picked":["Lockon+1","ReplayTheSpireMod:GoodbyeWorld"],"picked":"Ball Lightning+1","floor":10},{"not_picked":["ReplayTheSpireMod:GoodbyeWorld","Go for the Eyes+1"],"picked":"Force Field","floor":11},{"not_picked":["Force Field","Panic Button"],"picked":"Cold Snap+1","floor":12},{"not_picked":["Beam Cell+1","Sweeping Beam+1"],"picked":"Go for the Eyes+1","floor":13},{"not_picked":["Panic Button","Stack"],"picked":"Ball Lightning+1","floor":14},{"not_picked":["Consume","Lockon+1"],"picked":"Self Repair","floor":14},{"not_picked":["Meteor Strike+1","Thunder Strike+1"],"picked":"Biased Cognition","floor":16},{"not_picked":["Panic Button","ReplayTheSpireMod:Repulse"],"picked":"Turbo+1","floor":18},{"not_picked":["ReplayTheSpireMod:GoodbyeWorld","Beam Cell+1"],"picked":"Capacitor+1","floor":18},{"not_picked":["Gash+1","Static Discharge"],"picked":"Scrape+1","floor":19},{"not_picked":["Ball Lightning+1","Streamline+1"],"picked":"Barrage+1","floor":19},{"not_picked":["Leap","Ball Lightning+1"],"picked":"FIFO Queue","floor":20},{"not_picked":["Turbo","Consume"],"picked":"Barrage+1","floor":20},{"not_picked":["Sunder+1","Consume+1"],"picked":"Leap+1","floor":24},{"not_picked":["Ball Lightning+1","Compile Driver+1"],"picked":"Barrage+1","floor":25},{"not_picked":["Turbo","ReplayRNGCard"],"picked":"Melter+1","floor":25},{"not_picked":["ReplayTheSpireMod:GoodbyeWorld","Panic Button"],"picked":"Leap+1","floor":27},{"not_picked":["ReplayTheSpireMod:Brewmster","ReplayTheSpireMod:Necrogeddon"],"picked":"Master of Strategy","floor":28},{"not_picked":["Replay:Sssssssssshield","Replay:BasicMightCard"],"picked":"Secret Weapon","floor":28},{"not_picked":["Impatience","Replay:Sssssssssstrike"],"picked":"Replay:Bootleg Shield Generator","floor":28},{"not_picked":["Sunder+1","Rebound+1"],"picked":"Barrage+1","floor":29},{"not_picked":["Creative AI","Fission"],"picked":"All For One+1","floor":33},{"not_picked":["Conserve Battery","Turbo","Beam Cell+1"],"picked":"Force Field+1","floor":35},{"not_picked":["Hologram+1","Ball Lightning+1","Go for the Eyes+1"],"picked":"Hello World+1","floor":35},{"not_picked":["Creative AI","Stack","Rebound+1"],"picked":"Cold Snap+1","floor":36},{"not_picked":["Capacitor+1","Static Discharge+1","Streamline+1"],"picked":"Cold Snap+1","floor":36},{"not_picked":["Aggregate+1","Stack","Sunder+1"],"picked":"White Noise","floor":36},{"not_picked":["Stack+1","Compile Driver+1","Seek"],"picked":"Redo","floor":36},{"not_picked":["Rebound+1","Gash+1","ReplaySort"],"picked":"Blizzard+1","floor":36},{"not_picked":["Beam Cell+1","Steam","Ball Lightning+1"],"picked":"Rip and Tear+1","floor":37},{"not_picked":["Lockon+1","Stack","Redo+1"],"picked":"Hologram","floor":37},{"not_picked":["Heatsinks+1","ReplayTheSpireMod:System Scan","BasicCrystalCard"],"picked":"Sweeping Beam+1","floor":38},{"not_picked":["Blizzard+1","Coolheaded+1","Force Field+1"],"picked":"Mirror Shield","floor":39},{"not_picked":["Defragment","ReplayTheSpireMod:System Scan","Ball Lightning+1"],"picked":"Beam Cell+1","floor":39},{"not_picked":["Lockon+1","Leap","Echo Form+1"],"picked":"Auto Shields","floor":41},{"not_picked":["Defragment+1","All For One+1","Redo"],"picked":"Steam Power","floor":45},{"not_picked":["Hologram+1","Conserve Battery+1","Panic Button"],"picked":"ReplaySolidLightProjector","floor":47},{"not_picked":["Go for the Eyes+1","Compile Driver+1","Gash+1"],"picked":"Leap","floor":48},{"not_picked":["Sweeping Beam+1","Streamline+1","Tempest"],"picked":"Double Energy+1","floor":48}],"player_experience":22051,"relics_obtained":[{"floor":9,"key":"Golden Egg"},{"floor":11,"key":"Pondfish Scales"},{"floor":13,"key":"Replay:Arrowhead"},{"floor":24,"key":"Simple Rune"},{"floor":24,"key":"Orichalcum"},{"floor":26,"key":"Darkstone Periapt"},{"floor":27,"key":"Pen Nib"},{"floor":27,"key":"Kunai"},{"floor":29,"key":"ReplayTheSpireMod:Shallot"},{"floor":29,"key":"Potion Belt"},{"floor":38,"key":"Ice Cream"},{"floor":41,"key":"Lantern"},{"floor":41,"key":"Frozen Egg 2"},{"floor":43,"key":"Shuriken"},{"floor":45,"key":"Pear"},{"floor":45,"key":"Replay:Kaleidoscope"},{"floor":47,"key":"Anchor"},{"floor":47,"key":"Pet Ghost"}],"event_choices":[{"damage_healed":0,"gold_gain":0,"player_choice":"Got Potions","damage_taken":0,"max_hp_gain":0,"max_hp_loss":0,"event_name":"Lab","floor":22,"gold_loss":0},{"damage_healed":0,"gold_gain":0,"player_choice":"Fight","damage_taken":0,"max_hp_gain":0,"max_hp_loss":0,"event_name":"Mysterious Sphere","floor":38,"gold_loss":0},{"damage_healed":0,"gold_gain":0,"player_choice":"Embrace Madness","damage_taken":12,"max_hp_gain":0,"max_hp_loss":0,"event_name":"Winding Halls","floor":46,"gold_loss":0,"cards_obtained":["Madness","Madness"]}],"is_beta":false,"boss_relics":[{"not_picked":["Astrolabe","ChewingGum"],"picked":"Replay:Grab Bag"},{"not_picked":["Ectoplasm","Sozu"],"picked":"Coffee Dripper"},{"not_picked":["Runic Dome","Busted Crown"],"picked":"Philosopher\u0027s Stone"},{"not_picked":["FrozenCore","Empty Cage"],"picked":"Black Star"},{"not_picked":["Runic Pyramid","Replay:Drink Me"],"picked":"Honey Jar"}],"items_purged_floors":[],"is_endless":false,"potions_floor_spawned":[2,7,11,14,18,19,20,33,35,37,38,39,41,45,47,48],"ascension_level":1}}