{"host":"6gl4z8x6qhx9xtfj","time":1612146455,"event":{"mods":["2.2 Compatiblity","AchievementEnabler","BaseMod","Bestiary","Colored Map","Colored Powertips","Evolution","Minty Spire (QoL Compilation)","Quick Restart","Relic Stats","StSLib","SuperFastMode"],"gold_per_floor":[114,129,36,47,65,106,125,125,125,125,166,186,199,239,239,351,351,378,233,247,35,44,77,89,89,160,204,213,252,264,294,306,427,439,475,487,5,20,43,72,82,82,82,82,82],"floor_reached":44,"language":"RUS","playtime":2628,"items_purged":[],"score":813,"play_id":"fc79d3a4-f531-4826-b63a-3635be8d783e","local_time":"20210201052735","is_ascension_mode":true,"campfire_choices":[{"data":"Wallop","floor":8,"key":"SMITH"},{"data":"Eruption","floor":15,"key":"SMITH"},{"floor":25,"key":"REST"},{"data":"Vigilance","floor":30,"key":"SMITH"},{"floor":32,"key":"REST"},{"data":"WheelKick","floor":42,"key":"SMITH"}],"circlet_count":0,"master_deck":["FlyingSleeves","FlyingSleeves","FlyingSleeves","FlyingSleeves","ThirdEye","ThirdEye","ThirdEye","ThirdEye","Eruption+1","Vigilance+1","FollowUp","Protect","WheelKick+1","Wallop+1","CrushJoints","Prostrate","CutThroughFate","Tantrum","CutThroughFate","EmptyFist","DevaForm","Protect+1","LikeWater","BattleHymn","SashWhip","SandsOfTime","DeusExMachina","TalkToTheHand","CarveReality"],"relics":["HolyWater","EVO:Axolotl","CeramicFish","CloakClasp","NlothsMask","StrikeDummy","Mango","Black Star","ClockworkSouvenir","Medical Kit","Akabeko","Gremlin Horn","Matryoshka","Letter Opener","Anchor","MawBank","Ancient Tea Set","Ornamental Fan","Mercury Hourglass","Toxic Egg 2","Unceasing Top","Bag of Preparation","White Beast Statue"],"acts_visited":["Exordium","TheCity","TheBeyond"],"potions_floor_usage":[24,29,33],"damage_taken":[{"damage":0,"enemies":"Cultist","floor":1,"turns":2},{"damage":0,"enemies":"Jaw Worm","floor":2,"turns":2},{"damage":0,"enemies":"2 Louse","floor":4,"turns":2},{"damage":2,"enemies":"Exordium Wildlife","floor":5,"turns":5},{"damage":18,"enemies":"Gremlin Nob","floor":6,"turns":3},{"damage":4,"enemies":"Looter","floor":7,"turns":2},{"damage":9,"enemies":"3 Sentries","floor":11,"turns":7},{"damage":0,"enemies":"Red Slaver","floor":12,"turns":1},{"damage":7,"enemies":"Blue Slaver","floor":13,"turns":3},{"damage":0,"enemies":"Gremlin Nob","floor":14,"turns":2},{"damage":0,"enemies":"Slime Boss","floor":16,"turns":6},{"damage":3,"enemies":"2 Thieves","floor":18,"turns":3},{"damage":0,"enemies":"Chosen","floor":20,"turns":3},{"damage":50,"enemies":"Slavers","floor":23,"turns":6},{"damage":43,"enemies":"Shelled Parasite and Fungi","floor":24,"turns":3},{"damage":18,"enemies":"Book of Stabbing","floor":27,"turns":7},{"damage":0,"enemies":"Gremlin Leader","floor":29,"turns":4},{"damage":24,"enemies":"Snake Plant","floor":31,"turns":3},{"damage":91,"enemies":"Automaton","floor":33,"turns":13},{"damage":17,"enemies":"Orb Walker","floor":35,"turns":4},{"damage":0,"enemies":"3 Shapes","floor":38,"turns":3},{"damage":0,"enemies":"Maw","floor":39,"turns":6},{"damage":39,"enemies":"Nemesis","floor":40,"turns":5},{"damage":0,"enemies":"Jaw Worm Horde","floor":41,"turns":2},{"damage":63,"enemies":"Giant Head","floor":44,"turns":5}],"seed_played":"-6946069174741778919","potions_obtained":[{"floor":2,"key":"FairyPotion"},{"floor":4,"key":"Regen Potion"},{"floor":5,"key":"Ancient Potion"},{"floor":18,"key":"Fruit Juice"},{"floor":27,"key":"FairyPotion"},{"floor":29,"key":"LiquidBronze"},{"floor":35,"key":"LiquidBronze"},{"floor":39,"key":"SteroidPotion"}],"is_trial":false,"path_per_floor":["M","M","$","M","M","E","M","R","T","?","E","M","M","E","R","B",null,"M","$","M","$","?","E","M","R","T","E","?","E","R","M","R","B",null,"M","?","$","M","M","E","M","R","T","E"],"character_chosen":"WATCHER","items_purchased":["Protect","WheelKick","ClockworkSouvenir","Medical Kit","LikeWater","Ornamental Fan","Mercury Hourglass"],"campfire_rested":2,"item_purchase_floors":[3,3,19,21,21,37,37],"current_hp_per_floor":[86,86,86,86,84,66,62,62,62,62,53,53,46,60,60,60,100,97,97,97,97,97,47,9,40,40,22,22,34,34,10,41,31,105,88,88,88,88,88,49,49,49,49,0,0],"gold":82,"neow_bonus":"TEN_PERCENT_HP_BONUS","is_daily":false,"chose_seed":false,"campfire_upgraded":4,"win_rate":0.0,"timestamp":1612146455,"path_taken":["M","M","?","M","?","E","?","R","T","?","E","?","M","E","R","BOSS","M","$","M","$","?","E","M","R","T","E","?","E","R","M","R","BOSS","M","?","$","M","?","E","M","R","T","E"],"items_purchased_type":["Card","Card","Relic","Relic","Card","Relic","Relic"],"build_version":"2020-12-22","purchased_purges":0,"victory":false,"max_hp_per_floor":[86,86,86,86,86,86,86,86,86,86,86,86,86,100,100,100,100,100,100,100,100,100,100,105,105,105,105,105,105,105,105,105,105,105,105,105,105,105,105,105,105,105,105,105,105],"relic_stats":{"Gremlin Horn":[11,11],"counters":[25,102],"CeramicFish":135,"CloakClasp":[310],"Bag of Preparation":[2],"Letter Opener":[34],"Medical Kit":[0],"MawBank":96,"Mercury Hourglass":[65],"Ornamental Fan":[52],"Black Star":4,"obtain_stats":[{"Gremlin Horn":23,"CeramicFish":6,"Mango":14,"CloakClasp":9,"Bag of Preparation":43,"EVO:Axolotl":0,"Letter Opener":27,"Medical Kit":21,"MawBank":29,"Ancient Tea Set":29,"Akabeko":23,"White Beast Statue":43,"ClockworkSouvenir":19,"Mercury Hourglass":37,"Anchor":28,"Matryoshka":27,"Ornamental Fan":37,"HolyWater":34,"Black Star":17,"PureWater":0,"Toxic Egg 2":40,"StrikeDummy":11,"Unceasing Top":40,"NlothsMask":10},{"Gremlin Horn":14,"CeramicFish":5,"Mango":10,"CloakClasp":6,"Bag of Preparation":24,"EVO:Axolotl":0,"Letter Opener":16,"Medical Kit":13,"MawBank":17,"Ancient Tea Set":17,"Akabeko":14,"White Beast Statue":24,"ClockworkSouvenir":12,"Mercury Hourglass":20,"Anchor":16,"Matryoshka":16,"Ornamental Fan":20,"HolyWater":19,"Black Star":11,"PureWater":0,"Toxic Egg 2":23,"StrikeDummy":7,"Unceasing Top":23,"NlothsMask":6},{"Gremlin Horn":47,"CeramicFish":14,"Mango":29,"CloakClasp":16,"Bag of Preparation":97,"EVO:Axolotl":0,"Letter Opener":57,"Medical Kit":41,"MawBank":61,"Ancient Tea Set":61,"Akabeko":47,"White Beast Statue":97,"ClockworkSouvenir":38,"Mercury Hourglass":81,"Anchor":57,"Matryoshka":57,"Ornamental Fan":81,"HolyWater":77,"Black Star":35,"PureWater":0,"Toxic Egg 2":95,"StrikeDummy":23,"Unceasing Top":95,"NlothsMask":16}],"Unceasing Top":[0]},"card_choices":[{"not_picked":["Consecrate","SignatureMove"],"picked":"FollowUp","floor":1},{"not_picked":["FlyingSleeves","ClearTheMind","Establishment"],"picked":"SKIP","floor":2},{"not_picked":["FollowUp","SashWhip"],"picked":"Wallop","floor":4},{"not_picked":["ClearTheMind","ForeignInfluence"],"picked":"CrushJoints","floor":5},{"not_picked":["WaveOfTheHand","Wireheading"],"picked":"Prostrate","floor":6},{"not_picked":["Halt","SashWhip"],"picked":"CutThroughFate","floor":7},{"not_picked":["SpiritShield","Adaptation"],"picked":"Tantrum","floor":11},{"not_picked":["BowlingBash","EmptyFist"],"picked":"CutThroughFate","floor":12},{"not_picked":["Halt","Swivel","MentalFortress"],"picked":"SKIP","floor":13},{"not_picked":["FlurryOfBlows","FollowUp"],"picked":"EmptyFist","floor":14},{"not_picked":["SpiritShield","Establishment"],"picked":"DevaForm","floor":16},{"not_picked":["Wireheading","JustLucky"],"picked":"Protect+1","floor":18},{"not_picked":["BowlingBash","ThirdEye","Crescendo"],"picked":"SKIP","floor":20},{"not_picked":["FlyingSleeves+1","JustLucky+1","BowlingBash+1"],"picked":"SKIP","floor":23},{"not_picked":["Consecrate","PathToVictory","CutThroughFate+1"],"picked":"SKIP","floor":24},{"not_picked":["Indignation","SpiritShield"],"picked":"SashWhip","floor":27},{"not_picked":["BowlingBash","SignatureMove"],"picked":"SandsOfTime","floor":29},{"not_picked":["CutThroughFate","WindmillStrike+1","Protect"],"picked":"SKIP","floor":31},{"not_picked":["CutThroughFate","WindmillStrike+1","Protect"],"picked":"SKIP","floor":31},{"not_picked":["MasterReality","Alpha"],"picked":"DeusExMachina","floor":33},{"not_picked":["SignatureMove","Crescendo+1"],"picked":"TalkToTheHand","floor":35},{"not_picked":["FlyingSleeves+1","Vengeance","Crescendo"],"picked":"SKIP","floor":38},{"not_picked":["BowlingBash","FollowUp"],"picked":"CarveReality","floor":39},{"not_picked":["FollowUp","FlurryOfBlows+1","EmptyFist+1"],"picked":"SKIP","floor":40},{"not_picked":["Halt+1","BowlingBash+1","FollowUp+1"],"picked":"SKIP","floor":41}],"player_experience":94218,"relics_obtained":[{"floor":6,"key":"CeramicFish"},{"floor":9,"key":"CloakClasp"},{"floor":11,"key":"StrikeDummy"},{"floor":14,"key":"Mango"},{"floor":23,"key":"Akabeko"},{"floor":23,"key":"Gremlin Horn"},{"floor":27,"key":"Matryoshka"},{"floor":27,"key":"Letter Opener"},{"floor":29,"key":"MawBank"},{"floor":29,"key":"Ancient Tea Set"},{"floor":40,"key":"Toxic Egg 2"},{"floor":40,"key":"Unceasing Top"},{"floor":43,"key":"Bag of Preparation"},{"floor":43,"key":"White Beast Statue"}],"event_choices":[{"damage_healed":0,"gold_gain":0,"player_choice":"Trade","damage_taken":0,"relics_obtained":["NlothsMask"],"max_hp_gain":0,"max_hp_loss":0,"event_name":"FaceTrader","floor":10,"gold_loss":0},{"damage_healed":0,"gold_gain":0,"player_choice":"Read","damage_taken":0,"max_hp_gain":0,"max_hp_loss":0,"event_name":"The Library","floor":22,"gold_loss":0,"cards_obtained":["BattleHymn"]},{"damage_healed":0,"gold_gain":0,"player_choice":"Opened","damage_taken":0,"relics_obtained":["Anchor"],"max_hp_gain":0,"max_hp_loss":0,"event_name":"The Mausoleum","floor":28,"gold_loss":0,"cards_obtained":["Writhe"]},{"cards_removed":["Writhe"],"damage_healed":0,"gold_gain":0,"player_choice":"Removed Curses","damage_taken":0,"max_hp_gain":0,"max_hp_loss":0,"event_name":"Fountain of Cleansing","floor":36,"gold_loss":0}],"is_beta":false,"boss_relics":[{"not_picked":["Sozu","Astrolabe"],"picked":"Black Star"},{"not_picked":["Velvet Choker","Fusion Hammer"],"picked":"HolyWater"}],"items_purged_floors":[],"is_endless":false,"potions_floor_spawned":[2,4,5,6,18,27,29,31,35,39],"killed_by":"Giant Head","ascension_level":3}}