{"host":"amvb77pwe2wp6zyc","time":1612182110,"event":{"mods":["2.2 Compatiblity","AchievementEnabler","AlwaysNeverKeys","BaseMod","BetterRewards","Downfall","Duelist Mod","GifTheSpireLib","Minty Spire (QoL Compilation)","Permanent Neow","Quick Restart","Relic Filter","Shop Mod","StSLib","SuperFastMode","Trackpad"],"gold_per_floor":[140,140,154,0,11,11,43,43,43,56,56,67,67,96,96,170,170,186,186,111,36,52,52,80,80,80,115,132,145,174,190,190,268,268,280,280,108,108,120,120,146,446,814,814,830,830,848,867,867,867,867,867,536,566,566,566],"floor_reached":55,"language":"DEU","playtime":1953,"items_purged":["theDuelist:CastleWalls","theDuelist:NaturiaRock"],"score":1626,"play_id":"7a77a865-0196-4561-86ee-e22207589d5b","local_time":"20210201132150","is_ascension_mode":true,"campfire_choices":[{"floor":6.0,"key":"DIG"},{"floor":8.0,"key":"DIG"},{"data":"theDuelist:Sparks","floor":13.0,"key":"PURGE"},{"data":"theDuelist:Sparks","floor":15.0,"key":"PURGE"},{"data":"theDuelist:CastleWalls","floor":23.0,"key":"PURGE"},{"floor":25.0,"key":"DIG"},{"data":"theDuelist:CastleWalls","floor":32.0,"key":"PURGE"},{"floor":40.0,"key":"DIG"},{"floor":44.0,"key":"DIG"},{"data":"theDuelist:NaturiaTulip","floor":46.0,"key":"PURGE"},{"data":"theDuelist:NaturiaPineapple","floor":49.0,"key":"SMITH"},{"floor":52.0,"key":"DIG"}],"circlet_count":0,"master_deck":["AscendersBane","theDuelist:NaturiaPineapple+1"],"relics":["theDuelist:MillenniumPuzzle","theDuelist:CardPoolRelic","theDuelist:CardPoolBasicRelic","theDuelist:BoosterPackPoolRelic","theDuelist:CardPoolAddRelic","theDuelist:CardPoolMinusRelic","theDuelist:CardPoolSaveRelic","theDuelist:CardPoolOptionsRelic","Shovel","Peace Pipe","Empty Cage","Gambling Chip","trackpad:FieryHotPepper","Unceasing Top","theDuelist:MillenniumRing","Busted Crown","theDuelist:MerchantNecklace","trackpad:BottledTsunami","trackpad:CultistFigurine","theDuelist:NaturiaRelic","trackpad:PetRock","HoveringKite","MerchantsRug","MealTicket","theDuelist:MillenniumArmor","theDuelist:MillenniumCoin","trackpad:Mousetrap","trackpad:ByrdCharm","Pantograph","Ornamental Fan"],"acts_visited":["Exordium","TheCity","TheBeyond","TheEnding"],"potions_floor_usage":[55,55],"damage_taken":[{"damage":0.0,"enemies":"Cultist","floor":1.0,"turns":4.0},{"damage":0.0,"enemies":"2 Louse","floor":3.0,"turns":4.0},{"damage":9.0,"enemies":"Jaw Worm","floor":5.0,"turns":5.0},{"damage":11.0,"enemies":"3 Sentries","floor":7.0,"turns":6.0},{"damage":0.0,"enemies":"Blue Slaver","floor":10.0,"turns":3.0},{"damage":14.0,"enemies":"Exordium Thugs","floor":12.0,"turns":4.0},{"damage":4.0,"enemies":"Lagavulin","floor":14.0,"turns":5.0},{"damage":0.0,"enemies":"Hexaghost","floor":16.0,"turns":8.0},{"damage":0.0,"enemies":"Shell Parasite","floor":18.0,"turns":4.0},{"damage":0.0,"enemies":"2 Thieves","floor":22.0,"turns":2.0},{"damage":0.0,"enemies":"Gremlin Leader","floor":24.0,"turns":3.0},{"damage":0.0,"enemies":"Book of Stabbing","floor":27.0,"turns":2.0},{"damage":0.0,"enemies":"Centurion and Healer","floor":28.0,"turns":2.0},{"damage":0.0,"enemies":"Shelled Parasite and Fungi","floor":29.0,"turns":2.0},{"damage":0.0,"enemies":"Gremlin Leader","floor":30.0,"turns":2.0},{"damage":0.0,"enemies":"Cultist and Chosen","floor":31.0,"turns":2.0},{"damage":0.0,"enemies":"Collector","floor":33.0,"turns":3.0},{"damage":0.0,"enemies":"3 Darklings","floor":35.0,"turns":2.0},{"damage":0.0,"enemies":"3 Shapes","floor":39.0,"turns":1.0},{"damage":0.0,"enemies":"Nemesis","floor":41.0,"turns":3.0},{"damage":0.0,"enemies":"3 Darklings","floor":45.0,"turns":1.0},{"damage":0.0,"enemies":"4 Shapes","floor":47.0,"turns":1.0},{"damage":0.0,"enemies":"Maw","floor":48.0,"turns":2.0},{"damage":11.0,"enemies":"Time Eater","floor":50.0,"turns":4.0},{"damage":0.0,"enemies":"Shield and Spear","floor":54.0,"turns":2.0},{"damage":106,"enemies":"The Heart","floor":55,"turns":6}],"seed_played":"1868672888053524165","potions_obtained":[{"floor":1.0,"key":"Energy Potion"},{"floor":5.0,"key":"Regen Potion"},{"floor":41.0,"key":"theDuelist:SummonFuryPotion"},{"floor":45.0,"key":"Block Potion"}],"is_trial":false,"path_per_floor":["M","?","M","$","M","R","E","R","T","M","$","M","R","E","R","B",null,"M","?","?","$","M","R","E","R","T","E","M","M","E","M","R","B",null,"M","?","$","?","M","R","E","?","T","R","M","R","M","M","R","B",null,"R","$","E","B"],"character_chosen":"THE_DUELIST","items_purchased":["Peace Pipe","MerchantsRug","trackpad:ByrdCharm","Pantograph"],"campfire_rested":0,"item_purchase_floors":[4,37,53,53],"current_hp_per_floor":[72,72,72,72,63,63,52,52,52,52,52,38,38,34,34,34,69,69,69,69,69,69,69,69,69,69,69,69,69,69,69,69,69,77,77,77,77,77,77,77,77,77,77,77,77,77,77,77,77,66,77,77,80,80,0,0],"gold":566,"neow_bonus":"RANDOM_COMMON_RELIC","is_daily":false,"chose_seed":false,"campfire_upgraded":1,"win_rate":0.0,"timestamp":1612182110,"path_taken":["M","?","M","$","M","R","E","R","T","M","$","M","R","E","R","BOSS","M","?","?","?","M","R","E","R","T","E","M","M","E","?","R","BOSS","M","?","$","?","?","R","E","?","T","R","?","R","M","M","R","BOSS","R","$","E","BOSS"],"items_purchased_type":["Relic","Relic","Relic","Relic"],"build_version":"2020-12-22","purchased_purges":2,"victory":false,"max_hp_per_floor":[80,80,80,80,80,80,80,80,80,80,80,80,80,80,80,80,80,80,80,80,80,80,80,80,80,80,80,80,80,80,80,80,80,80,80,80,80,80,80,80,80,80,80,80,80,80,80,80,80,80,80,80,80,80,80,80],"card_choices":[{"not_picked":["theDuelist:NaturiaDragonfly","theDuelist:NaturiaRosewhip","theDuelist:NaturiaRagweed","theDuelist:NaturiaRock","theDuelist:FuryFire"],"picked":"SKIP","floor":1.0},{"not_picked":["theDuelist:NaturiaCliff","theDuelist:NaturiaHydrangea","theDuelist:NaturiaAntjaw","theDuelist:NaturiaRock","theDuelist:NaturiaBeetle"],"picked":"SKIP","floor":3.0},{"not_picked":["theDuelist:NaturiaCliff","theDuelist:SummoningSwarm","theDuelist:NaturiaHydrangea","theDuelist:NaturiaEggplant","theDuelist:DigitalBug"],"picked":"SKIP","floor":5.0},{"not_picked":["theDuelist:NaturiaCliff","theDuelist:NaturiaLandoise","theDuelist:CrystalRose","theDuelist:NaturiaGaiastrio","theDuelist:NaturiaRock"],"picked":"SKIP","floor":7.0},{"not_picked":["theDuelist:Wildfire","theDuelist:BrainCrusher","theDuelist:HuntingInstinct"],"picked":"SKIP","floor":10.0},{"not_picked":["theDuelist:NaturiaDragonfly","theDuelist:NaturiaSunflower","theDuelist:SummoningSwarm","theDuelist:NaturiaMarron"],"picked":"theDuelist:LonefireBlossom","floor":12.0},{"not_picked":["theDuelist:NaturiaEggplant","theDuelist:Spore","theDuelist:NaturiaRosewhip","theDuelist:NaturiaRock"],"picked":"theDuelist:NaturiaPineapple","floor":14.0},{"not_picked":["theDuelist:NaturiaHydrangea","theDuelist:NaturiaSunflower","theDuelist:NaturiaGuardian"],"picked":"SKIP","floor":18.0},{"not_picked":["theDuelist:NaturiaSpiderfang+1","theDuelist:SeismicShockwave+1","theDuelist:WildNatureRelease+1"],"picked":"SKIP","floor":22.0},{"not_picked":["theDuelist:MultiplicationOfAnts"],"picked":"SKIP","floor":24.0},{"not_picked":["theDuelist:HuntingInstinct"],"picked":"SKIP","floor":27.0},{"not_picked":["theDuelist:NaturiaEggplant"],"picked":"SKIP","floor":28.0},{"not_picked":["theDuelist:SangaEarth","theDuelist:Wildfire","theDuelist:NaturiaBeetle"],"picked":"SKIP","floor":29.0},{"not_picked":["theDuelist:NatureReflection+1"],"picked":"SKIP","floor":30.0},{"not_picked":["theDuelist:NaturiaHydrangea"],"picked":"SKIP","floor":31.0},{"not_picked":["theDuelist:VenomShot+1"],"picked":"SKIP","floor":35.0},{"not_picked":["theDuelist:NaturiaBarkion+1"],"picked":"SKIP","floor":39.0},{"not_picked":["theDuelist:MultiplicationOfAnts"],"picked":"SKIP","floor":41.0},{"not_picked":["theDuelist:NaturiaSunflower+1"],"picked":"SKIP","floor":45.0},{"not_picked":["theDuelist:HeartUnderdog+1","theDuelist:Canyon","theDuelist:HuntingInstinct"],"picked":"SKIP","floor":47.0},{"not_picked":["theDuelist:NaturiaAntjaw"],"picked":"SKIP","floor":48.0},{"not_picked":["theDuelist:NaturiaBrambi+1"],"picked":"SKIP","floor":54.0}],"player_experience":393512,"relics_obtained":[{"floor":6.0,"key":"Empty Cage"},{"floor":7.0,"key":"Gambling Chip"},{"floor":8.0,"key":"trackpad:FieryHotPepper"},{"floor":9.0,"key":"Unceasing Top"},{"floor":14.0,"key":"theDuelist:MillenniumRing"},{"floor":24.0,"key":"theDuelist:MerchantNecklace"},{"floor":25.0,"key":"trackpad:BottledTsunami"},{"floor":26.0,"key":"trackpad:CultistFigurine"},{"floor":27.0,"key":"theDuelist:NaturiaRelic"},{"floor":30.0,"key":"trackpad:PetRock"},{"floor":40.0,"key":"MealTicket"},{"floor":41.0,"key":"theDuelist:MillenniumArmor"},{"floor":43.0,"key":"theDuelist:MillenniumCoin"},{"floor":44.0,"key":"trackpad:Mousetrap"},{"floor":54.0,"key":"Ornamental Fan"}],"event_choices":[{"damage_healed":0.0,"max_hp_gain":0.0,"max_hp_loss":0.0,"gold_gain":0.0,"event_name":"Aknamkanon\u0027s Tomb","player_choice":"Leave","duelist":true,"floor":2.0,"gold_loss":0.0,"damage_taken":0.0},{"damage_healed":0.0,"max_hp_gain":0.0,"max_hp_loss":0.0,"gold_gain":0.0,"event_name":"Vampires","player_choice":"Ignored","floor":19.0,"gold_loss":0.0,"damage_taken":0.0},{"cards_removed":["theDuelist:NaturiaCliff"],"damage_healed":0.0,"max_hp_gain":0.0,"max_hp_loss":0.0,"gold_gain":0.0,"event_name":"Beggar","player_choice":"Gave Gold","floor":20.0,"gold_loss":75.0,"damage_taken":0.0},{"cards_removed":["theDuelist:LonefireBlossom"],"damage_healed":0.0,"max_hp_gain":0.0,"max_hp_loss":0.0,"gold_gain":0.0,"event_name":"Falling","player_choice":"Removed Skill","floor":36.0,"gold_loss":0.0,"damage_taken":0.0},{"damage_healed":0.0,"max_hp_gain":0.0,"max_hp_loss":0.0,"gold_gain":0.0,"event_name":"Aknamkanon\u0027s Tomb","player_choice":"Leave","duelist":true,"floor":38.0,"gold_loss":0.0,"damage_taken":0.0},{"damage_healed":0.0,"max_hp_gain":0.0,"max_hp_loss":0.0,"gold_gain":300.0,"event_name":"Wheel of Change","player_choice":"Gold","floor":42.0,"gold_loss":0.0,"damage_taken":0.0}],"is_beta":false,"boss_relics":[{"not_picked":["SlaversCollar","SacredBark"],"picked":"Busted Crown"},{"not_picked":["Inserter","Runic Cube"],"picked":"HoveringKite"}],"items_purged_floors":[21,37],"is_endless":false,"potions_floor_spawned":[1,5,14,16,18,24,27,29,30,35,41,45],"killed_by":"The Heart","ascension_level":13}}