{"host":"p7wlqws89nwjeoph","time":1612146097,"event":{"mods":["BaseMod","Bestiary","Colored Powertips","Hero for Fun","Minty Spire (QoL Compilation)","Quick Restart","Replay The Spire","StSLib"],"gold_per_floor":[100013,100016,100035,100035,100310,100345,100368,100392,100392,100392,100423,100423,100441,100457,100457,100580,100580,100603,99597,99616,99616,99616,99649,99662,99697,99697,99716,99732,99766,99766,99791,99791,99791,100131,100256,100256,100275,100293,100379,0,65,106,106,119,119,160,160,160,195,195,100979,101312,101312,101312,101312,101312,100542,100572,100372],"floor_reached":60,"language":"RUS","playtime":1744,"items_purged":["Delirium","ReplayTheSpireMod:Doomed","Clumsy","Looming Evil"],"score":1875,"play_id":"f14cab47-37a0-4f8d-bec3-4b3024c5995c","local_time":"20210201052137","is_ascension_mode":true,"campfire_choices":[{"floor":12,"key":"RECALL"},{"data":"Terrifying_Presence","floor":15,"key":"SMITH"},{"floor":43,"key":"REST"},{"floor":53,"key":"DIG"},{"floor":56,"key":"REST"}],"circlet_count":0,"master_deck":["Strike_Y","Strike_Y","Strike_Y+1","Strike_Y+1","Strike_Y+1","Defend_Y","Defend_Y","Defend_Y","Defend_Y","Defend_Y+1","Consecutive_Normal_Punch","Normal_Punch","Wear_Disguise","Regret","Slap","Consecutive_Normal_Punch","Toss_Stone+1","Terrifying_Presence+1","Get_Hopes_Up","Serious_Side_Hops","Amnesia","Consecutive_Normal_Punch+1","Slap+1","Serious_Punch+1","Side_Hop","Yawn+1","Wear_Disguise","Normal_Punch+1","Consecutive_Normal_Punch+1","Toss_Stone+1","Pot Of Greed","Pot Of Greed","Pot Of Greed","Slap+1","AbeCurse","Hip_Strike+1","Slap+1","Pot Of Greed","Normal_Punch+1","Slap+1","Serious_Side_Hops","Slap+1","Slap+1","ReplayTheSpireMod:IOU","ReplayTheSpireMod:IOU","ReplayTheSpireMod:IOU","ReplayTheSpireMod:IOU","ReplayTheSpireMod:IOU","ReplayTheSpireMod:IOU","ReplayTheSpireMod:IOU","ReplayTheSpireMod:IOU","Pot Of Greed","ReplayTheSpireMod:IOU","ReplayTheSpireMod:IOU","ReplayTheSpireMod:IOU","ReplayTheSpireMod:IOU","ReplayTheSpireMod:IOU","ReplayTheSpireMod:IOU","ReplayTheSpireMod:IOU","ReplayTheSpireMod:IOU","ReplayTheSpireMod:IOU","Pot Of Greed","Wear_Disguise","Ignore","Do_Nothing","Consecutive_Normal_Punch+1","Slap+1"],"relics":["Cape","ReplayTheSpireMod:CursedCoin","ReplayTheSpireMod:Lightbulb","Molten Egg 2","Replay:Ancient Bell","Gremlin Food","Matryoshka","Ice Cream","Replay:Mystery Machine","Singing Bowl","Frozen Eye","ReplayTheSpireMod:Ring of Collecting","Ring of Fury","War Paint","Regal Pillow","White Beast Statue","Ring of Fangs","Pen Nib","Replay:Wax Seal","WingedGreaves","Grinning Jar","Fusion Hammer","ReplayTheSpireMod:TigerMarble","Red Mask","Counterbalance","Calipers","Ring of Searing","PreservedInsect","Incense Burner","Whetstone","Medical Kit","Replay:Towering Pillar of Hats","Sundial","Quantum Egg","Replay:Accelerometer","Vajra","OrangePellets","Replay:Baseball"],"acts_visited":["Exordium","TheCity","TheBeyond","TheEnding"],"potions_floor_usage":[44],"damage_taken":[{"damage":0,"enemies":"2 Louse","floor":1,"turns":1},{"damage":0,"enemies":"Jaw Worm","floor":3,"turns":1},{"damage":0,"enemies":"Lagavulin","floor":6,"turns":1},{"damage":0,"enemies":"Cultist","floor":7,"turns":1},{"damage":0,"enemies":"Large Slime","floor":8,"turns":1},{"damage":0,"enemies":"3 Sentries","floor":11,"turns":2},{"damage":0,"enemies":"2 Fungi Beasts","floor":13,"turns":1},{"damage":0,"enemies":"Blue Slaver","floor":14,"turns":1},{"damage":0,"enemies":"The Guardian","floor":16,"turns":3},{"damage":0,"enemies":"3 Byrds","floor":18,"turns":1},{"damage":0,"enemies":"Spheric Guardian","floor":20,"turns":1},{"damage":0,"enemies":"Replay:Snechameleon","floor":23,"turns":1},{"damage":0,"enemies":"Centurion and Healer","floor":24,"turns":1},{"damage":0,"enemies":"Book of Stabbing","floor":25,"turns":1},{"damage":0,"enemies":"3 Cultists","floor":27,"turns":1},{"damage":0,"enemies":"Snake Plant","floor":28,"turns":2},{"damage":0,"enemies":"Slavers","floor":29,"turns":2},{"damage":0,"enemies":"Centurion and Healer","floor":31,"turns":1},{"damage":0,"enemies":"Pondfish","floor":35,"turns":5},{"damage":0,"enemies":"3 Darklings","floor":37,"turns":2},{"damage":0,"enemies":"3 Shapes","floor":38,"turns":1},{"damage":0,"enemies":"2 Orb Walkers","floor":41,"turns":1},{"damage":0,"enemies":"R_Hoarder","floor":42,"turns":5},{"damage":0,"enemies":"Sphere and 2 Shapes","floor":44,"turns":2},{"damage":0,"enemies":"Nemesis","floor":46,"turns":1},{"damage":0,"enemies":"R_Hoarder","floor":49,"turns":1},{"damage":0,"enemies":"Replay:Hell Engine","floor":54,"turns":1},{"damage":0,"enemies":"Shield and Spear","floor":58,"turns":1},{"damage":0,"enemies":"The Heart","floor":59,"turns":3}],"seed_played":"-2611967664320679770","potions_obtained":[{"floor":6,"key":"Elixir"},{"floor":7,"key":"Explosive Potion"},{"floor":8,"key":"FearPotion"},{"floor":44,"key":"PowerPotion"}],"is_trial":false,"path_per_floor":["M","$","M","?","?","E","M","M","T","?","E","R","M","M","R","B",null,"M","$","M","?","?","E","M","E","T","M","M","E","$","M","PTL","PTL","R","B",null,"M","M","?","?","?","E","R","M","T","E","PTL","PTL","E","?","$","?","R","B",null,"R","$","E","B",null],"character_chosen":"OPM","items_purchased":["ReplayTheSpireMod:CursedCoin","Normal_Punch","Replay:Mystery Machine","Singing Bowl","Frozen Eye","Slap+1","Serious_Punch+1","Side_Hop","Yawn","Wear_Disguise","Medical Kit","Replay:Towering Pillar of Hats","Sundial","Wear_Disguise","Ignore","Do_Nothing","Consecutive_Normal_Punch+1","Slap+1","Replay:Accelerometer","Vajra","OrangePellets","Languid Potion"],"campfire_rested":2,"item_purchase_floors":[2,2,19,19,19,19,19,19,19,19,51,51,51,51,51,51,51,51,57,57,57,57],"current_hp_per_floor":[1098,1098,1098,1098,1098,1098,1098,1098,1098,1098,1098,1098,1098,1098,1098,1098,1098,1098,1098,1098,1098,1098,1098,1100,1102,1102,1104,1106,1108,1108,1108,1108,1108,1110,1110,1110,1110,1112,1112,1112,1114,1114,1114,1114,1114,1116,1116,1116,1116,1060,1060,1060,1060,1060,1060,1060,1060,1062,1062],"gold":100372,"neow_bonus":"TEN_PERCENT_HP_BONUS","is_daily":false,"chose_seed":false,"campfire_upgraded":1,"win_rate":0.0,"timestamp":1612146097,"path_taken":["M","$","M","?","?","E","?","M","T","?","E","R","M","M","R","BOSS","M","$","M","?","?","E","M","E","T","M","M","E","?","M","PTL","PTL","R","BOSS","M","M","?","?","?","E","R","?","T","E","PTL","PTL","E","?","$","?","R","BOSS","R","$","E","BOSS"],"items_purchased_type":["Relic","Card","Relic","Relic","Relic","Card","Card","Card","Card","Card","Relic","Relic","Relic","Card","Card","Card","Card","Card","Relic","Relic","Relic","Potion"],"build_version":"2020-12-22","purchased_purges":4,"victory":true,"max_hp_per_floor":[1098,1098,1098,1098,1098,1098,1098,1098,1098,1098,1098,1098,1098,1098,1098,1098,1098,1098,1098,1098,1098,1098,1098,1100,1102,1102,1104,1106,1108,1108,1108,1108,1108,1110,1110,1110,1110,1112,1112,1112,1114,1114,1114,1114,1114,1116,1116,1116,1116,1060,1060,1060,1060,1060,1060,1060,1060,1062,1062],"card_choices":[{"not_picked":["Yawn","Side_Hop"],"picked":"Consecutive_Normal_Punch","floor":1},{"not_picked":["Normal_Punch","Ignore"],"picked":"Wear_Disguise","floor":3},{"not_picked":["Do_Nothing","Ignore"],"picked":"Slap","floor":6},{"not_picked":["Hop","Yawn"],"picked":"Consecutive_Normal_Punch","floor":7},{"not_picked":["Consecutive_Normal_Punch","Hop"],"picked":"Toss_Stone","floor":8},{"not_picked":["Slap+1","Yawn"],"picked":"Terrifying_Presence","floor":11},{"not_picked":["Yawn","Ignore","Hop"],"picked":"SKIP","floor":13},{"not_picked":["Wear_Disguise","Do_Nothing"],"picked":"Get_Hopes_Up","floor":14},{"not_picked":["Terrifying_Presence","Oh"],"picked":"Serious_Side_Hops","floor":16},{"not_picked":["Voices","ReplayTheSpireMod:Splinters"],"picked":"Amnesia","floor":17},{"not_picked":["Languid","ReplayTheSpireMod:Restless Dread"],"picked":"ReplayTheSpireMod:Doomed","floor":17},{"not_picked":["ReplayTheSpireMod:IOU","AbeCurse"],"picked":"Clumsy","floor":17},{"not_picked":["Wear_Disguise","Normal_Punch+1"],"picked":"Consecutive_Normal_Punch+1","floor":18},{"not_picked":["Slap+1","Hop"],"picked":"Normal_Punch+1","floor":20},{"not_picked":["Get_Hopes_Up","Do_Nothing"],"picked":"Consecutive_Normal_Punch+1","floor":23},{"not_picked":["Wear_Disguise+1","Side_Hop","Hop"],"picked":"Singing Bowl","floor":24},{"not_picked":["Do_Nothing","Wear_Disguise+1","Toss_Stone+1"],"picked":"Singing Bowl","floor":25},{"not_picked":["Normal_Punch+1","Consecutive_Normal_Punch+1","Toss_Stone+1"],"picked":"Singing Bowl","floor":27},{"not_picked":["Ignore","Slap+1","Wear_Disguise"],"picked":"Singing Bowl","floor":28},{"not_picked":["Wear_Disguise","Normal_Punch+1","Toss_Stone+1"],"picked":"Singing Bowl","floor":29},{"not_picked":["Ignore","Yawn"],"picked":"Toss_Stone+1","floor":31},{"not_picked":["Ignore+1","Side_Hop+1","Yawn+1"],"picked":"Singing Bowl","floor":34},{"not_picked":["Yawn","Ignore"],"picked":"Slap+1","floor":34},{"not_picked":["Oh","Terrifying_Presence"],"picked":"Hip_Strike+1","floor":35},{"not_picked":["Do_Nothing","Yawn+1"],"picked":"Slap+1","floor":37},{"not_picked":["Side_Hop","Toss_Stone+1","Ignore+1"],"picked":"Singing Bowl","floor":38},{"not_picked":["Yawn+1","Wear_Disguise"],"picked":"Normal_Punch+1","floor":39},{"not_picked":["Side_Hop+1","Wear_Disguise"],"picked":"Slap+1","floor":39},{"not_picked":["Do_Nothing","Ignore","Side_Hop"],"picked":"Singing Bowl","floor":41},{"not_picked":["Do_Nothing+1","Wear_Disguise+1"],"picked":"Serious_Side_Hops","floor":42},{"not_picked":["Ignore","Side_Hop"],"picked":"Slap+1","floor":44},{"not_picked":["Serious_Side_Hops","Slap+1","Wear_Disguise+1"],"picked":"Singing Bowl","floor":46},{"not_picked":["Yawn+1","Ignore+1"],"picked":"Slap+1","floor":49},{"not_picked":["Consecutive_Normal_Punch+1","Hop","Wear_Disguise+1"],"picked":"Singing Bowl","floor":58}],"player_experience":335085,"relics_obtained":[{"floor":6,"key":"ReplayTheSpireMod:Lightbulb"},{"floor":11,"key":"Molten Egg 2"},{"floor":21,"key":"ReplayTheSpireMod:Ring of Collecting"},{"floor":21,"key":"Ring of Fury"},{"floor":23,"key":"War Paint"},{"floor":25,"key":"Regal Pillow"},{"floor":26,"key":"White Beast Statue"},{"floor":26,"key":"Ring of Fangs"},{"floor":26,"key":"Pen Nib"},{"floor":29,"key":"Replay:Wax Seal"},{"floor":34,"key":"Grinning Jar"},{"floor":39,"key":"ReplayTheSpireMod:TigerMarble"},{"floor":41,"key":"Counterbalance"},{"floor":42,"key":"Calipers"},{"floor":45,"key":"Ring of Searing"},{"floor":45,"key":"PreservedInsect"},{"floor":46,"key":"Incense Burner"},{"floor":49,"key":"Whetstone"},{"floor":53,"key":"Quantum Egg"},{"floor":58,"key":"Replay:Baseball"}],"event_choices":[{"damage_healed":0,"gold_gain":0,"player_choice":"Take Damage","damage_taken":274,"relics_obtained":["Golden Idol"],"max_hp_gain":0,"max_hp_loss":0,"event_name":"Golden Idol","floor":4,"gold_loss":0},{"damage_healed":0,"gold_gain":275,"player_choice":"Desecrate","damage_taken":0,"max_hp_gain":0,"max_hp_loss":0,"event_name":"Golden Shrine","floor":5,"gold_loss":0,"cards_obtained":["Regret"]},{"damage_healed":0,"gold_gain":0,"player_choice":"Ignored","damage_taken":0,"max_hp_gain":0,"max_hp_loss":0,"event_name":"Liars Game","floor":10,"gold_loss":0},{"damage_healed":0,"gold_gain":0,"player_choice":"Ignored","damage_taken":0,"max_hp_gain":0,"max_hp_loss":0,"event_name":"Ghosts","floor":22,"gold_loss":0},{"damage_healed":0,"gold_gain":0,"player_choice":"Paid","damage_taken":0,"relics_obtained":["Red Mask"],"max_hp_gain":0,"max_hp_loss":0,"event_name":"Tomb of Lord Red Mask","floor":40,"gold_loss":100379},{"damage_healed":0,"gold_gain":0,"player_choice":"Fight","damage_taken":0,"max_hp_gain":0,"max_hp_loss":0,"event_name":"Mysterious Sphere","floor":41,"gold_loss":0},{"damage_healed":0,"gold_gain":0,"player_choice":"Max HP","damage_taken":0,"max_hp_gain":0,"max_hp_loss":56,"event_name":"Winding Halls","floor":50,"gold_loss":0},{"damage_healed":0,"gold_gain":333,"player_choice":"Gave Idol","damage_taken":0,"max_hp_gain":0,"max_hp_loss":0,"event_name":"The Moai Head","floor":52,"relics_lost":["Golden Idol"],"gold_loss":0}],"is_beta":false,"boss_relics":[{"not_picked":["Philosopher\u0027s Stone","Pandora\u0027s Box"],"picked":"Replay:Ancient Bell"},{"not_picked":["Pet Ghost","Oddly Smooth Stone"],"picked":"Gremlin Food"},{"not_picked":["Toxic Egg 2","Kunai"],"picked":"Matryoshka"},{"not_picked":["Du-Vu Doll","Thread and Needle"],"picked":"Ice Cream"},{"not_picked":["SlaversCollar","Busted Crown"],"picked":"Fusion Hammer"}],"items_purged_floors":[2,19,51,57],"is_endless":false,"potions_floor_spawned":[6,7,8,13,14,23,25,27,28,29,31,35,37,38,41,42,44,46,49,58],"ascension_level":3}}