{"host":"t8facflq355xg1wc","time":1612187235,"event":{"mods":["AchievementEnabler","BaseMod","DeckTracker","Minty Spire (QoL Compilation)","StSLib","SuperFastMode"],"gold_per_floor":[114,114,39,55,55,55,80,80,104,133,149,3,3,23,23,154,154,174,190,215,0,21,65,99,132,132,132,155,169,169,209,209,334,334,349,6,29,53,76,76,95,95,95,108,144,203,218,253,253,253],"floor_reached":51,"language":"KOR","playtime":6264,"items_purged":["Strike_G","Strike_G","Decay"],"score":843,"play_id":"159c4940-91aa-47e2-9c9a-3edd6aee4b88","local_time":"20210201224715","is_ascension_mode":true,"campfire_choices":[{"floor":6,"key":"REST"},{"data":"Glass Knife","floor":8,"key":"SMITH"},{"floor":15,"key":"REST"},{"data":"Terror","floor":27,"key":"SMITH"},{"data":"Neutralize","floor":32,"key":"SMITH"},{"data":"Underhanded Strike","floor":42,"key":"SMITH"},{"data":"Calculated Gamble","floor":49,"key":"SMITH"}],"circlet_count":0,"master_deck":["Strike_G+1","Strike_G+1","Defend_G","Defend_G","Survivor","Neutralize+1","Glass Knife+1","Underhanded Strike+1","Terror+1","Tactician+1","Acrobatics+1","Infinite Blades","Distraction+1","Infinite Blades","Dagger Throw+1","Calculated Gamble+1","Distraction+1","PiercingWail+1","Backstab+1","Reflex"],"relics":["Ring of the Snake","Singing Bowl","PreservedInsect","Snake Skull","Membership Card","Golden Idol","Sozu","Shuriken","Orichalcum","Red Mask","Bottled Flame","Tingsha","Anchor","Black Star","Vajra","InkBottle","TheAbacus","Ginger","Juzu Bracelet","Bag of Marbles","Bag of Preparation","Unceasing Top"],"acts_visited":["Exordium","TheCity","TheBeyond"],"potions_floor_usage":[16,16],"damage_taken":[{"damage":1,"enemies":"Small Slimes","floor":1,"turns":3},{"damage":1,"enemies":"Cultist","floor":4,"turns":5},{"damage":27,"enemies":"Gremlin Nob","floor":7,"turns":5},{"damage":1,"enemies":"3 Sentries","floor":10,"turns":5},{"damage":0,"enemies":"Jaw Worm","floor":11,"turns":2},{"damage":0,"enemies":"Exordium Wildlife","floor":14,"turns":2},{"damage":10,"enemies":"The Guardian","floor":16,"turns":11},{"damage":0,"enemies":"3 Byrds","floor":18,"turns":5},{"damage":7,"enemies":"Shell Parasite","floor":19,"turns":4},{"damage":6,"enemies":"Cultist and Chosen","floor":20,"turns":6},{"damage":0,"enemies":"Snecko","floor":22,"turns":2},{"damage":8,"enemies":"Book of Stabbing","floor":23,"turns":3},{"damage":0,"enemies":"Masked Bandits","floor":24,"turns":3},{"damage":12,"enemies":"Gremlin Leader","floor":25,"turns":3},{"damage":1,"enemies":"Centurion and Healer","floor":28,"turns":4},{"damage":0,"enemies":"Chosen and Byrds","floor":29,"turns":3},{"damage":2,"enemies":"Slavers","floor":31,"turns":3},{"damage":16,"enemies":"Champ","floor":33,"turns":6},{"damage":8,"enemies":"3 Darklings","floor":35,"turns":3},{"damage":2,"enemies":"3 Shapes","floor":37,"turns":2},{"damage":0,"enemies":"Spire Growth","floor":38,"turns":2},{"damage":0,"enemies":"Jaw Worm Horde","floor":39,"turns":2},{"damage":3,"enemies":"Maw","floor":41,"turns":3},{"damage":0,"enemies":"Spire Growth","floor":44,"turns":3},{"damage":0,"enemies":"Giant Head","floor":45,"turns":3},{"damage":0,"enemies":"2 Orb Walkers","floor":46,"turns":2},{"damage":0,"enemies":"Transient","floor":47,"turns":5},{"damage":0,"enemies":"Reptomancer","floor":48,"turns":3},{"damage":22,"enemies":"Awakened One","floor":50,"turns":6}],"seed_played":"4755617574185693277","potions_obtained":[{"floor":10,"key":"Ancient Potion"},{"floor":11,"key":"Strength Potion"},{"floor":14,"key":"Dexterity Potion"}],"is_trial":false,"path_per_floor":["M","?","$","M","?","R","E","R","T","E","M","$","?","M","R","B",null,"M","M","M","$","M","E","?","E","T","R","M","M","?","E","R","B",null,"M","$","M","M","M","?","M","R","T","M","E","?","M","E","R","B",null],"character_chosen":"THE_SILENT","items_purchased":["Membership Card","Shuriken","Infinite Blades","Vajra","InkBottle","TheAbacus"],"campfire_rested":2,"item_purchase_floors":[12,21,21,36,36,36],"current_hp_per_floor":[48,48,48,47,33,54,27,27,27,26,28,28,28,30,50,42,71,71,64,58,58,60,52,52,42,42,42,41,43,43,41,41,27,79,73,73,71,73,75,75,72,72,72,74,74,76,78,78,78,56],"gold":253,"neow_bonus":"REMOVE_TWO","is_daily":false,"chose_seed":false,"campfire_upgraded":5,"win_rate":0.0,"timestamp":1612187235,"path_taken":["M","?","$","?","?","R","E","R","T","E","M","?","?","M","R","BOSS","M","M","M","$","M","E","?","E","T","R","M","M","?","E","R","BOSS","M","$","M","M","?","?","?","R","T","M","E","?","M","E","R","BOSS"],"items_purchased_type":["Relic","Relic","Card","Relic","Relic","Relic"],"build_version":"2020-12-22","purchased_purges":3,"victory":true,"max_hp_per_floor":[70,70,70,70,70,70,70,70,70,70,72,72,67,69,69,71,71,71,71,71,71,73,73,73,75,75,75,75,77,77,77,77,79,79,81,81,81,83,85,85,85,85,85,87,87,89,91,91,91,91],"card_choices":[{"not_picked":["Outmaneuver","Slice","Predator"],"picked":"SKIP","floor":1},{"not_picked":["Noxious Fumes","Cloak And Dagger","Deflect"],"picked":"SKIP","floor":4},{"not_picked":["Noxious Fumes","Cloak And Dagger","Deflect"],"picked":"SKIP","floor":4},{"not_picked":["Sucker Punch","Dagger Throw"],"picked":"Glass Knife","floor":7},{"not_picked":["Predator","Poisoned Stab"],"picked":"Underhanded Strike","floor":10},{"not_picked":["Endless Agony","Acrobatics","Underhanded Strike"],"picked":"Singing Bowl","floor":11},{"not_picked":["Bane","Slice","Deflect"],"picked":"Singing Bowl","floor":14},{"not_picked":["Bullet Time","Doppelganger","A Thousand Cuts"],"picked":"Singing Bowl","floor":16},{"not_picked":["Escape Plan","Poisoned Stab"],"picked":"Terror","floor":18},{"not_picked":["Reflex","Flying Knee"],"picked":"Tactician+1","floor":19},{"not_picked":["Prepared","PiercingWail"],"picked":"Acrobatics+1","floor":20},{"not_picked":["Eviscerate+1","Dodge and Roll","Expertise+1"],"picked":"Singing Bowl","floor":22},{"not_picked":["Choke+1","Dagger Spray"],"picked":"Distraction+1","floor":23},{"not_picked":["Skewer","Caltrops+1"],"picked":"Infinite Blades","floor":24},{"not_picked":["Blade Dance","Acrobatics","Doppelganger"],"picked":"Singing Bowl","floor":25},{"not_picked":["Infinite Blades","Backflip+1"],"picked":"Dagger Throw+1","floor":28},{"not_picked":["Poisoned Stab","Dagger Spray","Quick Slash"],"picked":"Singing Bowl","floor":29},{"not_picked":["Heel Hook","Deadly Poison"],"picked":"Calculated Gamble","floor":31},{"not_picked":["Envenom","A Thousand Cuts","Wraith Form v2"],"picked":"Singing Bowl","floor":33},{"not_picked":["Flying Knee","Backflip","Slice"],"picked":"Singing Bowl","floor":35},{"not_picked":["Deflect+1","Escape Plan"],"picked":"Distraction+1","floor":37},{"not_picked":["Choke+1","All Out Attack","Blur"],"picked":"Singing Bowl","floor":38},{"not_picked":["Poisoned Stab","Catalyst+1","PiercingWail"],"picked":"Singing Bowl","floor":39},{"not_picked":["Bullet Time","Dagger Spray"],"picked":"PiercingWail+1","floor":41},{"not_picked":["Caltrops","Terror+1","Flying Knee+1"],"picked":"Singing Bowl","floor":44},{"not_picked":["Flying Knee","Corpse Explosion"],"picked":"Backstab+1","floor":45},{"not_picked":["Escape Plan+1","PiercingWail+1","Slice+1"],"picked":"Singing Bowl","floor":46},{"not_picked":["Poisoned Stab","Sucker Punch","Outmaneuver"],"picked":"Singing Bowl","floor":47},{"not_picked":["Skewer","Masterful Stab+1"],"picked":"Reflex","floor":48}],"player_experience":74685,"relics_obtained":[{"floor":7,"key":"Singing Bowl"},{"floor":9,"key":"PreservedInsect"},{"floor":10,"key":"Snake Skull"},{"floor":23,"key":"Orichalcum"},{"floor":24,"key":"Red Mask"},{"floor":25,"key":"Bottled Flame"},{"floor":26,"key":"Tingsha"},{"floor":31,"key":"Anchor"},{"floor":43,"key":"Ginger"},{"floor":45,"key":"Juzu Bracelet"},{"floor":45,"key":"Bag of Marbles"},{"floor":48,"key":"Bag of Preparation"},{"floor":48,"key":"Unceasing Top"}],"event_choices":[{"cards_removed":["Defend_G"],"damage_healed":0,"gold_gain":0,"player_choice":"Purged","damage_taken":0,"max_hp_gain":0,"max_hp_loss":0,"event_name":"Purifier","floor":2,"gold_loss":0},{"damage_healed":0,"gold_gain":0,"player_choice":"Entered Light","damage_taken":14,"max_hp_gain":0,"max_hp_loss":0,"event_name":"Shining Light","floor":5,"gold_loss":0,"cards_upgraded":["Strike_G","Strike_G"]},{"damage_healed":0,"gold_gain":0,"player_choice":"Lose Max HP","damage_taken":0,"relics_obtained":["Golden Idol"],"max_hp_gain":0,"max_hp_loss":5,"event_name":"Golden Idol","floor":13,"gold_loss":0},{"damage_healed":0,"gold_gain":0,"player_choice":"Fought Bandits","damage_taken":0,"max_hp_gain":0,"max_hp_loss":0,"event_name":"Masked Bandits","floor":24,"gold_loss":0},{"damage_healed":0,"gold_gain":0,"player_choice":"Cursed","damage_taken":0,"max_hp_gain":0,"max_hp_loss":0,"event_name":"Wheel of Change","floor":30,"gold_loss":0,"cards_obtained":["Decay"]},{"cards_removed":["Defend_G"],"damage_healed":0,"gold_gain":0,"player_choice":"Purged","damage_taken":0,"max_hp_gain":0,"max_hp_loss":0,"event_name":"Purifier","floor":40,"gold_loss":0},{"damage_healed":0,"gold_gain":0,"player_choice":"Fight","damage_taken":0,"max_hp_gain":0,"max_hp_loss":0,"event_name":"Mysterious Sphere","floor":46,"gold_loss":0}],"is_beta":false,"boss_relics":[{"not_picked":["Calling Bell","Snecko Eye"],"picked":"Sozu"},{"not_picked":["Coffee Dripper","Runic Pyramid"],"picked":"Black Star"}],"items_purged_floors":[3,21,36],"is_endless":false,"potions_floor_spawned":[10,11,14,18,20,23,24,29,39,41,44,46,47],"ascension_level":1}}