{"host":"cbu6enf2xtq4r7r3","time":1612180443,"event":{"mods":["2.2 Compatiblity","AlwaysNeverKeys","BaseMod","Better Match","Better Note","Better Sensory Stone","Better Skull","Better Third Choice","Colored Map","Colored Powertips","Defuse TimeMaze Blight","Emptier Cage","Minty Spire (QoL Compilation)","Permanent Neow","Quick Restart","Random Character Button","Relic Sorter","Reorder Act Four","Shop Mod","StSLib"],"gold_per_floor":[110,110,127,147,163,163,183,213,213,213,226,258,269,281,281,382,382,399,419,437,132,144,144,174,174,227,261,261,361,395,395,395,506,506,534,589,610,610,620,648,648,683,708,708,731,1015,1015,50,50,50],"floor_reached":51,"language":"ENG","playtime":2008,"items_purged":["Strike_R","Regret"],"score":1284,"play_id":"db220f85-a5c3-4502-bc6b-2addad962d73","local_time":"20210201125403","is_ascension_mode":true,"campfire_choices":[{"data":"Infernal Blade","floor":6,"key":"SMITH"},{"data":"Inflame","floor":10,"key":"SMITH"},{"data":"Sword Boomerang","floor":15,"key":"SMITH"},{"data":"Heavy Blade","floor":23,"key":"SMITH"},{"data":"Shrug It Off","floor":25,"key":"SMITH"},{"data":"Disarm","floor":32,"key":"SMITH"},{"data":"1","floor":41,"key":"LIFT"},{"data":"2","floor":44,"key":"LIFT"},{"data":"3","floor":47,"key":"LIFT"},{"data":"Fire Breathing","floor":49,"key":"SMITH"}],"circlet_count":0,"master_deck":["Strike_R","Strike_R","Strike_R","Strike_R","Defend_R","Defend_R","Defend_R","Defend_R","Bash+1","Cleave","Heavy Blade+1","Pummel","Infernal Blade+1","Inflame+1","Sword Boomerang+1","Whirlwind","Sword Boomerang+1","Impervious","Shrug It Off+1","Carnage+1","Disarm+1","True Grit+1","Barricade","Shrug It Off+1","Pommel Strike+1","Pommel Strike+1","Fire Breathing+1"],"relics":["Burning Blood","InkBottle","The Courier","Molten Egg 2","Snecko Eye","ClockworkSouvenir","Lantern","Self Forming Clay","CeramicFish","Mercury Hourglass","Ice Cream","Gremlin Horn","Shuriken","Coffee Dripper","Girya","MealTicket","Vajra","Boot","Chemical X","Pear","Letter Opener","Pen Nib","Strawberry","Bronze Scales"],"acts_visited":["Exordium","TheCity","TheBeyond"],"potions_floor_usage":[1,4,5,13,16,18,20,24,29,29,29,30,39,42,42],"damage_taken":[{"damage":0,"enemies":"Small Slimes","floor":1,"turns":2},{"damage":1,"enemies":"Cultist","floor":3,"turns":3},{"damage":0,"enemies":"2 Louse","floor":4,"turns":2},{"damage":14,"enemies":"Lots of Slimes","floor":5,"turns":4},{"damage":7,"enemies":"2 Fungi Beasts","floor":7,"turns":2},{"damage":22,"enemies":"3 Sentries","floor":8,"turns":5},{"damage":11,"enemies":"3 Louse","floor":11,"turns":3},{"damage":13,"enemies":"Gremlin Nob","floor":12,"turns":3},{"damage":3,"enemies":"Blue Slaver","floor":13,"turns":2},{"damage":7,"enemies":"2 Fungi Beasts","floor":14,"turns":3},{"damage":0,"enemies":"Slime Boss","floor":16,"turns":4},{"damage":6,"enemies":"3 Byrds","floor":18,"turns":3},{"damage":15,"enemies":"2 Thieves","floor":19,"turns":3},{"damage":15,"enemies":"Shelled Parasite and Fungi","floor":20,"turns":4},{"damage":0,"enemies":"Cultist and Chosen","floor":22,"turns":3},{"damage":0,"enemies":"Gremlin Leader","floor":24,"turns":3},{"damage":20,"enemies":"Slavers","floor":27,"turns":4},{"damage":3,"enemies":"Colosseum Slavers","floor":29,"turns":2},{"damage":14,"enemies":"Colosseum Nobs","floor":29,"turns":4},{"damage":0,"enemies":"Book of Stabbing","floor":30,"turns":3},{"damage":50,"enemies":"Champ","floor":33,"turns":8},{"damage":5,"enemies":"Orb Walker","floor":35,"turns":3},{"damage":0,"enemies":"2 Orb Walkers","floor":36,"turns":3},{"damage":0,"enemies":"3 Darklings","floor":37,"turns":3},{"damage":0,"enemies":"Writhing Mass","floor":39,"turns":3},{"damage":4,"enemies":"Reptomancer","floor":40,"turns":4},{"damage":2,"enemies":"Giant Head","floor":42,"turns":6},{"damage":0,"enemies":"4 Shapes","floor":45,"turns":3},{"damage":26,"enemies":"Time Eater","floor":50,"turns":3}],"seed_played":"5740908912437006","potions_obtained":[{"floor":0,"key":"AttackPotion"},{"floor":0,"key":"Fire Potion"},{"floor":0,"key":"LiquidBronze"},{"floor":3,"key":"DistilledChaos"},{"floor":8,"key":"Weak Potion"},{"floor":12,"key":"Explosive Potion"},{"floor":14,"key":"DuplicationPotion"},{"floor":16,"key":"Dexterity Potion"},{"floor":18,"key":"Ancient Potion"},{"floor":20,"key":"Weak Potion"},{"floor":27,"key":"SkillPotion"},{"floor":29,"key":"Weak Potion"},{"floor":35,"key":"LiquidBronze"},{"floor":37,"key":"Swift Potion"},{"floor":40,"key":"ColorlessPotion"}],"is_trial":false,"path_per_floor":["M","?","M","M","M","R","M","E","T","R","M","E","M","M","R","B",null,"M","M","M","$","M","R","E","R","T","E","?","?","E","?","R","B",null,"M","?","M","?","M","E","R","E","T","R","M","?","R","$","R","B",null],"character_chosen":"IRONCLAD","items_purchased":["ClockworkSouvenir","Lantern","Chemical X","Pear","Letter Opener","Pen Nib","Strawberry","Bronze Scales"],"campfire_rested":0,"item_purchase_floors":[21,21,48,48,48,48,48,48],"current_hp_per_floor":[78,78,80,80,72,72,71,55,55,55,50,43,46,45,45,51,73,73,64,55,55,61,61,67,67,67,53,53,48,54,54,54,10,63,64,70,76,76,80,80,80,80,80,80,80,80,80,97,97,77],"gold":50,"neow_bonus":"THREE_SMALL_POTIONS","is_daily":false,"chose_seed":false,"campfire_upgraded":7,"win_rate":0.0,"timestamp":1612180443,"path_taken":["M","?","M","?","M","R","M","E","T","R","M","E","M","M","R","BOSS","M","M","M","$","M","R","E","R","T","E","?","?","E","?","R","BOSS","M","?","M","?","M","E","R","E","T","R","M","?","R","$","R","BOSS"],"items_purchased_type":["Relic","Relic","Relic","Relic","Relic","Relic","Relic","Relic"],"build_version":"2020-12-22","purchased_purges":2,"victory":true,"max_hp_per_floor":[80,80,80,80,80,80,80,80,80,80,80,80,80,80,80,80,80,80,80,80,80,80,80,80,80,80,80,80,80,80,80,80,80,80,80,80,80,80,80,80,80,80,80,80,80,80,80,97,97,97],"card_choices":[{"not_picked":["Burning Pact","Evolve"],"picked":"Cleave","floor":1},{"not_picked":["Combust","Rage"],"picked":"Heavy Blade","floor":3},{"not_picked":["Ghostly Armor","Intimidate"],"picked":"Pummel","floor":4},{"not_picked":["Flex","Rage"],"picked":"Infernal Blade","floor":5},{"not_picked":["Iron Wave","Thunderclap"],"picked":"Inflame","floor":7},{"not_picked":["Brutality","Thunderclap"],"picked":"Sword Boomerang","floor":8},{"not_picked":["Inflame","Anger"],"picked":"Whirlwind","floor":11},{"not_picked":["Spot Weakness","Anger+1","Feel No Pain"],"picked":"SKIP","floor":12},{"not_picked":["Iron Wave+1","Sever Soul+1"],"picked":"Sword Boomerang+1","floor":13},{"not_picked":["Pommel Strike+1","Clothesline+1","Havoc"],"picked":"SKIP","floor":14},{"not_picked":["Barricade","Berserk"],"picked":"Impervious","floor":16},{"not_picked":["Twin Strike+1","Havoc+1"],"picked":"Shrug It Off","floor":18},{"not_picked":["Whirlwind+1","Sever Soul+1"],"picked":"Carnage+1","floor":19},{"not_picked":["Clothesline+1","Twin Strike+1","Perfected Strike+1"],"picked":"SKIP","floor":20},{"not_picked":["Body Slam+1","Havoc","Entrench"],"picked":"SKIP","floor":22},{"not_picked":["Dropkick+1","Iron Wave+1"],"picked":"Disarm","floor":24},{"not_picked":["Brutality","True Grit+1","Reckless Charge+1"],"picked":"SKIP","floor":27},{"not_picked":["Brutality","Reckless Charge+1"],"picked":"True Grit+1","floor":27},{"not_picked":["Clothesline+1","Hemokinesis+1","Feel No Pain"],"picked":"SKIP","floor":30},{"not_picked":["Exhume","Fiend Fire+1"],"picked":"Barricade","floor":33},{"not_picked":["Entrench","Anger+1"],"picked":"Shrug It Off+1","floor":35},{"not_picked":["Twin Strike+1","Infernal Blade+1"],"picked":"Pommel Strike+1","floor":36},{"not_picked":["Carnage+1","Body Slam+1"],"picked":"Pommel Strike+1","floor":37},{"not_picked":["Cleave+1","Anger+1","Armaments"],"picked":"SKIP","floor":39},{"not_picked":["Clothesline+1","Clash+1","Sever Soul+1"],"picked":"SKIP","floor":40},{"not_picked":["Clothesline+1","Headbutt+1","Wild Strike+1"],"picked":"SKIP","floor":42},{"not_picked":["Clash+1","Armaments"],"picked":"Fire Breathing","floor":45}],"player_experience":124295,"relics_obtained":[{"floor":8,"key":"InkBottle"},{"floor":9,"key":"The Courier"},{"floor":12,"key":"Molten Egg 2"},{"floor":24,"key":"Self Forming Clay"},{"floor":26,"key":"CeramicFish"},{"floor":27,"key":"Mercury Hourglass"},{"floor":29,"key":"Ice Cream"},{"floor":29,"key":"Gremlin Horn"},{"floor":30,"key":"Shuriken"},{"floor":36,"key":"Girya"},{"floor":40,"key":"MealTicket"},{"floor":42,"key":"Vajra"},{"floor":43,"key":"Boot"}],"event_choices":[{"damage_healed":0,"gold_gain":0,"player_choice":"Upgraded","damage_taken":0,"max_hp_gain":0,"max_hp_loss":0,"event_name":"Upgrade Shrine","floor":2,"gold_loss":0,"cards_upgraded":["Bash"]},{"cards_removed":["Shrug It Off"],"damage_healed":0,"gold_gain":0,"player_choice":"Give","damage_taken":0,"max_hp_gain":0,"max_hp_loss":0,"event_name":"betterNote:BetterNote","floor":28,"gold_loss":0,"cards_obtained":["Flash of Steel"]},{"damage_healed":0,"gold_gain":0,"player_choice":"Fight","damage_taken":0,"max_hp_gain":0,"max_hp_loss":0,"event_name":"Colosseum","floor":29,"gold_loss":0},{"damage_healed":0,"gold_gain":0,"player_choice":"Fought Nobs","damage_taken":0,"max_hp_gain":0,"max_hp_loss":0,"event_name":"Colosseum","floor":29,"gold_loss":0},{"damage_healed":0,"gold_gain":0,"player_choice":"Ignored","damage_taken":0,"max_hp_gain":0,"max_hp_loss":0,"event_name":"Ghosts","floor":31,"gold_loss":0},{"damage_healed":0,"gold_gain":0,"player_choice":"Fight","damage_taken":0,"max_hp_gain":0,"max_hp_loss":0,"event_name":"Mysterious Sphere","floor":36,"gold_loss":0},{"damage_healed":0,"gold_gain":0,"player_choice":"Ignored","damage_taken":0,"max_hp_gain":0,"max_hp_loss":0,"event_name":"Tomb of Lord Red Mask","floor":38,"gold_loss":0},{"damage_healed":0,"gold_gain":275,"player_choice":"Desecrate","damage_taken":0,"max_hp_gain":0,"max_hp_loss":0,"event_name":"Golden Shrine","floor":46,"gold_loss":0,"cards_obtained":["Regret"]}],"is_beta":false,"boss_relics":[{"not_picked":["Ectoplasm","Empty Cage"],"picked":"Snecko Eye"},{"not_picked":["Philosopher\u0027s Stone","Black Star"],"picked":"Coffee Dripper"}],"items_purged_floors":[21,48],"is_endless":false,"potions_floor_spawned":[3,8,12,14,16,18,20,27,29,29,35,37,40],"ascension_level":7}}