{"host":"5jyeqch4fosnsiz2","time":1612205524,"event":{"mods":["BaseMod","Bestiary","Colored Map","Colored Powertips","Filter the Spire","Minty Spire (QoL Compilation)","Relic Stats","StSLib","Waifu the Spire","ojb\u0027s Better Paths Mod","ojb\u0027s Info Mod"],"gold_per_floor":[109,120,21,31,31,31,59,87,111,131,165,165,178,194,194,194,194],"floor_reached":16,"language":"ENG","playtime":608,"items_purged":["Strike_G"],"score":112,"play_id":"094dd0ec-ac58-40e1-a6ae-20b3acf68af8","local_time":"20210201135204","is_ascension_mode":false,"campfire_choices":[{"data":"Footwork","floor":6,"key":"SMITH"},{"floor":12,"key":"REST"},{"floor":15,"key":"REST"}],"circlet_count":0,"master_deck":["Strike_G","Strike_G","Strike_G","Strike_G","Defend_G","Defend_G","Defend_G","Defend_G","Defend_G+1","Survivor","Neutralize","Corpse Explosion","Deadly Poison","Dagger Spray","Poisoned Stab","Footwork+1","Dash","Backflip+1","Escape Plan","Catalyst","Backflip"],"relics":["Ring of the Snake","Potion Belt","Juzu Bracelet","Odd Mushroom","War Paint","The Specimen"],"acts_visited":["Exordium"],"potions_floor_usage":[7,7,11],"damage_taken":[{"damage":5,"enemies":"Jaw Worm","floor":1,"turns":5},{"damage":2,"enemies":"2 Louse","floor":2,"turns":2},{"damage":0,"enemies":"Cultist","floor":4,"turns":4},{"damage":21,"enemies":"3 Sentries","floor":7,"turns":5},{"damage":18,"enemies":"The Mushroom Lair","floor":8,"turns":2},{"damage":0,"enemies":"2 Fungi Beasts","floor":10,"turns":2},{"damage":13,"enemies":"Lagavulin","floor":11,"turns":7},{"damage":2,"enemies":"Large Slime","floor":13,"turns":7},{"damage":13,"enemies":"Exordium Wildlife","floor":14,"turns":4},{"damage":43,"enemies":"Slime Boss","floor":16,"turns":11}],"seed_played":"-7711392092185302342","potions_obtained":[{"floor":1,"key":"Poison Potion"},{"floor":2,"key":"Dexterity Potion"},{"floor":8,"key":"AttackPotion"}],"is_trial":false,"path_per_floor":["M","M","$","M","?","R","E","?","T","M","E","R","M","M","R","B"],"character_chosen":"THE_SILENT","items_purchased":["Poisoned Stab"],"campfire_rested":2,"item_purchase_floors":[3],"current_hp_per_floor":[65,63,63,63,56,56,35,17,17,17,4,25,23,10,31,0,0],"gold":194,"neow_bonus":"ONE_RANDOM_RARE_CARD","is_daily":false,"chose_seed":false,"campfire_upgraded":1,"win_rate":0.0,"timestamp":1612205524,"path_taken":["M","M","$","M","?","R","E","?","T","M","E","R","M","M","R","BOSS"],"items_purchased_type":["Card"],"build_version":"2020-12-22","purchased_purges":1,"victory":false,"max_hp_per_floor":[70,70,70,70,70,70,70,70,70,70,70,70,70,70,70,70,70],"relic_stats":{"counters":[10,49],"Juzu Bracelet":0,"War Paint":["Backflip","Defend_G"],"obtain_stats":[{"Potion Belt":5,"The Specimen":11,"Juzu Bracelet":7,"Odd Mushroom":8,"War Paint":9,"Ring of the Snake":0},{"Potion Belt":3,"The Specimen":7,"Juzu Bracelet":4,"Odd Mushroom":5,"War Paint":5,"Ring of the Snake":0},{"Potion Belt":11,"The Specimen":27,"Juzu Bracelet":16,"Odd Mushroom":18,"War Paint":18,"Ring of the Snake":0}],"Ring of the Snake":[20]},"card_choices":[{"not_picked":["Slice","Expertise"],"picked":"Deadly Poison","floor":1},{"not_picked":["PiercingWail","Reflex"],"picked":"Dagger Spray","floor":2},{"not_picked":["Sucker Punch","Quick Slash"],"picked":"Footwork","floor":4},{"not_picked":["Terror","Blade Dance"],"picked":"Dash","floor":7},{"not_picked":["Catalyst","Footwork"],"picked":"Backflip","floor":8},{"not_picked":["Sucker Punch","Underhanded Strike"],"picked":"Escape Plan","floor":10},{"not_picked":["Caltrops","Leg Sweep"],"picked":"Catalyst","floor":11},{"not_picked":["Sucker Punch","Blade Dance","Reflex"],"picked":"SKIP","floor":13},{"not_picked":["Calculated Gamble","Sucker Punch"],"picked":"Backflip","floor":14}],"player_experience":371187,"relics_obtained":[{"floor":7,"key":"Juzu Bracelet"},{"floor":8,"key":"Odd Mushroom"},{"floor":9,"key":"War Paint"},{"floor":11,"key":"The Specimen"}],"event_choices":[{"damage_healed":0,"gold_gain":0,"player_choice":"Success","damage_taken":7,"relics_obtained":["Potion Belt"],"max_hp_gain":0,"max_hp_loss":0,"event_name":"Scrap Ooze","floor":5,"gold_loss":0},{"damage_healed":0,"gold_gain":0,"player_choice":"Fought Mushrooms","damage_taken":0,"max_hp_gain":0,"max_hp_loss":0,"event_name":"Mushrooms","floor":8,"gold_loss":0}],"is_beta":false,"boss_relics":[],"items_purged_floors":[3],"is_endless":false,"potions_floor_spawned":[1,2,8],"killed_by":"Slime Boss","ascension_level":0}}