{"host":"g7mkzn6qfoxkk5sz","time":1612141233,"event":{"mods":["BaseMod","Colored Map","Colored Powertips","Downfall","Minty Spire (QoL Compilation)","StSLib"],"gold_per_floor":[99,99,99,99,199,199,199,199,226,245,10,22,22,22,35,140,140,140,150,150,167,52,52,52,52,52,63,63,63,9,9,19,123,123,123,142,159,1158,1175,790,790,821,852,883,449,449,449,449,467,467],"floor_reached":51,"language":"ENG","playtime":2089,"items_purged":["Regret","Slimebound:Strike_Slimebound","Slimebound:Strike_Slimebound","Normality","Normality"],"score":752,"play_id":"2a8ba98c-a986-465d-935b-e8207e5a4b25","local_time":"20210201030033","is_ascension_mode":true,"campfire_choices":[{"data":"Slimebound:Split","floor":1,"key":"SMITH"},{"data":"Slimebound:LeechEnergy","floor":6,"key":"SMITH"},{"data":"Slimebound:Recycling","floor":13,"key":"SMITH"},{"data":"Slimebound:MassFeed","floor":18,"key":"SMITH"},{"floor":23,"key":"REST"},{"data":"Slimebound:CheckThePlaybook","floor":26,"key":"SMITH"},{"data":"Slimebound:TagTeam","floor":35,"key":"SMITH"},{"floor":47,"key":"REST"}],"circlet_count":0,"master_deck":["Slimebound:Strike_Slimebound","Slimebound:Tackle","Slimebound:Defend_Slimebound","Slimebound:Defend_Slimebound+1","Slimebound:Defend_Slimebound","Slimebound:Defend_Slimebound","Slimebound:Split+1","Slimebound:CorrosiveSpit","Slimebound:LivingWall","Slimebound:LeechEnergy+1","Slimebound:SplitMire","Slimebound:Gluttony","Slimebound:FormOfPuddle","Slimebound:Recycling+1","Slimebound:SlimeSpikes","Slimebound:MassFeed+1","Slimebound:RollThrough+1","Slimebound:CheckThePlaybook+1","Pride","Slimebound:Prepare","Slimebound:Recollect+1","Slimebound:Repurpose+1","Slimebound:TagTeam+1","Slimebound:GoopSpray","Slimebound:Equalize+1","Slimebound:LevelUp+1","Parasite","Slimebound:Repurpose","Slimebound:PrepareCrush","Slimebound:Gluttony","expansioncontent:AwakenDeath","Slimebound:Teamwork+1"],"relics":["Slimebound:AbsorbEndCombatUpgraded","downfall:HeartsMalice","Mercury Hourglass","Sundial","MealTicket","Juzu Bracelet","downfall:ShatteredFragment","Runic Dome","Vajra","Question Card","MutagenicStrength","War Paint","Darkstone Periapt","Membership Card","PreservedInsect","Lantern","MawBank","Toxic Egg 2","Bottled Lightning","TheAbacus"],"acts_visited":["Exordium","TheCity","TheBeyond"],"potions_floor_usage":[15,16,16,30,50,50,50],"damage_taken":[{"damage":0,"enemies":"2 Louse","floor":2,"turns":1},{"damage":0,"enemies":"Small Slimes","floor":3,"turns":1},{"damage":0,"enemies":"Jaw Worm","floor":8,"turns":1},{"damage":21,"enemies":"3 Sentries","floor":9,"turns":6},{"damage":13,"enemies":"Large Slime","floor":10,"turns":4},{"damage":12,"enemies":"downfall:FleeingMerchant","floor":11,"turns":4},{"damage":22,"enemies":"Exordium Thugs","floor":12,"turns":4},{"damage":8,"enemies":"Blue Slaver","floor":15,"turns":3},{"damage":10,"enemies":"SI_SHIV_ARCHETYPE","floor":16,"turns":7},{"damage":12,"enemies":"3 Byrds","floor":19,"turns":3},{"damage":44,"enemies":"Centurion and Healer","floor":21,"turns":7},{"damage":29,"enemies":"downfall:FleeingMerchant","floor":22,"turns":4},{"damage":19,"enemies":"Shelled Parasite and Fungi","floor":27,"turns":3},{"damage":7,"enemies":"downfall:FleeingMerchant","floor":30,"turns":3},{"damage":10,"enemies":"Sentry and Sphere","floor":32,"turns":4},{"damage":23,"enemies":"WA_ARCHETYPE_CALM","floor":33,"turns":5},{"damage":16,"enemies":"3 Shapes","floor":36,"turns":3},{"damage":9,"enemies":"3 Darklings","floor":37,"turns":3},{"damage":44,"enemies":"4 Shapes","floor":39,"turns":3},{"damage":42,"enemies":"Spire Growth","floor":42,"turns":4},{"damage":49,"enemies":"Writhing Mass","floor":43,"turns":5},{"damage":22,"enemies":"Maw","floor":44,"turns":6},{"damage":6,"enemies":"3 Darklings","floor":49,"turns":3},{"damage":231,"enemies":"IC_BLOCK_ARCHETYPE","floor":50,"turns":10}],"seed_played":"2329648170336391171","potions_obtained":[{"floor":9,"key":"Regen Potion"},{"floor":10,"key":"SpeedPotion"},{"floor":12,"key":"hexamod:SoulburnPotion"},{"floor":15,"key":"Dexterity Potion"},{"floor":21,"key":"SkillPotion"},{"floor":32,"key":"FairyPotion"},{"floor":33,"key":"DistilledChaos"},{"floor":37,"key":"Block Potion"},{"floor":49,"key":"Block Potion"}],"is_trial":false,"path_per_floor":["R","M","M","?","?","R","T","M","E","M","$","M","R","?","M","B",null,"R","M","?","M","$","R","T","?","R","M","?","T","$","?","M","B",null,"R","M","M","?","M","$","T","M","M","M","$","?","R","?","M","B",null],"character_chosen":"SLIMEBOUND","items_purchased":["Juzu Bracelet","Darkstone Periapt","Membership Card","PreservedInsect","Lantern","Slimebound:Gluttony","Toxic Egg 2","Bottled Lightning","TheAbacus"],"campfire_rested":2,"item_purchase_floors":[11,30,40,40,40,45,45,45,45],"current_hp_per_floor":[65,65,65,65,65,65,65,65,50,43,52,34,34,16,21,19,65,65,55,55,19,13,30,30,30,30,13,13,13,29,29,23,6,59,59,51,50,62,43,58,58,22,30,24,39,39,64,64,76,10],"gold":467,"neow_bonus":"THREE_ENEMY_KILL","is_daily":false,"chose_seed":false,"campfire_upgraded":6,"win_rate":0.0,"timestamp":1612141233,"path_taken":["R","M","M","?","?","R","T","M","E","M","$","M","R","?","M","BOSS","R","M","?","M","$","R","T","?","R","M","?","?","$","?","M","BOSS","R","M","M","?","M","$","T","M","M","M","$","?","R","?","M","BOSS"],"items_purchased_type":["Relic","Relic","Relic","Relic","Relic","Card","Relic","Relic","Relic"],"build_version":"2020-12-22","purchased_purges":5,"victory":true,"max_hp_per_floor":[65,65,65,65,65,65,65,65,65,65,65,65,65,65,65,65,65,65,65,59,59,59,59,59,59,59,59,59,59,59,59,59,59,59,59,59,59,71,75,75,75,75,81,85,85,85,85,85,85,85],"card_choices":[{"not_picked":["Slimebound:ItLooksTasty","Slimebound:Prepare"],"picked":"Slimebound:LivingWall","floor":2},{"not_picked":["Slimebound:DisruptingSlam","Slimebound:Prepare"],"picked":"Slimebound:LeechEnergy","floor":3},{"not_picked":["Slimebound:SamplingLick","Slimebound:RollThrough"],"picked":"Slimebound:SplitMire","floor":8},{"not_picked":["Slimebound:FinishingTackle","Slimebound:SlimeTap"],"picked":"Slimebound:Gluttony","floor":9},{"not_picked":["Slimebound:HungryTackle","Slimebound:Replication"],"picked":"Slimebound:FormOfPuddle","floor":10},{"not_picked":["Slimebound:LeechEnergy","Slimebound:Chomp"],"picked":"Slimebound:SplitAcid","floor":11},{"not_picked":["Slimebound:LeechingTouch","Slimebound:ViciousTackle"],"picked":"Slimebound:Recycling","floor":12},{"not_picked":["Slimebound:SlimeTap","Slimebound:ServeAndProtect"],"picked":"Slimebound:SlimeSpikes","floor":15},{"not_picked":["Slimebound:SelfFormingGoo","Slimebound:Overexert"],"picked":"Slimebound:MassFeed","floor":16},{"not_picked":["Slimebound:Chomp+1","Slimebound:Gluttony"],"picked":"Slimebound:RollThrough+1","floor":19},{"not_picked":["Slimebound:RollThrough","Slimebound:FinishingTackle","Slimebound:ViciousTackle"],"picked":"SKIP","floor":21},{"not_picked":["Slimebound:HauntingLick+1","Slimebound:SlimeBrawl+1","Slimebound:HungryTackle"],"picked":"SKIP","floor":22},{"not_picked":["Slimebound:SplitMire","Slimebound:FinishingTackle+1","Slimebound:DisruptingSlam"],"picked":"Slimebound:Prepare","floor":27},{"not_picked":["Slimebound:SlimeSlap","Slimebound:LivingWall","Slimebound:PrepareCrush"],"picked":"Slimebound:Recollect+1","floor":30},{"not_picked":["Slimebound:SplitSpecialist+1","Slimebound:LivingWall+1","Slimebound:TongueLash"],"picked":"Slimebound:Repurpose+1","floor":32},{"not_picked":["Slimebound:OozeBath","Slimebound:Recycling","Slimebound:SelfFormingGoo"],"picked":"Slimebound:TagTeam","floor":33},{"not_picked":["Slimebound:LivingWall+1","Slimebound:SplitAcid","Slimebound:ItLooksTasty"],"picked":"Slimebound:GoopSpray","floor":36},{"not_picked":["Slimebound:SplitSpecialist","Slimebound:LivingWall","Slimebound:Prepare"],"picked":"Slimebound:Equalize+1","floor":37},{"not_picked":["Slimebound:Dissolve","Slimebound:Equalize","Slimebound:PressTheAttack"],"picked":"Slimebound:LevelUp+1","floor":39},{"not_picked":["Slimebound:LivingWall+1","Slimebound:Schlurp","Slimebound:SamplingLick","Slimebound:ItLooksTasty"],"picked":"SKIP","floor":42},{"not_picked":["Slimebound:LivingWall","Slimebound:FinishingTackle","Slimebound:Dissolve"],"picked":"Slimebound:Repurpose","floor":43},{"not_picked":["Slimebound:LeechEnergy","Slimebound:SamplingLick+1","Slimebound:SlimeBarrage+1"],"picked":"Slimebound:PrepareCrush","floor":44},{"not_picked":["expansioncontent:YouAreMine","expansioncontent:Hexaburn"],"picked":"expansioncontent:AwakenDeath","floor":46},{"not_picked":["Slimebound:Schlurp+1","Slimebound:GoopTackle","Slimebound:Replication+1"],"picked":"Slimebound:Teamwork+1","floor":49}],"player_experience":457453,"relics_obtained":[{"floor":7,"key":"Sundial"},{"floor":9,"key":"MealTicket"},{"floor":24,"key":"Vajra"},{"floor":29,"key":"War Paint"},{"floor":41,"key":"MawBank"}],"event_choices":[{"damage_healed":0,"gold_gain":0,"player_choice":"Box","damage_taken":0,"relics_obtained":["Mercury Hourglass"],"max_hp_gain":0,"max_hp_loss":0,"event_name":"Big Fish","floor":4,"gold_loss":0,"cards_obtained":["Regret"]},{"damage_healed":0,"gold_gain":0,"player_choice":"Stole Relic","damage_taken":0,"relics_obtained":["Question Card"],"max_hp_gain":0,"max_hp_loss":0,"event_name":"Addict","floor":25,"gold_loss":0,"cards_obtained":["Pride"]},{"damage_healed":0,"gold_gain":0,"player_choice":"Inject Mutagens","damage_taken":0,"relics_obtained":["MutagenicStrength"],"max_hp_gain":0,"max_hp_loss":0,"event_name":"Drug Dealer","floor":28,"gold_loss":0},{"cards_removed":["Slimebound:SplitAcid"],"damage_healed":0,"gold_gain":0,"player_choice":"Removed Skill","damage_taken":0,"max_hp_gain":0,"max_hp_loss":0,"event_name":"Falling","floor":48,"gold_loss":0}],"is_beta":false,"boss_relics":[{"not_picked":["Snecko Eye","Tiny House"],"picked":"Runic Dome"},{"not_picked":["Sozu","Black Star"],"picked":"Slimebound:AbsorbEndCombatUpgraded"}],"items_purged_floors":[11,22,30,40,45],"is_endless":false,"potions_floor_spawned":[9,10,12,15,21,32,33,37,39,42,49],"ascension_level":2}}