{"host":"za9ilm1uiwmpmin1","time":1612211472,"event":{"mods":["AchievementEnabler","Act Like it!","Arknights","BaseMod","Dota2Spire","Downfall","Friendly Minions","Lobotomy","LobotomyExtend","Minty Spire (QoL Compilation)","MostiFishMod","Reorder Act Four","RumiaBox-露米娅的神秘盒子","StSLib","TestMod","Waifu the Spire","[IsaacMod]以撒尖塔","【功能Mod】混沌之环修复补丁"],"gold_per_floor":[113,127,527,527,527,527,557,409,409,424,440,473,423,449,449,550,550,565,565,625,625,680,717,717,741,768,799,799,799,799,833,833,939,939,955,955,979,979,1032,1069,1069,1108,1108,448,448,464,484,513,513,531,531,531,406,406,440,457],"floor_reached":57,"language":"ZHS","playtime":1476,"items_purged":["ats:Strike S","ats:Strike C","ats:Defend","downfall:Bewildered","ats:Armor Crushing Shot"],"score":2079,"play_id":"e420208c-78ec-4535-94cd-ea13ded25288","local_time":"20210202043112","is_ascension_mode":true,"campfire_choices":[{"data":"ats:Emotion Absorption","floor":6.0,"key":"SMITH"},{"data":"ats:Closed Bolt Burst Fire","floor":15.0,"key":"SMITH"},{"data":"ats:Literary Storm","floor":24.0,"key":"SMITH"},{"floor":28.0,"key":"RECALL"},{"data":"ats:Shadow Assault","floor":32.0,"key":"SMITH"},{"data":"ats:Roar Of Ursus","floor":41.0,"key":"SMITH"},{"data":"ats:Calcification","floor":45,"key":"SMITH"},{"floor":49,"key":"DIG"},{"floor":54,"key":"DIG"}],"circlet_count":0,"master_deck":["ats:Defend","ats:Emotion Absorption+1","ats:Literary Storm+1","ats:Closed Bolt Burst Fire+1","ats:Chain Hook","ats:Hook Shot","ats:Echo Reverb+1","ats:Soul Absorption+1","ats:Demon Strength","ats:Shadow Assault+1","ats:Calcification+1","ats:Roar Of Ursus+1"],"relics":["HushsDoor","testmod-TestBox","testmod-Prudence","BelialBook","ChiXiaoBlade","SacredBark","SynthV:TestCard","LetterFromLob","ats:Originium","BookOfRevelations","testmod-ArcanaOfDestiny","testmod-Laevatain","Ornamental Fan","testmod-DeterminationOfClimber","Moonlight_r","Sundial","Dota2Spire:EchoSabre","sneckomod:BabySnecko","Meat on the Bone","MealTicket","Lantern","Centennial Puzzle","bronze:MakeshiftBattery","SatanicBible","SecretRecord","Dota2Spire:PhaseBoots","hexamod:CandleOfCauterizing","Anchor","MagicDraw4","Shovel","Dota2Spire:ArmletOfMordiggian","HowToJump","GnawedLeaf","ats:Rhine Circuitry"],"acts_visited":["Exordium","TheCity","TheBeyond","TheEnding"],"potions_floor_usage":[56,56,56],"damage_taken":[{"damage":4.0,"enemies":"Jaw Worm","floor":1.0,"turns":4.0},{"damage":9.0,"enemies":"Small Slimes","floor":2.0,"turns":4.0},{"damage":0.0,"enemies":"Gremlin Nob","floor":7.0,"turns":2.0},{"damage":4.0,"enemies":"2 Louse","floor":10.0,"turns":2.0},{"damage":0.0,"enemies":"Exordium Thugs","floor":11.0,"turns":2.0},{"damage":6.0,"enemies":"Lagavulin","floor":12.0,"turns":6.0},{"damage":0.0,"enemies":"3 Sentries","floor":14.0,"turns":3.0},{"damage":0.0,"enemies":"The Guardian","floor":16.0,"turns":5.0},{"damage":0.0,"enemies":"Spheric Guardian","floor":18.0,"turns":1.0},{"damage":0.0,"enemies":"Hiden Room Battle","floor":20.0,"turns":1.0},{"damage":0.0,"enemies":"Gremlin Leader","floor":23.0,"turns":1.0},{"damage":0.0,"enemies":"Chosen","floor":25.0,"turns":1.0},{"damage":0.0,"enemies":"Book of Stabbing","floor":27.0,"turns":1.0},{"damage":0.0,"enemies":"Gremlin Leader","floor":31.0,"turns":1.0},{"damage":0.0,"enemies":"Champ","floor":33.0,"turns":1.0},{"damage":0.0,"enemies":"3 Shapes","floor":35.0,"turns":1.0},{"damage":0.0,"enemies":"3 Darklings","floor":37.0,"turns":1.0},{"damage":0.0,"enemies":"Mind Bloom Boss Battle","floor":39.0,"turns":1.0},{"damage":0.0,"enemies":"Nemesis","floor":40.0,"turns":1.0},{"damage":0.0,"enemies":"Giant Head","floor":42.0,"turns":1.0},{"damage":0,"enemies":"Writhing Mass","floor":46,"turns":1},{"damage":0,"enemies":"Maw","floor":47,"turns":1},{"damage":0,"enemies":"Reptomancer","floor":48,"turns":1},{"damage":0,"enemies":"Awakened One","floor":50,"turns":2},{"damage":0,"enemies":"Shield and Spear","floor":55,"turns":1},{"damage":0,"enemies":"The Heart","floor":56,"turns":3}],"seed_played":"-250519694628446326","potions_obtained":[{"floor":2.0,"key":"LiquidBronze"},{"floor":7.0,"key":"Weak Potion"},{"floor":16.0,"key":"Weak Potion"},{"floor":20.0,"key":"Swift Potion"},{"floor":23.0,"key":"DuplicationPotion"},{"floor":33.0,"key":"Dexterity Potion"}],"is_trial":false,"path_per_floor":["M","M","?","?","?","R","E","$","T","M","M","E","?","E","R","B",null,"M","M","?","?","T","E","R","M","T","E","R","?","?","E","R","B",null,"M","?","M","?","?","E","R","E","T","$","R","M","M","E","R","B",null,null,"$","R","E","B",null],"character_chosen":"DOCTOR_CLASS","items_purchased":["ats:Chain Hook","SatanicBible","MagicDraw4","Shovel"],"campfire_rested":0,"item_purchase_floors":[8,34,44,44],"current_hp_per_floor":[68,59,59,59,59,59,59,59,59,55,55,49,49,49,49,49,67,67,42,52,52,52,57,57,61,61,65,65,65,65,67,67,67,50,50,50,50,50,50,50,50,50,50,50,50,50,50,50,50,50,50,50,50,50,50,50],"gold":457,"neow_bonus":"BOSS_RELIC","is_daily":false,"chose_seed":false,"campfire_upgraded":6,"win_rate":0.0,"timestamp":1612211472,"path_taken":["M","M","?","?","?","R","E","?","T","?","M","E","?","E","R","BOSS","M","M","?","?","?","E","R","?","T","E","R","?","?","E","R","BOSS","M","?","M","?","?","E","R","E","T","$","R","M","M","E","R","BOSS","$","R","E","BOSS"],"items_purchased_type":["Card","Relic","Relic","Relic"],"build_version":"2020-12-22","purchased_purges":5,"victory":true,"max_hp_per_floor":[72,72,72,72,72,72,72,72,72,72,72,72,72,72,72,72,67,67,67,67,67,67,67,67,67,67,67,67,67,67,67,67,67,50,50,50,50,50,50,50,50,50,50,50,50,50,50,50,50,50,50,50,50,50,50,50],"card_choices":[{"not_picked":[],"picked":"Bomb","floor":0.0},{"not_picked":["ats:Absolute Focus","ats:Curse Doll","ats:Beaten Up"],"picked":"SKIP","floor":1.0},{"not_picked":["ats:Song Of Battle","ats:Flame Of Heaven","ats:Leaping Hammer","ats:Absolute Focus","ats:Hammer On"],"picked":"SKIP","floor":2.0},{"not_picked":["ats:Support Order","ats:True Silver Slash","ats:Shell Defense","ats:Consecutive Shot Auto"],"picked":"ats:Closed Bolt Burst Fire","floor":7.0},{"not_picked":["ats:Ignite","ats:Blood Oath","ats:Shell Defense","ats:Guardian Obelisk","ats:Automatic Cover"],"picked":"SKIP","floor":10.0},{"not_picked":["ats:Powerful Strike","ats:Burning Ground","ats:Closed Bolt Burst Fire","ats:Directed Diagnosis","ats:Guard Mode"],"picked":"SKIP","floor":11.0},{"not_picked":["ats:Thermite Blade","ats:Consecutive Shot Auto","ats:Shell Defense","ats:Leaping Hammer"],"picked":"ats:Hook Shot","floor":12.0},{"not_picked":["ats:Blood Oath","ats:Healing Drone","ats:Thorns","ats:Magnetic Hammer"],"picked":"Bomb","floor":14.0},{"not_picked":["ats:Fractured Body","ats:Ambush","ats:Rat Pack","ats:Volcano"],"picked":"ats:Echo Reverb","floor":16.0},{"not_picked":["ats:Consecutive Shot Auto","ats:Explosion Area Strengthen+1","ats:Shell Defense+1","ats:Blood Oath"],"picked":"ats:Soul Absorption","floor":18.0},{"not_picked":["ats:Echo Reverb","ats:Shadow Raid","ats:Flame Of Heaven","ats:Curse Doll"],"picked":"ats:Demon Strength","floor":23.0},{"not_picked":["ats:Ignite","ats:Cat Scratch","ats:Collapsing Strike","ats:Very Hot Blade","ats:Closed Bolt Burst Fire"],"picked":"SKIP","floor":25.0},{"not_picked":["ats:Consecutive Shot Auto","ats:Curse Doll","ats:Absolute Focus","ats:Hammer On","ats:Blood Oath"],"picked":"SKIP","floor":27.0},{"not_picked":["ats:Overload","ats:Ambush","ats:Cat Scratch+1","ats:Beaten Up"],"picked":"ats:Shadow Assault","floor":31.0},{"not_picked":["ats:Durian","ats:True Silver Slash","ats:Echo Reverb","ats:Dogmatic Field"],"picked":"ats:Calcification","floor":33.0},{"not_picked":["ats:Shell Defense","ats:Explosion Area Strengthen+1","ats:Consecutive Shot Auto+1","ats:Poison Spread+1","ats:Assault Order+1"],"picked":"SKIP","floor":35.0},{"not_picked":["ats:Song Of Battle+1","ats:Neurotoxin","ats:Shell Defense+1","ats:Apocalypse+1","ats:Ignite"],"picked":"SKIP","floor":37.0},{"not_picked":["ats:Guardian Obelisk","ats:Powerful Strike+1","ats:Apocalypse+1","ats:Chain Hook+1"],"picked":"ats:Roar Of Ursus","floor":40.0},{"not_picked":["ats:Very Hot Blade","ats:Explosion Area Strengthen","ats:Collapsing Strike","ats:Serious Mode+1","ats:Absolute Focus+1"],"picked":"SKIP","floor":42.0},{"not_picked":["ats:Apocalypse","ats:Sword Rain+1","ats:Hammer On+1","ats:Revitalization","ats:Very Hot Blade+1"],"picked":"SKIP","floor":46},{"not_picked":["ats:Leaping Hammer","ats:Flame Of Heaven+1","ats:Ignite","ats:Collapsing Strike","ats:Part Time Job"],"picked":"SKIP","floor":47},{"not_picked":["ats:Thorns","ats:Consecutive Shot Auto","ats:Demon Strength","ats:Ignite","ats:Very Hot Blade+1"],"picked":"SKIP","floor":48},{"not_picked":["ats:Poison Spread","ats:Neurotoxin","ats:Shell Defense+1","ats:Healing Strengthening+1","ats:Powerful Strike"],"picked":"SKIP","floor":55}],"player_experience":920208,"relics_obtained":[{"floor":1.0,"key":"SynthV:TestCard"},{"floor":1.0,"key":"LetterFromLob"},{"floor":7.0,"key":"ats:Originium"},{"floor":7.0,"key":"BookOfRevelations"},{"floor":9.0,"key":"testmod-ArcanaOfDestiny"},{"floor":12.0,"key":"ats:Originium"},{"floor":12.0,"key":"testmod-Laevatain"},{"floor":14.0,"key":"ats:Originium"},{"floor":14.0,"key":"Ornamental Fan"},{"floor":20.0,"key":"Sundial"},{"floor":20.0,"key":"Dota2Spire:EchoSabre"},{"floor":23.0,"key":"ats:Originium"},{"floor":23.0,"key":"Meat on the Bone"},{"floor":26.0,"key":"MealTicket"},{"floor":27.0,"key":"Lantern"},{"floor":31.0,"key":"Centennial Puzzle"},{"floor":39.0,"key":"SecretRecord"},{"floor":40.0,"key":"Dota2Spire:PhaseBoots"},{"floor":42.0,"key":"hexamod:CandleOfCauterizing"},{"floor":43.0,"key":"Anchor"},{"floor":48,"key":"Dota2Spire:ArmletOfMordiggian"},{"floor":49,"key":"HowToJump"},{"floor":54,"key":"GnawedLeaf"},{"floor":55,"key":"ats:Rhine Circuitry"}],"event_choices":[{"damage_healed":0.0,"max_hp_gain":0.0,"max_hp_loss":0.0,"gold_gain":400.0,"event_name":"恩洛斯的盘子","player_choice":"Sell","floor":3.0,"relics_lost":["DaveBox"],"gold_loss":0.0,"damage_taken":0.0},{"damage_healed":0.0,"max_hp_gain":0.0,"max_hp_loss":0.0,"gold_gain":0.0,"cards_transformed":["ats:Strike G"],"event_name":"Transmorgrifier","player_choice":"Transformed","floor":4.0,"gold_loss":0.0,"damage_taken":0.0,"cards_obtained":["ats:Literary Storm"]},{"cards_removed":["ats:Strike V"],"damage_healed":0.0,"max_hp_gain":0.0,"max_hp_loss":0.0,"gold_gain":0.0,"event_name":"Bonfire Elementals","player_choice":"Offered Basic","floor":5.0,"gold_loss":0.0,"damage_taken":0.0},{"cards_removed":["ats:Defend"],"damage_healed":0.0,"max_hp_gain":0.0,"max_hp_loss":0.0,"gold_gain":0.0,"event_name":"The Cleric","player_choice":"Card Removal","floor":13.0,"gold_loss":50.0,"damage_taken":0.0},{"damage_healed":0.0,"max_hp_gain":0.0,"max_hp_loss":0.0,"gold_gain":0.0,"event_name":"HidenRoomEvent","player_choice":"Fight","floor":20.0,"gold_loss":0.0,"damage_taken":0.0},{"damage_healed":0.0,"max_hp_gain":0.0,"max_hp_loss":0.0,"gold_gain":0.0,"event_name":"Vampires","player_choice":"Ignored","floor":29.0,"gold_loss":0.0,"damage_taken":0.0},{"damage_healed":0.0,"max_hp_gain":0.0,"max_hp_loss":0.0,"gold_gain":0.0,"event_name":"The Mausoleum","player_choice":"Ignored","floor":30.0,"gold_loss":0.0,"damage_taken":0.0},{"damage_healed":0.0,"max_hp_gain":0.0,"max_hp_loss":0.0,"gold_gain":0.0,"event_name":"Tomb of Lord Red Mask","player_choice":"Ignored","floor":36.0,"gold_loss":0.0,"damage_taken":0.0},{"cards_removed":["ats:Defend"],"damage_healed":0.0,"max_hp_gain":0.0,"max_hp_loss":0.0,"gold_gain":0.0,"event_name":"Falling","player_choice":"Removed Skill","floor":38.0,"gold_loss":0.0,"damage_taken":0.0},{"damage_healed":0.0,"max_hp_gain":0.0,"max_hp_loss":0.0,"gold_gain":0.0,"event_name":"MindBloom","player_choice":"Fight","floor":39.0,"gold_loss":0.0,"damage_taken":0.0}],"is_beta":false,"boss_relics":[{"not_picked":["BloodWine","testmod-Temperance"],"picked":"testmod-DeterminationOfClimber"},{"not_picked":[]},{"not_picked":["EE1DDrone","Tiny House"],"picked":"bronze:MakeshiftBattery"},{"not_picked":[]}],"items_purged_floors":[8,17,34,44,53],"is_endless":false,"potions_floor_spawned":[2,7,11,16,20,23,25,33,37,42,46,48],"ascension_level":2}}