{"host":"045thl4ktq791vfm","time":1612188371,"event":{"mods":["AchievementEnabler","BaseMod","Better Note","Colored Map","Colored Powertips","Downfall","Googly Eyes","Minty Spire (QoL Compilation)","Quick Restart","Rare Cards Sparkle","StSLib"],"gold_per_floor":[99,99,249,265,276,276,324,343,357,408,408,420,420,420,435,435,435,435],"floor_reached":16,"language":"ENG","playtime":484,"items_purged":[],"score":102,"play_id":"d21c8807-f33e-4a39-b8a8-1f0e7ee31df5","local_time":"20210201170611","is_ascension_mode":false,"campfire_choices":[{"data":"sneckomod:DiceBoulder","floor":6,"key":"SMITH"},{"floor":13,"key":"REST"}],"circlet_count":0,"master_deck":["sneckomod:Strike+1","sneckomod:Strike","sneckomod:Strike","sneckomod:Defend","sneckomod:Defend+1","sneckomod:Defend+1","sneckomod:TailWhip","sneckomod:SnekBite","sneckomod:Unknown","bronze:Return","downfall:Malfunctioning","downfall:Icky","sneckomod:Unknown1Cost","sneckomod:DiceBoulder+1","sneckomod:UnknownClassPURPLE","sneckomod:UnknownBlock","sneckomod:Unknown0Cost","sneckomod:Unknown1Cost","sneckomod:SerpentIdol","sneckomod:Unknown1Cost"],"relics":["sneckomod:SneckoSoul","sneckomod:SneckoCommon","Unceasing Top","downfall:BrokenWingStatue","Girya"],"acts_visited":["Exordium"],"potions_floor_usage":[],"damage_taken":[{"damage":11,"enemies":"Jaw Worm","floor":4,"turns":3},{"damage":7,"enemies":"2 Louse","floor":5,"turns":2},{"damage":4,"enemies":"Small Slimes","floor":8,"turns":2},{"damage":8,"enemies":"Exordium Wildlife","floor":9,"turns":3},{"damage":56,"enemies":"Gremlin Nob","floor":10,"turns":6},{"damage":12,"enemies":"Blue Slaver","floor":12,"turns":3},{"damage":6,"enemies":"2 Fungi Beasts","floor":15,"turns":2},{"damage":32,"enemies":"WA_ARCHETYPE_RETAIN","floor":16,"turns":7}],"seed_played":"6713785022062548052","potions_obtained":[{"floor":5,"key":"Regen Potion"},{"floor":15,"key":"PowerPotion"}],"is_trial":false,"path_per_floor":["R","?","?","M","M","R","T","M","M","E","?","M","R","?","M","B"],"character_chosen":"THE_SNECKO","items_purchased":[],"campfire_rested":1,"item_purchase_floors":[],"current_hp_per_floor":[99,99,99,88,81,81,81,77,69,13,13,1,30,30,24,0,0,0],"gold":435,"neow_bonus":"TEN_PERCENT_HP_BONUS","is_daily":false,"chose_seed":false,"campfire_upgraded":1,"win_rate":0.0,"timestamp":1612188371,"path_taken":["R","?","?","M","M","R","T","M","M","E","?","M","R","?","M","BOSS"],"items_purchased_type":[],"build_version":"2020-12-22","purchased_purges":0,"victory":false,"max_hp_per_floor":[99,99,99,99,99,99,99,99,99,99,99,99,99,99,99,99,99,99],"card_choices":[{"not_picked":["sneckomod:SnakeSap","sneckomod:QuickMove"],"picked":"sneckomod:Unknown1Cost","floor":4},{"not_picked":["sneckomod:QuickMove","sneckomod:DiceCrush"],"picked":"sneckomod:DiceBoulder","floor":5},{"not_picked":["sneckomod:Unknown1Cost","sneckomod:UnknownExhaust"],"picked":"sneckomod:UnknownBlock","floor":8},{"not_picked":["sneckomod:DiceCrush","sneckomod:UnknownCommonSkill"],"picked":"sneckomod:Unknown0Cost","floor":9},{"not_picked":["sneckomod:SoulDraw","sneckomod:DangerNoodle"],"picked":"sneckomod:Unknown1Cost","floor":10},{"not_picked":["sneckomod:QuickMove","sneckomod:ImprovisedAttack"],"picked":"sneckomod:SerpentIdol","floor":12},{"not_picked":["sneckomod:SoulRoll","sneckomod:UnknownCommonAttack"],"picked":"sneckomod:Unknown1Cost","floor":15}],"player_experience":161156,"relics_obtained":[{"floor":7,"key":"sneckomod:SneckoCommon"},{"floor":10,"key":"Unceasing Top"}],"event_choices":[],"is_beta":false,"boss_relics":[],"items_purged_floors":[],"is_endless":false,"potions_floor_spawned":[5,15],"killed_by":"WA_ARCHETYPE_RETAIN","ascension_level":0}}