{"host":"7cp3z5w0tcrrm8ys","time":1612151674,"event":{"mods":["AchievementEnabler","BaseMod","DeckTracker","Minty Spire (QoL Compilation)","StSLib","SuperFastMode"],"gold_per_floor":[113,113,113,133,2,30,30,63,63,63,73,73,88,99,99,175,175,135,135,48,48,0,0,0,0,0,0,0,0,0,0,0,0,0],"floor_reached":33,"language":"KOR","playtime":792,"items_purged":["Strike_R"],"score":560,"play_id":"29860311-102a-4595-b35f-e3253264bb8c","local_time":"20210201125434","is_ascension_mode":true,"campfire_choices":[{"data":"Double Tap","floor":10,"key":"SMITH"},{"data":"Pommel Strike","floor":12,"key":"SMITH"},{"data":"Wild Strike","floor":15,"key":"SMITH"},{"data":"Battle Trance","floor":23,"key":"SMITH"},{"floor":29,"key":"REST"},{"data":"Impervious","floor":32,"key":"SMITH"}],"circlet_count":0,"master_deck":["AscendersBane","Strike_R","Strike_R","Strike_R","Defend_R","Defend_R","Defend_R","Defend_R","Bash+1","Perfected Strike+1","Headbutt+1","Pommel Strike+1","Double Tap+1","Impervious+1","Battle Trance+1","Wild Strike+1","Feed","Reaper","Whirlwind","Perfected Strike+1"],"relics":["Burning Blood","NeowsBlessing","Mummified Hand","Akabeko","PreservedInsect","Whetstone","Ectoplasm","Enchiridion","Centennial Puzzle"],"acts_visited":["Exordium","TheCity"],"potions_floor_usage":[14,16,16,18,33,33],"damage_taken":[{"damage":0,"enemies":"2 Louse","floor":1,"turns":1},{"damage":0,"enemies":"Jaw Worm","floor":4,"turns":1},{"damage":0,"enemies":"Gremlin Nob","floor":6,"turns":1},{"damage":30,"enemies":"3 Sentries","floor":8,"turns":8},{"damage":0,"enemies":"Cultist","floor":11,"turns":2},{"damage":6,"enemies":"Looter","floor":13,"turns":2},{"damage":4,"enemies":"Large Slime","floor":14,"turns":4},{"damage":26,"enemies":"The Guardian","floor":16,"turns":9},{"damage":6,"enemies":"2 Thieves","floor":18,"turns":3},{"damage":42,"enemies":"3 Byrds","floor":19,"turns":6},{"damage":29,"enemies":"3 Cultists","floor":24,"turns":5},{"damage":3,"enemies":"Centurion and Healer","floor":30,"turns":4},{"damage":2,"enemies":"Cultist and Chosen","floor":31,"turns":3},{"damage":87,"enemies":"Automaton","floor":33,"turns":8}],"seed_played":"4827011667846811586","potions_obtained":[{"floor":1,"key":"Weak Potion"},{"floor":11,"key":"Explosive Potion"},{"floor":14,"key":"AttackPotion"},{"floor":16,"key":"Block Potion"},{"floor":24,"key":"Block Potion"},{"floor":31,"key":"SkillPotion"}],"is_trial":false,"path_per_floor":["M","?","T","M","$","E","?","E","T","R","M","R","M","M","R","B",null,"M","M","$","?","?","R","M","?","T","$","?","R","M","M","R","B"],"character_chosen":"IRONCLAD","items_purchased":["Pommel Strike","Reaper"],"campfire_rested":1,"item_purchase_floors":[5,20],"current_hp_per_floor":[74,74,74,75,75,75,75,51,51,51,57,57,57,59,59,39,66,66,33,33,33,33,33,29,8,8,8,8,32,62,73,73,0,0],"gold":0,"neow_bonus":"THREE_ENEMY_KILL","is_daily":false,"chose_seed":false,"campfire_upgraded":5,"win_rate":0.0,"timestamp":1612151674,"path_taken":["M","?","?","M","$","E","?","E","T","R","?","R","M","M","R","BOSS","M","M","$","?","?","R","M","?","T","?","?","R","M","M","R","BOSS"],"items_purchased_type":["Card","Card"],"build_version":"2020-12-22","purchased_purges":1,"victory":false,"max_hp_per_floor":[75,75,75,75,75,75,75,75,75,75,75,75,75,75,75,75,75,75,78,78,78,78,78,81,81,81,81,81,81,84,87,87,87,87],"card_choices":[{"not_picked":["Flex","Fire Breathing"],"picked":"Perfected Strike","floor":1},{"not_picked":["Intimidate","Anger"],"picked":"Headbutt","floor":4},{"not_picked":["Heavy Blade","Thunderclap"],"picked":"Double Tap","floor":6},{"not_picked":["Infernal Blade","Headbutt"],"picked":"Impervious","floor":8},{"not_picked":["Clash","Headbutt","Second Wind"],"picked":"SKIP","floor":11},{"not_picked":["Clash","Headbutt","Second Wind"],"picked":"SKIP","floor":11},{"not_picked":["Sever Soul","Ghostly Armor"],"picked":"Battle Trance","floor":13},{"not_picked":["Rampage","Clash"],"picked":"Wild Strike","floor":14},{"not_picked":["Immolate","Corruption"],"picked":"Feed","floor":16},{"not_picked":["Metallicize","Rampage","Anger"],"picked":"SKIP","floor":18},{"not_picked":["Clothesline","Headbutt","Sentinel"],"picked":"SKIP","floor":19},{"not_picked":["Battle Trance+1","Clothesline","Warcry"],"picked":"SKIP","floor":24},{"not_picked":["Reckless Charge","Armaments"],"picked":"Perfected Strike+1","floor":30},{"not_picked":["Rampage","Sword Boomerang","Clothesline"],"picked":"SKIP","floor":31}],"player_experience":802006,"relics_obtained":[{"floor":3,"key":"Mummified Hand"},{"floor":6,"key":"Akabeko"},{"floor":8,"key":"PreservedInsect"},{"floor":9,"key":"Whetstone"},{"floor":25,"key":"Enchiridion"},{"floor":26,"key":"Centennial Puzzle"}],"event_choices":[{"damage_healed":0,"gold_gain":0,"player_choice":"Grow","damage_taken":0,"max_hp_gain":0,"max_hp_loss":0,"event_name":"Living Wall","floor":2,"gold_loss":0,"cards_upgraded":["Bash"]},{"cards_removed":["Strike_R"],"damage_healed":0,"gold_gain":0,"player_choice":"Purged","damage_taken":0,"max_hp_gain":0,"max_hp_loss":0,"event_name":"Purifier","floor":7,"gold_loss":0},{"damage_healed":0,"gold_gain":0,"player_choice":"Read","damage_taken":0,"max_hp_gain":0,"max_hp_loss":0,"event_name":"The Library","floor":21,"gold_loss":0,"cards_obtained":["Whirlwind"]},{"damage_healed":0,"gold_gain":0,"player_choice":"Paid Fearfully","damage_taken":0,"max_hp_gain":0,"max_hp_loss":0,"event_name":"Masked Bandits","floor":22,"gold_loss":48},{"damage_healed":0,"gold_gain":0,"player_choice":"Obtained Book","damage_taken":21,"max_hp_gain":0,"max_hp_loss":0,"event_name":"Cursed Tome","floor":25,"gold_loss":0},{"damage_healed":0,"gold_gain":50,"player_choice":"Stole From Cult","damage_taken":0,"max_hp_gain":0,"max_hp_loss":0,"event_name":"Nest","floor":28,"gold_loss":0}],"is_beta":false,"boss_relics":[{"not_picked":["SacredBark","Runic Pyramid"],"picked":"Ectoplasm"}],"items_purged_floors":[5],"is_endless":false,"potions_floor_spawned":[1,11,14,16,24,31],"killed_by":"Automaton","ascension_level":20}}