{"host":"bd3tl98ed0kk4173","time":1612191892,"event":{"mods":["Arknights","Aspiration","BaseMod","Beaked The Cultist","Better Altar","Better Match","Better Note","Better Sensory Stone","Better Skull","Better Third Choice","BetterRewards","CapriCore","Colored Map","Colored Powertips","Conspire","Emptier Cage","Energized Spire","GifTheSpireLib","GungeonMod","Halation","HexUI Lib","Highlight Path","Hubris","Infinite Spire","Jorbs\u0027s Wanderer Trilogy","Minty Spire (QoL Compilation)","Permanent Neow","Quick Restart","Rare Cards Sparkle","Reliquary","Replay The Spire","SacredBarkPlus","Spicy Shops","StSLib","The Animator","The Blue Laboratory","The Death Knight","The Disciple","The Problem Sleuth","The Sage","The Valiant","[GremlinLeader]The Maniac","??????REMEMod"],"gold_per_floor":[112,128,148,98,111,122,122,122,122,141,141,153,153,166,166,266,266,266,266],"floor_reached":18,"language":"ENG","playtime":1656,"items_purged":[],"score":156,"play_id":"ce298c0d-4936-4267-a600-2e3b332406ce","local_time":"20210201100452","is_ascension_mode":false,"campfire_choices":[{"data":"Apotheosis","floor":7,"key":"SMITH"},{"data":"LockedBlood","floor":11,"key":"SMITH"},{"data":"LockedScales","floor":13,"key":"SMITH"},{"data":"Tempo","floor":15,"key":"SMITH"}],"circlet_count":0,"master_deck":["Strike_Br","Strike_Br","Strike_Br","Defend_Br","Defend_Br","Defend_Br","Defend_Br","SecondHand+1","PatternShift","Apotheosis+1","LockedAnchor","Echoward","LockedWhetstone","LockedBlood+1","BlueShift","LockedScales+1","Misterioso+1","Echonomics"],"relics":["Chronometer","REME_ComplimentaryCards","Mercury Hourglass","hubris:SphereOfDissonance","aspiration:SecretTechniqueScroll"],"acts_visited":["Exordium","TheCity"],"potions_floor_usage":[],"damage_taken":[{"damage":0,"enemies":"Jaw Worm","floor":1,"turns":5},{"damage":0,"enemies":"Cultist","floor":2,"turns":4},{"damage":0,"enemies":"2 Louse","floor":3,"turns":4},{"damage":0,"enemies":"Blue Slaver","floor":5,"turns":6},{"damage":10,"enemies":"Large Slime","floor":6,"turns":14},{"damage":4,"enemies":"2 Fungi Beasts","floor":10,"turns":4},{"damage":0,"enemies":"Exordium Wildlife","floor":12,"turns":4},{"damage":1,"enemies":"Red Slaver","floor":14,"turns":6},{"damage":41,"enemies":"Fading Forest","floor":16,"turns":11},{"damage":0,"enemies":"2 Thieves","floor":18,"turns":1}],"seed_played":"5610826086169961335","potions_obtained":[{"floor":1,"key":"Strength Potion"},{"floor":2,"key":"infinitespire:BlackPotion"},{"floor":12,"key":"blueLaboratory:BottleOfRum"}],"is_trial":false,"path_per_floor":["M","M","M","?","M","M","R","T","T","M","R","M","R","M","R","B",null,"M"],"character_chosen":"CHRONO_CLASS","items_purchased":[],"campfire_rested":0,"item_purchase_floors":[],"current_hp_per_floor":[65,65,65,65,65,63,63,63,63,63,63,65,65,65,65,25,65,65,65],"gold":266,"neow_bonus":"UPGRADE_CARD","is_daily":false,"chose_seed":false,"campfire_upgraded":4,"win_rate":0.0,"timestamp":1612191892,"path_taken":["M","M","M","?","M","M","R","?","T","?","R","M","R","M","R","BOSS","M"],"items_purchased_type":[],"build_version":"2020-12-22","purchased_purges":0,"victory":false,"max_hp_per_floor":[65,65,65,65,65,65,65,65,65,65,65,65,65,65,65,65,65,65,65],"card_choices":[{"not_picked":["LockedBlood","Goo"],"picked":"LockedAnchor","floor":1},{"not_picked":["Parity","CrunchTime"],"picked":"Echoward","floor":2},{"not_picked":["Parity","ExoVibe"],"picked":"LockedWhetstone","floor":3},{"not_picked":["LockedUrn","ExoVibe"],"picked":"LockedBlood","floor":5},{"not_picked":["BiteCommand","LockedAnchor","OldTimer"],"picked":"SKIP","floor":6},{"not_picked":["CrunchTime","Echoward"],"picked":"BlueShift","floor":10},{"not_picked":["LockedAstrolabe","Engulf"],"picked":"LockedScales","floor":12},{"not_picked":["BlueShift","BeatsPerMinute"],"picked":"Tempo","floor":14},{"not_picked":["LockedAstrolabe","LockedFlame"],"picked":"Echonomics","floor":16}],"player_experience":100211,"relics_obtained":[{"floor":8,"key":"Mercury Hourglass"},{"floor":9,"key":"hubris:SphereOfDissonance"}],"event_choices":[{"cards_removed":["Strike_Br"],"damage_healed":0,"gold_gain":0,"player_choice":"Card Removal","damage_taken":0,"max_hp_gain":0,"max_hp_loss":0,"event_name":"The Cleric","floor":4,"gold_loss":50}],"is_beta":false,"boss_relics":[{"not_picked":["halation:Risk","Replay:Bronze Core"],"picked":"aspiration:SecretTechniqueScroll"}],"items_purged_floors":[],"is_endless":false,"potions_floor_spawned":[1,2,12,16],"killed_by":"2 Thieves","ascension_level":0}}