{"host":"vt6dr1xq3iy14a3e","time":1612203034,"event":{"mods":["AchievementEnabler","BaseMod","Colored Map","DeckTracker","Minty Spire (QoL Compilation)","StSLib","SuperFastMode"],"gold_per_floor":[116,129,146,164,89,118,118,128,128,158,245,257,288,316,328,444,456,487,424,450,462,221,254,273,301,326,326,339,353,372,391,391,489,489,503,1502,1502,1104,1121,1154,1154,1154,1154],"floor_reached":42,"language":"KOR","playtime":2789,"items_purged":["Strike_P","Defend_P","Strike_P"],"score":659,"play_id":"fb62a083-2f52-41db-ad55-ada877d2aeb5","local_time":"20210202031034","is_ascension_mode":true,"campfire_choices":[{"data":"Eruption","floor":7.0,"key":"SMITH"},{"data":"Meditate","floor":12.0,"key":"SMITH"},{"data":"TalkToTheHand","floor":15.0,"key":"SMITH"},{"floor":27.0,"key":"REST"},{"floor":32.0,"key":"REST"},{"data":"Normality","floor":41,"key":"PURGE"}],"circlet_count":0,"master_deck":["Strike_P","Strike_P","Defend_P+1","Defend_P","Eruption+1","Vigilance","Perseverance","ReachHeaven+1","FollowUp","TalkToTheHand+1","Meditate+1","FlurryOfBlows","Indignation","Devotion","EmptyBody","Necronomicurse","FearNoEvil+1","Evaluate+1","Prostrate","Consecrate+1","Scrawl","Normality","Pain"],"relics":["HolyWater","Mango","InkBottle","Centennial Puzzle","MawBank","Necronomicon","TheAbacus","Blue Candle","Whetstone","War Paint","Runic Pyramid","WarpedTongs","Strange Spoon","Peace Pipe"],"acts_visited":["TheCity","TheBeyond"],"potions_floor_usage":[40],"damage_taken":[{"damage":10.0,"enemies":"Cultist","floor":1.0,"turns":4.0},{"damage":2.0,"enemies":"Jaw Worm","floor":2.0,"turns":4.0},{"damage":1.0,"enemies":"Small Slimes","floor":3.0,"turns":3.0},{"damage":1.0,"enemies":"Exordium Wildlife","floor":4.0,"turns":2.0},{"damage":2.0,"enemies":"Gremlin Nob","floor":6.0,"turns":3.0},{"damage":3.0,"enemies":"Looter","floor":8.0,"turns":3.0},{"damage":1.0,"enemies":"Lagavulin","floor":10.0,"turns":6.0},{"damage":5.0,"enemies":"Lots of Slimes","floor":13.0,"turns":3.0},{"damage":3.0,"enemies":"Exordium Thugs","floor":14.0,"turns":2.0},{"damage":10.0,"enemies":"Hexaghost","floor":16.0,"turns":7.0},{"damage":4.0,"enemies":"Chosen","floor":18.0,"turns":5.0},{"damage":5.0,"enemies":"2 Thieves","floor":20.0,"turns":3.0},{"damage":19.0,"enemies":"Gremlin Leader","floor":23.0,"turns":3.0},{"damage":21.0,"enemies":"Sentry and Sphere","floor":24.0,"turns":5.0},{"damage":1.0,"enemies":"Book of Stabbing","floor":25.0,"turns":2.0},{"damage":0.0,"enemies":"Snecko","floor":28.0,"turns":4.0},{"damage":1.0,"enemies":"Centurion and Healer","floor":29.0,"turns":4.0},{"damage":12.0,"enemies":"Snake Plant","floor":30.0,"turns":2.0},{"damage":1.0,"enemies":"Chosen and Byrds","floor":31.0,"turns":3.0},{"damage":15.0,"enemies":"Collector","floor":33.0,"turns":5.0},{"damage":9.0,"enemies":"3 Darklings","floor":35.0,"turns":3.0},{"damage":1.0,"enemies":"Orb Walker","floor":39.0,"turns":3.0},{"damage":52,"enemies":"Nemesis","floor":40,"turns":7},{"damage":2,"enemies":"Sphere and 2 Shapes","floor":42,"turns":2}],"seed_played":"920711846403965596","potions_obtained":[{"floor":2.0,"key":"Strength Potion"},{"floor":3.0,"key":"LiquidMemories"},{"floor":4.0,"key":"Strength Potion"},{"floor":14.0,"key":"Energy Potion"},{"floor":16.0,"key":"ColorlessPotion"},{"floor":20.0,"key":"CultistPotion"},{"floor":23.0,"key":"Ambrosia"},{"floor":28.0,"key":"Energy Potion"},{"floor":31.0,"key":"BlessingOfTheForge"}],"is_trial":false,"path_per_floor":["M","M","M","M","$","E","R","M","T","E","?","R","M","M","R","B",null,"M","?","M","?","$","E","M","E","T","R","M","M","M","M","R","B",null,"M","?","?","$","M","E","R","M"],"character_chosen":"WATCHER","items_purchased":["TheAbacus","LiquidMemories","BottledMiracle","Strange Spoon"],"campfire_rested":2,"item_purchase_floors":[22,38,38,38],"current_hp_per_floor":[69,67,66,65,65,63,63,60,60,59,52,52,47,44,44,34,68,64,64,59,43,43,24,3,2,2,25,25,24,12,11,34,19,64,55,55,55,55,54,2,2,0,0],"gold":1154,"neow_bonus":"ONE_RARE_RELIC","is_daily":false,"chose_seed":false,"campfire_upgraded":3,"win_rate":0.0,"timestamp":1612203034,"path_taken":["M","M","M","M","?","E","R","M","T","E","?","R","M","?","R","BOSS","M","?","M","?","$","E","M","E","T","R","M","M","M","M","R","BOSS","M","?","?","$","M","E","R","M"],"items_purchased_type":["Relic","Potion","Potion","Relic"],"build_version":"2020-12-22","purchased_purges":3,"victory":false,"max_hp_per_floor":[79,79,79,79,79,79,79,79,79,79,79,79,79,79,79,79,79,79,79,79,79,79,79,79,79,79,79,79,79,79,79,79,79,79,79,79,79,79,79,79,79,79,79],"card_choices":[{"not_picked":["ClearTheMind","CutThroughFate"],"picked":"Perseverance","floor":1.0},{"not_picked":["FlurryOfBlows","Worship"],"picked":"ReachHeaven","floor":2.0},{"not_picked":["Consecrate","Protect"],"picked":"FollowUp","floor":3.0},{"not_picked":["EmptyFist","ClearTheMind"],"picked":"TalkToTheHand","floor":4.0},{"not_picked":["EmptyBody","ReachHeaven"],"picked":"Meditate","floor":6.0},{"not_picked":["FlyingSleeves","Consecrate","TalkToTheHand"],"picked":"SKIP","floor":8.0},{"not_picked":["ClearTheMind","ThirdEye"],"picked":"FlurryOfBlows","floor":10.0},{"not_picked":["WaveOfTheHand","ClearTheMind"],"picked":"Indignation","floor":13.0},{"not_picked":["EmptyMind","Wireheading","WheelKick"],"picked":"SKIP","floor":14.0},{"not_picked":["DeusExMachina","Omniscience"],"picked":"Devotion","floor":16.0},{"not_picked":["FollowUp","JustLucky"],"picked":"EmptyBody","floor":18.0},{"not_picked":["CrushJoints","EmptyBody","Fasting2"],"picked":"SKIP","floor":20.0},{"not_picked":["PathToVictory","Perseverance","FearNoEvil"],"picked":"SKIP","floor":23.0},{"not_picked":["Brilliance","Indignation"],"picked":"FearNoEvil","floor":24.0},{"not_picked":["JustLucky","EmptyMind"],"picked":"Evaluate","floor":25.0},{"not_picked":["BowlingBash","ThirdEye"],"picked":"Prostrate","floor":28.0},{"not_picked":["Meditate","JustLucky","ClearTheMind"],"picked":"SKIP","floor":29.0},{"not_picked":["Omniscience","Prostrate"],"picked":"Consecrate+1","floor":30.0},{"not_picked":["EmptyFist+1","SashWhip+1","JustLucky"],"picked":"SKIP","floor":31.0},{"not_picked":["Devotion","DevaForm"],"picked":"Scrawl","floor":33.0},{"not_picked":["CutThroughFate","SashWhip+1","ForeignInfluence"],"picked":"SKIP","floor":35.0},{"not_picked":["BowlingBash+1","FlurryOfBlows","Weave"],"picked":"SKIP","floor":39.0},{"not_picked":["Tantrum","EmptyBody+1","Crescendo+1"],"picked":"SKIP","floor":40}],"player_experience":995948,"relics_obtained":[{"floor":6.0,"key":"InkBottle"},{"floor":9.0,"key":"Centennial Puzzle"},{"floor":10.0,"key":"MawBank"},{"floor":21.0,"key":"Necronomicon"},{"floor":23.0,"key":"Blue Candle"},{"floor":25.0,"key":"Whetstone"},{"floor":26.0,"key":"War Paint"},{"floor":40,"key":"Peace Pipe"}],"event_choices":[{"damage_healed":0.0,"max_hp_gain":0.0,"max_hp_loss":0.0,"gold_gain":75.0,"event_name":"FaceTrader","player_choice":"Touch","floor":11.0,"gold_loss":0.0,"damage_taken":7.0},{"cards_removed":["Defend_P"],"damage_healed":0.0,"max_hp_gain":0.0,"max_hp_loss":0.0,"gold_gain":0.0,"event_name":"Beggar","player_choice":"Gave Gold","floor":19.0,"gold_loss":75.0,"damage_taken":0.0},{"damage_healed":0.0,"max_hp_gain":0.0,"max_hp_loss":0.0,"gold_gain":0.0,"event_name":"Cursed Tome","player_choice":"Obtained Book","floor":21.0,"gold_loss":0.0,"damage_taken":16.0},{"damage_healed":0.0,"max_hp_gain":0.0,"max_hp_loss":0.0,"gold_gain":999.0,"event_name":"MindBloom","player_choice":"Gold","floor":36.0,"gold_loss":0.0,"damage_taken":0.0,"cards_obtained":["Normality","Normality"]},{"damage_healed":0.0,"max_hp_gain":0.0,"max_hp_loss":0.0,"gold_gain":0.0,"event_name":"Accursed Blacksmith","player_choice":"Rummage","floor":37.0,"gold_loss":0.0,"damage_taken":0.0,"relics_obtained":["WarpedTongs"],"cards_obtained":["Pain"]}],"is_beta":false,"boss_relics":[{"not_picked":["Busted Crown","Black Star"],"picked":"HolyWater"},{"not_picked":["SacredBark","Pandora\u0027s Box"],"picked":"Runic Pyramid"}],"items_purged_floors":[5,22,38],"is_endless":false,"potions_floor_spawned":[2,3,4,14,16,20,23,28,31],"killed_by":"Sphere and 2 Shapes","ascension_level":5}}