{"host":"5s7sm4h73jkd9266","time":1612198665,"event":{"mods":["AchievementEnabler","Bartender","BaseMod","Better Vampires","BetterRewards","Colored Map","Colored Powertips","Conspire","Downfall","Energized Spire","Hermit","Hubris","Magitek Elite","Minty Spire (QoL Compilation)","Potion Indicator Mod","Rare Cards Sparkle","Shop Mod","StSLib","The Blue Laboratory","The Necromancer","The Witch","Virulent Crown","everything is the same but u backflip on backflip","slay the spire mod where everything is the same but ironclad has a cowboy hat"],"gold_per_floor":[111,11,11,30,4,35,35,66,146,160,160,173,173,187,187,318,318,337,362,362,386,10,10,23,46,46,46,46,46,21,45,45,45,45],"floor_reached":33,"language":"ENG","playtime":2366,"items_purged":[],"score":257,"play_id":"4ea7251c-8835-4944-9f37-258a57f4b658","local_time":"20210201115745","is_ascension_mode":false,"campfire_choices":[{"floor":7.0,"key":"REST"},{"floor":11.0,"key":"REST"},{"floor":13.0,"key":"RECALL"},{"floor":15.0,"key":"REST"},{"floor":27,"key":"REST"},{"floor":29,"key":"REST"},{"data":"Ghostly","floor":32,"key":"SMITH"}],"circlet_count":0,"master_deck":["Strike_B","Strike_B","Strike_B","Defend_B","Defend_B","Defend_B","Zap","Dualcast","Glacier","conspire:Banana","Chill","Ghostly+1","Injury","sneckomod:UnknownClassTHE_BRONZE_AUTOMATON","Shell","hermit:Virtue","Leg Sweep","sneckomod:UnknownClassHEXA_GHOST_PURPLE","Guardian:ConstructionForm","conspire:SharedLibrary+1","conspire:SharedLibrary+1","White Noise+1","Mind Blast","Defragment","Stack","Rebound","sneckomod:DiceBoulder+1","Stack","Streamline","IllOmen+1","Panacea+1","Shame","Beam Cell","bronze:ItsAFeature"],"relics":["Cracked Core","White Beast Statue","PrismaticShard","Kunai","Golden Idol","hubris:SphereOfDissonance","DataDisk","Gremlin Horn","Astrolabe","Symbiotic Virus","Question Card","hubris:TinFlute","hubris:BottledRain"],"acts_visited":["Exordium","TheCity"],"potions_floor_usage":[33,33],"damage_taken":[{"damage":6.0,"enemies":"Jaw Worm","floor":1.0,"turns":4.0},{"damage":0.0,"enemies":"Small Slimes","floor":4.0,"turns":5.0},{"damage":29.0,"enemies":"Gremlin Nob","floor":6.0,"turns":6.0},{"damage":1.0,"enemies":"3 Sentries","floor":8.0,"turns":9.0},{"damage":0.0,"enemies":"Cultist","floor":10.0,"turns":3.0},{"damage":5.0,"enemies":"Exordium Wildlife","floor":12.0,"turns":4.0},{"damage":4.0,"enemies":"Looter","floor":14.0,"turns":3.0},{"damage":12.0,"enemies":"The Guardian","floor":16.0,"turns":12.0},{"damage":4.0,"enemies":"3 Byrds","floor":18.0,"turns":10.0},{"damage":10.0,"enemies":"Shell Parasite","floor":19.0,"turns":12.0},{"damage":10.0,"enemies":"Snake Plant","floor":21.0,"turns":9.0},{"damage":7.0,"enemies":"Shelled Parasite and Fungi","floor":24.0,"turns":7.0},{"damage":22.0,"enemies":"Centurion and Healer","floor":25.0,"turns":4.0},{"damage":15,"enemies":"conspire:HollyBat","floor":31,"turns":14},{"damage":108,"enemies":"Automaton","floor":33,"turns":18}],"seed_played":"-6834431542241073116","potions_obtained":[{"floor":1.0,"key":"PotionOfCapacity"},{"floor":4.0,"key":"Dexterity Potion"},{"floor":6.0,"key":"AttackPotion"},{"floor":8.0,"key":"PotionOfCapacity"},{"floor":10.0,"key":"PotionOfCapacity"},{"floor":12.0,"key":"blueLaboratory:LouseDecoction"},{"floor":14.0,"key":"blueLaboratory:HummingbirdPotion"},{"floor":16.0,"key":"Dexterity Potion"},{"floor":18.0,"key":"blueLaboratory:SystemWipe"},{"floor":21.0,"key":"blueLaboratory:BottledHope"},{"floor":24.0,"key":"Energy Potion"},{"floor":25.0,"key":"Dexterity Potion"},{"floor":31,"key":"BlessingOfTheForge"}],"is_trial":false,"path_per_floor":["M","?","?","M","$","E","R","E","T","M","R","M","R","M","R","B",null,"M","M","?","M","$","?","M","M","T","R","?","R","$","M","R","B"],"character_chosen":"DEFECT","items_purchased":["White Beast Statue","Glacier","PrismaticShard","conspire:Banana","Chill","Kunai","Compile Driver","Symbiotic Virus","Stack","Streamline","blueLaboratory:RelayPotion","Beam Cell"],"campfire_rested":5,"item_purchase_floors":[0,0,0,0,0,0,5,22,22,22,22,30],"current_hp_per_floor":[35,35,35,36,36,8,31,31,31,32,56,52,52,49,73,62,83,80,71,71,62,62,62,56,34,34,60,60,86,86,72,72,0,0],"gold":45,"neow_bonus":"","is_daily":false,"chose_seed":false,"campfire_upgraded":1,"win_rate":0.0,"timestamp":1612198665,"path_taken":["M","?","?","M","?","E","R","E","T","?","R","M","R","M","R","BOSS","M","M","?","M","$","?","M","?","T","R","?","R","$","M","R","BOSS"],"items_purchased_type":["Relic","Card","Relic","Card","Card","Relic","Card","Relic","Card","Card","Potion","Card"],"build_version":"2020-12-22","purchased_purges":0,"victory":false,"max_hp_per_floor":[76,76,76,77,77,78,78,79,79,80,80,81,81,82,82,83,83,84,85,85,86,86,86,87,87,87,87,87,87,87,88,88,89,89],"card_choices":[{"not_picked":["Acid_Javelin","Cursed_Shield"],"picked":"Auto Shields","floor":1.0},{"not_picked":["Coolheaded","Power_Up_Punch"],"picked":"sneckomod:UnknownClassTHE_BRONZE_AUTOMATON","floor":4.0},{"not_picked":["Water","Noxious Fumes"],"picked":"Shell","floor":6.0},{"not_picked":["MasterReality","Flash of Steel"],"picked":"hermit:Virtue","floor":8.0},{"not_picked":["sneckomod:TrashToTreasure","champ:FanOfKnives"],"picked":"Leg Sweep","floor":10.0},{"not_picked":["Throw","sneckomod:UnknownClassSLIMEBOUND"],"picked":"CursedBlade","floor":12.0},{"not_picked":["champ:ShieldSlam","hermit:Manifest"],"picked":"sneckomod:UnknownClassHEXA_GHOST_PURPLE","floor":14.0},{"not_picked":["DeusExMachina","champ:MurderStrike"],"picked":"Guardian:ConstructionForm","floor":16.0},{"not_picked":["Consume_Illness+1","Slimebound:GoopSpray"],"picked":"Mind Blast","floor":18.0},{"not_picked":["SoulBarrier+1","Slimebound:SplitBruiser+1"],"picked":"Defragment","floor":19.0},{"not_picked":["Tempest","Slimebound:PressTheAttack"],"picked":"sneckomod:DiceBoulder+1","floor":21.0},{"not_picked":["Plague_Bolt","sneckomod:SoulCleanse+1","Guardian:Incinerate"],"picked":"IllOmen+1","floor":24.0},{"not_picked":["Gaia_Gear","Shackles_Of_Pain+1","Guardian:TemporalStrike+1"],"picked":"Panacea+1","floor":25.0},{"not_picked":["Toxic_Smoke_Screen","bronze:WildBeam","WretchedNails"],"picked":"bronze:ItsAFeature","floor":31}],"player_experience":5522602,"relics_obtained":[{"floor":6.0,"key":"hubris:SphereOfDissonance"},{"floor":8.0,"key":"DataDisk"},{"floor":9.0,"key":"Gremlin Horn"},{"floor":26,"key":"hubris:TinFlute"}],"event_choices":[{"damage_healed":0.0,"max_hp_gain":0.0,"max_hp_loss":0.0,"gold_gain":0.0,"event_name":"conspire:LoneGhost","player_choice":"Argue","floor":2.0,"gold_loss":0.0,"damage_taken":0.0},{"damage_healed":0.0,"max_hp_gain":0.0,"max_hp_loss":0.0,"gold_gain":0.0,"event_name":"Golden Idol","player_choice":"Take Wound","floor":3.0,"gold_loss":0.0,"damage_taken":0.0,"relics_obtained":["Golden Idol"],"cards_obtained":["Injury"]},{"damage_healed":0.0,"max_hp_gain":0.0,"max_hp_loss":0.0,"gold_gain":0.0,"cards_transformed":["Defend_B","CursedBlade"],"event_name":"Drug Dealer","player_choice":"Became Test Subject","floor":20.0,"gold_loss":0.0,"damage_taken":0.0,"cards_obtained":["Stack","Rebound"]},{"damage_healed":0.0,"max_hp_gain":0.0,"max_hp_loss":0.0,"gold_gain":0.0,"event_name":"WeMeetAgain","player_choice":"Gave Potion","floor":23.0,"gold_loss":0.0,"damage_taken":0.0,"relics_obtained":["Question Card"]},{"damage_healed":0,"gold_gain":0,"player_choice":"Stole Relic","damage_taken":0,"relics_obtained":["hubris:BottledRain"],"max_hp_gain":0,"max_hp_loss":0,"event_name":"Addict","floor":28,"gold_loss":0,"cards_obtained":["Shame"]}],"is_beta":false,"boss_relics":[{"not_picked":["Tiny House","Runic Dome"],"picked":"Astrolabe"}],"items_purged_floors":[],"is_endless":false,"potions_floor_spawned":[1,4,6,8,10,12,14,16,18,19,21,24,25,31],"killed_by":"Automaton","ascension_level":0}}