{"host":"uc8wz0q199a7d901","time":1612194998,"event":{"mods":["2.2 Compatiblity","BaseMod","Colored Map","DeckTracker","Highlight Path","Minty Spire (QoL Compilation)","Permanent Neow","Quick Restart","SuperFastMode"],"gold_per_floor":[114,129,147,72,82,82,82,110,133,133,148,158,187,36,36,110,110,124,137,147,50,50,50,50,50],"floor_reached":24,"language":"KOR","playtime":674,"items_purged":[],"score":416,"play_id":"f68423d8-fc86-41bc-818f-fe315bcece73","local_time":"20210202005638","is_ascension_mode":true,"campfire_choices":[{"floor":7.0,"key":"REST"},{"floor":10.0,"key":"REST"},{"data":"Zap","floor":15,"key":"SMITH"},{"floor":23,"key":"REST"}],"circlet_count":0,"master_deck":["AscendersBane","Strike_B","Strike_B","Strike_B","Defend_B","Defend_B","Defend_B","Defend_B","Zap+1","Dualcast","Electrodynamics","Chaos","BootSequence","Glacier","Ball Lightning","Leap","Self Repair","Genetic Algorithm","Echo Form","Thunder Strike","Force Field","Cold Snap","Loop","Turbo"],"relics":["Cracked Core","FaceOfCleric","Blood Vial","Orichalcum","Oddly Smooth Stone","Nuclear Battery"],"acts_visited":["Exordium","TheCity"],"potions_floor_usage":[16,18,24,24],"damage_taken":[{"damage":6.0,"enemies":"Cultist","floor":1.0,"turns":3.0},{"damage":7.0,"enemies":"Jaw Worm","floor":2.0,"turns":3.0},{"damage":0.0,"enemies":"Small Slimes","floor":3.0,"turns":2.0},{"damage":0.0,"enemies":"Gremlin Gang","floor":5.0,"turns":2.0},{"damage":23.0,"enemies":"Gremlin Nob","floor":8.0,"turns":4.0},{"damage":2.0,"enemies":"Lots of Slimes","floor":11.0,"turns":2.0},{"damage":0,"enemies":"Red Slaver","floor":12,"turns":4},{"damage":14,"enemies":"3 Sentries","floor":13,"turns":5},{"damage":43,"enemies":"Hexaghost","floor":16,"turns":13},{"damage":26,"enemies":"3 Byrds","floor":18,"turns":3},{"damage":18,"enemies":"Spheric Guardian","floor":19,"turns":5},{"damage":20,"enemies":"Snecko","floor":20,"turns":7},{"damage":65,"enemies":"Gremlin Leader","floor":24,"turns":4}],"seed_played":"-8117889469885951356","potions_obtained":[{"floor":3.0,"key":"EntropicBrew"},{"floor":8.0,"key":"LiquidMemories"},{"floor":13,"key":"PowerPotion"},{"floor":16,"key":"SteroidPotion"},{"floor":19,"key":"BlessingOfTheForge"},{"floor":22,"key":"Block Potion"}],"is_trial":false,"path_per_floor":["M","M","M","?","M","?","R","E","T","R","M","M","E","$","R","B",null,"M","M","M","$","?","R","E"],"character_chosen":"DEFECT","items_purchased":["Echo Form","Loop","Turbo"],"campfire_rested":3,"item_purchase_floors":[14,21,21],"current_hp_per_floor":[40,33,33,33,33,33,54,32,32,53,54,57,53,53,53,20,62,39,38,28,28,28,51,0,0],"gold":50,"neow_bonus":"THREE_RARE_CARDS","is_daily":false,"chose_seed":false,"campfire_upgraded":1,"win_rate":0.0,"timestamp":1612194998,"path_taken":["M","?","M","?","M","?","R","E","T","R","?","M","E","$","R","BOSS","M","?","M","?","?","R","E"],"items_purchased_type":["Card","Card","Card"],"build_version":"2020-12-22","purchased_purges":0,"victory":false,"max_hp_per_floor":[71,71,71,71,71,71,71,72,72,72,73,74,75,75,75,76,76,77,78,79,79,79,79,79,79],"card_choices":[{"not_picked":["Thunder Strike","Buffer"],"picked":"Electrodynamics","floor":0.0},{"not_picked":["Compile Driver","Streamline"],"picked":"Chaos","floor":1.0},{"not_picked":["Go for the Eyes","Barrage"],"picked":"BootSequence","floor":2.0},{"not_picked":["Doom and Gloom","Leap"],"picked":"Glacier","floor":3.0},{"not_picked":["Beam Cell","Tempest"],"picked":"Ball Lightning","floor":5.0},{"not_picked":["Compile Driver","Leap","Static Discharge"],"picked":"SKIP","floor":8.0},{"not_picked":["Reprogram","Rip and Tear"],"picked":"Leap","floor":11.0},{"not_picked":["Storm","BootSequence"],"picked":"Self Repair","floor":12},{"not_picked":["Cold Snap","Coolheaded"],"picked":"Genetic Algorithm","floor":13},{"not_picked":["Electrodynamics","Seek"],"picked":"Thunder Strike","floor":16},{"not_picked":["Fusion","Beam Cell+1"],"picked":"Force Field","floor":18},{"not_picked":["Redo","Glacier"],"picked":"Cold Snap","floor":19},{"not_picked":["Tempest","Barrage","Ball Lightning"],"picked":"SKIP","floor":20}],"player_experience":708913,"relics_obtained":[{"floor":8.0,"key":"Blood Vial"},{"floor":9.0,"key":"Orichalcum"},{"floor":13,"key":"Oddly Smooth Stone"}],"event_choices":[{"cards_removed":["Strike_B"],"damage_healed":0.0,"max_hp_gain":0.0,"max_hp_loss":0.0,"gold_gain":0.0,"event_name":"The Cleric","player_choice":"Card Removal","floor":4.0,"gold_loss":75.0,"damage_taken":0.0},{"damage_healed":0.0,"max_hp_gain":0.0,"max_hp_loss":0.0,"gold_gain":0.0,"event_name":"FaceTrader","player_choice":"Trade","floor":6.0,"gold_loss":0.0,"damage_taken":0.0,"relics_obtained":["FaceOfCleric"]},{"damage_healed":0,"gold_gain":0,"player_choice":"Got Potions","damage_taken":0,"max_hp_gain":0,"max_hp_loss":0,"event_name":"Lab","floor":22,"gold_loss":0}],"is_beta":false,"boss_relics":[{"not_picked":["Empty Cage","Runic Dome"],"picked":"Nuclear Battery"}],"items_purged_floors":[],"is_endless":false,"potions_floor_spawned":[3,8,13,16,19],"killed_by":"Gremlin Leader","ascension_level":20}}