{"host":"rolltorest","time":1612151641,"event":{"mods":["BaseMod","Minty Spire (QoL Compilation)","Relic Stats","Slay the Relics Exporter","StSLib"],"gold_per_floor":[119,133,283,283,208,240,255,268,294,294,318,318,344,370,382,473,485,511,473,67,80,80,105,105,105,105,125,157,168,200,213,213,213,213],"floor_reached":33,"language":"ENG","playtime":1223,"items_purged":[],"score":730,"play_id":"1063c892-7c75-48cb-bbf0-64f67d34c65f","local_time":"20210131195401","is_ascension_mode":true,"campfire_choices":[{"data":"Immolate","floor":10,"key":"SMITH"},{"data":"Sever Soul","floor":12,"key":"SMITH"},{"data":"Second Wind","floor":15,"key":"SMITH"},{"data":"Battle Trance","floor":24,"key":"SMITH"},{"data":"Evolve","floor":32,"key":"SMITH"}],"circlet_count":0,"master_deck":["AscendersBane","Strike_R+1","Strike_R+1","Strike_R+1","Strike_R+1","Strike_R+1","Defend_R+1","Defend_R+1","Defend_R+1","Defend_R+1","Bash","Wild Strike","Cleave+1","Immolate+1","Sever Soul+1","Second Wind+1","Shrug It Off","Iron Wave","Reaper","Clothesline","Reaper","Battle Trance+1","Second Wind","Second Wind","Pain","Clash+1","Inflame","Battle Trance","Evolve+1"],"relics":["Burning Blood","NeowsBlessing","Bag of Marbles","Centennial Puzzle","Odd Mushroom","MawBank","Mark of Pain","Toolbox","Regal Pillow","WarpedTongs","Singing Bowl","Darkstone Periapt","Peace Pipe"],"acts_visited":["Exordium","TheCity"],"potions_floor_usage":[16,18,28,33,33],"damage_taken":[{"damage":0,"enemies":"Small Slimes","floor":1,"turns":1},{"damage":0,"enemies":"2 Louse","floor":2,"turns":1},{"damage":0,"enemies":"Gremlin Nob","floor":6,"turns":1},{"damage":2,"enemies":"Jaw Worm","floor":7,"turns":3},{"damage":9,"enemies":"3 Louse","floor":8,"turns":2},{"damage":0,"enemies":"The Mushroom Lair","floor":11,"turns":1},{"damage":24,"enemies":"Lagavulin","floor":13,"turns":7},{"damage":0,"enemies":"Gremlin Gang","floor":14,"turns":1},{"damage":9,"enemies":"Slime Boss","floor":16,"turns":6},{"damage":28,"enemies":"3 Byrds","floor":18,"turns":6},{"damage":6,"enemies":"Shell Parasite","floor":21,"turns":5},{"damage":23,"enemies":"Gremlin Leader","floor":23,"turns":7},{"damage":2,"enemies":"Snecko","floor":27,"turns":4},{"damage":27,"enemies":"Book of Stabbing","floor":28,"turns":5},{"damage":25,"enemies":"Snake Plant","floor":29,"turns":4},{"damage":0,"enemies":"Slavers","floor":30,"turns":1},{"damage":1,"enemies":"3 Cultists","floor":31,"turns":3},{"damage":127,"enemies":"Champ","floor":33,"turns":16}],"seed_played":"8932985974076235006","potions_obtained":[{"floor":6,"key":"Dexterity Potion"},{"floor":11,"key":"BloodPotion"},{"floor":14,"key":"AttackPotion"},{"floor":16,"key":"Block Potion"},{"floor":27,"key":"AttackPotion"},{"floor":29,"key":"Regen Potion"}],"is_trial":false,"path_per_floor":["M","M","?","?","?","E","M","M","T","R","?","R","E","M","R","B",null,"M","?","$","M","?","E","R","?","T","M","E","M","E","M","R","B"],"character_chosen":"IRONCLAD","items_purchased":["Reaper","Battle Trance","Toolbox"],"campfire_rested":0,"item_purchase_floors":[20,20,20],"current_hp_per_floor":[74,75,75,75,75,75,75,72,72,72,75,75,57,63,63,60,71,49,49,49,54,54,69,69,69,69,75,54,42,68,73,73,0,0],"gold":213,"neow_bonus":"THREE_ENEMY_KILL","is_daily":false,"chose_seed":false,"campfire_upgraded":5,"win_rate":0.0,"timestamp":1612151641,"path_taken":["M","M","?","?","?","E","M","M","T","R","?","R","E","?","R","BOSS","M","?","$","?","?","E","R","?","T","?","E","M","E","M","R","BOSS"],"items_purchased_type":["Card","Card","Relic"],"build_version":"2020-12-18","purchased_purges":0,"victory":false,"max_hp_per_floor":[75,75,75,75,75,75,75,75,75,75,75,75,75,75,75,75,75,75,75,75,75,75,75,75,75,75,75,75,75,77,77,77,77,77],"relic_stats":{"Darkstone Periapt":0,"Peace Pipe":0,"Centennial Puzzle":[29],"Regal Pillow":0,"Singing Bowl":2,"counters":[18,74],"MawBank":84,"obtain_stats":[{"Darkstone Periapt":28,"Regal Pillow":23,"NeowsBlessing":0,"Singing Bowl":26,"Odd Mushroom":11,"MawBank":13,"Burning Blood":0,"WarpedTongs":25,"Peace Pipe":30,"Centennial Puzzle":9,"Toolbox":20,"Mark of Pain":17,"Bag of Marbles":6},{"Darkstone Periapt":14,"Regal Pillow":12,"NeowsBlessing":0,"Singing Bowl":12,"Odd Mushroom":6,"MawBank":7,"Burning Blood":0,"WarpedTongs":12,"Peace Pipe":16,"Centennial Puzzle":5,"Toolbox":10,"Mark of Pain":9,"Bag of Marbles":3},{"Darkstone Periapt":50,"Regal Pillow":41,"NeowsBlessing":0,"Singing Bowl":41,"Odd Mushroom":9,"MawBank":16,"Burning Blood":0,"WarpedTongs":41,"Peace Pipe":55,"Centennial Puzzle":8,"Toolbox":29,"Mark of Pain":23,"Bag of Marbles":3}],"Burning Blood":80,"WarpedTongs":[25]},"card_choices":[{"not_picked":["Heavy Blade","Feel No Pain"],"picked":"Wild Strike","floor":1},{"not_picked":["True Grit","Flame Barrier"],"picked":"Cleave","floor":2},{"not_picked":["Corruption","Clothesline"],"picked":"Immolate","floor":6},{"not_picked":["Heavy Blade","Rupture"],"picked":"Sever Soul","floor":7},{"not_picked":["Shrug It Off","Flame Barrier"],"picked":"Second Wind","floor":8},{"not_picked":["Pummel","Flex"],"picked":"Shrug It Off","floor":11},{"not_picked":["Perfected Strike","Hemokinesis"],"picked":"Iron Wave","floor":13},{"not_picked":["Twin Strike","Warcry","Anger"],"picked":"SKIP","floor":14},{"not_picked":["Demon Form","Juggernaut"],"picked":"Reaper","floor":16},{"not_picked":["Combust","Thunderclap"],"picked":"Clothesline","floor":18},{"not_picked":["Flex","Cleave+1"],"picked":"Second Wind","floor":21},{"not_picked":["Twin Strike","True Grit"],"picked":"Second Wind","floor":23},{"not_picked":["Shrug It Off","Flex"],"picked":"Clash+1","floor":27},{"not_picked":["Exhume","Clothesline"],"picked":"Inflame","floor":28},{"not_picked":["Cleave","Warcry"],"picked":"Battle Trance","floor":29},{"not_picked":["Battle Trance","Havoc","Juggernaut"],"picked":"Singing Bowl","floor":30},{"not_picked":["Burning Pact","Combust"],"picked":"Evolve","floor":31}],"player_experience":1786320,"relics_obtained":[{"floor":6,"key":"Bag of Marbles"},{"floor":9,"key":"Centennial Puzzle"},{"floor":11,"key":"Odd Mushroom"},{"floor":13,"key":"MawBank"},{"floor":23,"key":"Regal Pillow"},{"floor":26,"key":"Singing Bowl"},{"floor":28,"key":"Darkstone Periapt"},{"floor":30,"key":"Peace Pipe"}],"event_choices":[{"damage_healed":0,"gold_gain":150,"player_choice":"AGREE","damage_taken":0,"max_hp_gain":0,"max_hp_loss":0,"event_name":"Liars Game","floor":3,"gold_loss":0,"cards_obtained":["Doubt"]},{"damage_healed":0,"gold_gain":0,"player_choice":"Grow","damage_taken":0,"max_hp_gain":0,"max_hp_loss":0,"event_name":"Living Wall","floor":4,"gold_loss":0,"cards_upgraded":["Cleave"]},{"cards_removed":["Doubt"],"damage_healed":0,"gold_gain":0,"player_choice":"Card Removal","damage_taken":0,"max_hp_gain":0,"max_hp_loss":0,"event_name":"The Cleric","floor":5,"gold_loss":75},{"damage_healed":0,"gold_gain":0,"player_choice":"Fought Mushrooms","damage_taken":0,"max_hp_gain":0,"max_hp_loss":0,"event_name":"Mushrooms","floor":11,"gold_loss":0},{"damage_healed":0,"gold_gain":0,"player_choice":"Bet on Murderer","damage_taken":0,"max_hp_gain":0,"max_hp_loss":0,"event_name":"The Joust","floor":19,"gold_loss":50},{"damage_healed":0,"gold_gain":0,"player_choice":"Simplicity","damage_taken":0,"max_hp_gain":0,"max_hp_loss":0,"event_name":"Back to Basics","floor":22,"gold_loss":0,"cards_upgraded":["Strike_R","Strike_R","Strike_R","Strike_R","Strike_R","Defend_R","Defend_R","Defend_R","Defend_R"]},{"damage_healed":0,"gold_gain":0,"player_choice":"Rummage","damage_taken":0,"relics_obtained":["WarpedTongs"],"max_hp_gain":0,"max_hp_loss":0,"event_name":"Accursed Blacksmith","floor":25,"gold_loss":0,"cards_obtained":["Pain"]}],"is_beta":true,"boss_relics":[{"not_picked":["Black Star","Tiny House"],"picked":"Mark of Pain"}],"items_purged_floors":[],"is_endless":false,"potions_floor_spawned":[6,11,14,16,27,29,31],"killed_by":"Champ","ascension_level":20}}