{"host":"1xo5g347e5o4auts","time":1612212757,"event":{"mods":["BaseMod","Minty Spire (QoL Compilation)","Permanent Neow","StSLib"],"gold_per_floor":[110,110,127,144,144,172,172,198,223,235,255,59,87,156,156,229,229,239,257,257,284,297,297,322,322,322,2,28,78,97,132,132,207,207,227,245,1244,1256,1275,1300,668,697,724,751,761,795,826,841,841,841,841,841,841,248,274,274],"floor_reached":57,"language":"ENG","playtime":3384,"items_purged":["Strike_G","Strike_G"],"score":3735,"play_id":"44bfade0-38fa-4c93-8b17-e9ca92fd341b","local_time":"20210201225237","is_ascension_mode":true,"campfire_choices":[{"data":"Predator","floor":7.0,"key":"SMITH"},{"data":"Catalyst","floor":15.0,"key":"SMITH"},{"floor":23.0,"key":"REST"},{"data":"Footwork","floor":25.0,"key":"SMITH"},{"data":"Noxious Fumes","floor":32.0,"key":"SMITH"},{"floor":49.0,"key":"RECALL"},{"data":"Burst","floor":53.0,"key":"SMITH"}],"circlet_count":0,"master_deck":["AscendersBane","Strike_G+1","Defend_G","Defend_G","Defend_G","Defend_G","Defend_G","Survivor","Neutralize","Footwork+1","Tools of the Trade","Sucker Punch","Poisoned Stab+1","Predator+1","Malaise","Deadly Poison","Escape Plan","Catalyst+1","Blur","Adrenaline","Noxious Fumes+1","Skewer+1","Backflip+1","Malaise","Backflip+1","Footwork+1","Leg Sweep","Concentrate+1","PiercingWail+1","Footwork","Backflip","Catalyst","Burst+1"],"relics":["Ring of the Snake","FossilizedHelix","Lantern","Strawberry","TwistedFunnel","Blood Vial","Meat on the Bone","Runic Dome","Red Mask","Bag of Preparation","Darkstone Periapt","The Specimen","HornCleat","Omamori","Runic Pyramid","WingedGreaves","Orrery","Art of War","Bronze Scales","Ancient Tea Set","Oddly Smooth Stone","Bag of Marbles","Mango","MealTicket","Pen Nib","Whetstone","Lee\u0027s Waffle","Mercury Hourglass"],"acts_visited":["Exordium","TheCity","TheBeyond","TheEnding"],"potions_floor_usage":[56,56],"damage_taken":[{"damage":0.0,"enemies":"2 Louse","floor":1.0,"turns":4.0},{"damage":0.0,"enemies":"Cultist","floor":3.0,"turns":6.0},{"damage":0.0,"enemies":"Jaw Worm","floor":4.0,"turns":6.0},{"damage":21.0,"enemies":"Gremlin Nob","floor":6.0,"turns":5.0},{"damage":9.0,"enemies":"3 Sentries","floor":8.0,"turns":10.0},{"damage":0.0,"enemies":"Looter","floor":10.0,"turns":4.0},{"damage":0.0,"enemies":"Blue Slaver","floor":11.0,"turns":3.0},{"damage":12.0,"enemies":"Lagavulin","floor":13.0,"turns":5.0},{"damage":0.0,"enemies":"The Guardian","floor":16.0,"turns":9.0},{"damage":0.0,"enemies":"Shell Parasite","floor":18.0,"turns":5.0},{"damage":15.0,"enemies":"3 Byrds","floor":19.0,"turns":4.0},{"damage":11.0,"enemies":"Masked Bandits","floor":21.0,"turns":4.0},{"damage":28.0,"enemies":"Shelled Parasite and Fungi","floor":22.0,"turns":5.0},{"damage":37.0,"enemies":"Gremlin Leader","floor":24.0,"turns":7.0},{"damage":15.0,"enemies":"Book of Stabbing","floor":28.0,"turns":7.0},{"damage":0.0,"enemies":"Chosen and Byrds","floor":30.0,"turns":4.0},{"damage":0.0,"enemies":"Slavers","floor":31.0,"turns":5.0},{"damage":11.0,"enemies":"Collector","floor":33.0,"turns":9.0},{"damage":10.0,"enemies":"3 Darklings","floor":35.0,"turns":5.0},{"damage":0.0,"enemies":"Orb Walker","floor":36.0,"turns":5.0},{"damage":13.0,"enemies":"4 Shapes","floor":38.0,"turns":5.0},{"damage":0.0,"enemies":"Sphere and 2 Shapes","floor":39.0,"turns":6.0},{"damage":35.0,"enemies":"Reptomancer","floor":40.0,"turns":6.0},{"damage":0.0,"enemies":"Giant Head","floor":42.0,"turns":9.0},{"damage":0.0,"enemies":"Nemesis","floor":44.0,"turns":5.0},{"damage":0.0,"enemies":"3 Darklings","floor":45.0,"turns":4.0},{"damage":0.0,"enemies":"Reptomancer","floor":46.0,"turns":6.0},{"damage":0.0,"enemies":"Nemesis","floor":47.0,"turns":7.0},{"damage":0.0,"enemies":"Transient","floor":48.0,"turns":6.0},{"damage":0.0,"enemies":"Awakened One","floor":50.0,"turns":20.0},{"damage":0.0,"enemies":"Time Eater","floor":51.0,"turns":8.0},{"damage":0.0,"enemies":"Shield and Spear","floor":55.0,"turns":7.0},{"damage":0,"enemies":"The Heart","floor":56,"turns":5}],"seed_played":"-7225571428981583526","potions_obtained":[{"floor":1.0,"key":"CunningPotion"},{"floor":3.0,"key":"BlessingOfTheForge"},{"floor":4.0,"key":"SteroidPotion"},{"floor":11.0,"key":"CunningPotion"},{"floor":19.0,"key":"SteroidPotion"},{"floor":28.0,"key":"Dexterity Potion"},{"floor":31.0,"key":"Dexterity Potion"}],"is_trial":false,"path_per_floor":["M","?","M","M","?","E","R","E","T","M","M","$","E","T","R","B",null,"M","M","?","?","M","R","E","R","T","$","E","?","M","E","R","B",null,"M","M","?","M","M","E","$","E","T","E","M","E","E","M","R","B","B",null,"R","$","E","B",null],"character_chosen":"THE_SILENT","items_purchased":["TwistedFunnel","Catalyst","The Specimen","Orrery","Art of War","Backflip","Bronze Scales","Pen Nib","Whetstone","Lee\u0027s Waffle"],"campfire_rested":1,"item_purchase_floors":[12,12,27,41,41,41,41,54,54,54],"current_hp_per_floor":[59,59,59,59,59,38,38,36,36,36,36,36,24,24,24,38,60,62,49,49,40,26,46,23,23,23,23,22,22,36,38,38,41,61,53,55,55,44,46,25,25,39,39,41,43,59,61,63,63,65,67,78,78,88,88,88],"gold":274,"neow_bonus":"ONE_RARE_RELIC","is_daily":false,"chose_seed":false,"campfire_upgraded":5,"win_rate":0.0,"timestamp":1612212757,"path_taken":["M","?","M","M","?","E","R","E","T","M","M","?","E","?","R","BOSS","M","M","?","?","M","R","E","R","T","?","E","?","M","E","R","BOSS","M","M","?","M","M","E","$","E","T","E","M","E","E","M","R","BOSS","BOSS","R","$","E","BOSS"],"items_purchased_type":["Relic","Card","Relic","Relic","Relic","Card","Relic","Relic","Relic","Relic"],"build_version":"2020-12-22","purchased_purges":2,"victory":true,"max_hp_per_floor":[60,60,60,60,60,60,60,67,67,67,67,67,67,67,67,67,67,67,67,67,67,67,67,67,67,67,67,67,67,67,67,67,67,67,67,67,67,67,67,67,67,67,67,67,67,81,81,81,81,81,81,81,81,88,88,88],"card_choices":[{"not_picked":["Finisher","Slice"],"picked":"Footwork","floor":1.0},{"not_picked":["Sucker Punch","Acrobatics","Slice"],"picked":"SKIP","floor":3.0},{"not_picked":["Sucker Punch","Acrobatics","Slice"],"picked":"SKIP","floor":3.0},{"not_picked":["Sucker Punch","Acrobatics","Slice"],"picked":"SKIP","floor":3.0},{"not_picked":["Acrobatics","Slice"],"picked":"Sucker Punch","floor":3.0},{"not_picked":["Sucker Punch","PiercingWail"],"picked":"Poisoned Stab","floor":4.0},{"not_picked":["Cloak And Dagger","Calculated Gamble","Escape Plan"],"picked":"SKIP","floor":6.0},{"not_picked":["Dagger Throw","Choke"],"picked":"Malaise","floor":8.0},{"not_picked":["Sucker Punch","Flying Knee"],"picked":"Deadly Poison","floor":10.0},{"not_picked":["Accuracy","Backflip"],"picked":"Escape Plan","floor":11.0},{"not_picked":["Deadly Poison","Prepared"],"picked":"Blur","floor":13.0},{"not_picked":["After Image","Storm of Steel"],"picked":"Adrenaline","floor":16.0},{"not_picked":["Blur","Terror"],"picked":"Noxious Fumes","floor":18.0},{"not_picked":["Dagger Throw","Calculated Gamble","PiercingWail"],"picked":"SKIP","floor":19.0},{"not_picked":["Masterful Stab","Cloak And Dagger"],"picked":"Skewer+1","floor":22.0},{"not_picked":["Bane","Expertise","Slice"],"picked":"SKIP","floor":24.0},{"not_picked":["Blade Dance","Dagger Throw","Heel Hook"],"picked":"SKIP","floor":28.0},{"not_picked":["PiercingWail","Prepared"],"picked":"Backflip+1","floor":30.0},{"not_picked":["Riddle With Holes","Eviscerate+1","Cloak And Dagger"],"picked":"SKIP","floor":31.0},{"not_picked":["After Image","Phantasmal Killer"],"picked":"Malaise","floor":33.0},{"not_picked":["Blade Dance","Tactician"],"picked":"Backflip+1","floor":35.0},{"not_picked":["Backflip","Outmaneuver"],"picked":"Footwork+1","floor":36.0},{"not_picked":["Masterful Stab+1","Quick Slash+1"],"picked":"Leg Sweep","floor":38.0},{"not_picked":["Poisoned Stab","Reflex+1"],"picked":"Concentrate+1","floor":39.0},{"not_picked":["Underhanded Strike","Noxious Fumes","Prepared"],"picked":"SKIP","floor":40.0},{"not_picked":["Deadly Poison","Escape Plan"],"picked":"PiercingWail+1","floor":41.0},{"not_picked":["Backflip+1","Underhanded Strike+1"],"picked":"Footwork","floor":41.0},{"not_picked":["PiercingWail","Poisoned Stab+1"],"picked":"Catalyst","floor":42.0},{"not_picked":["Endless Agony","Flying Knee"],"picked":"Burst","floor":44.0},{"not_picked":["Bane","Acrobatics","Caltrops+1"],"picked":"SKIP","floor":45.0},{"not_picked":["Finisher","Poisoned Stab+1","Calculated Gamble"],"picked":"SKIP","floor":46.0},{"not_picked":["Setup+1","Accuracy","Noxious Fumes"],"picked":"SKIP","floor":47.0},{"not_picked":["Footwork","Eviscerate+1","Slice"],"picked":"SKIP","floor":48.0},{"not_picked":["Slice+1","Terror","Noxious Fumes"],"picked":"SKIP","floor":55.0}],"player_experience":1406071,"relics_obtained":[{"floor":6.0,"key":"Lantern"},{"floor":8.0,"key":"Strawberry"},{"floor":13.0,"key":"Blood Vial"},{"floor":14.0,"key":"Meat on the Bone"},{"floor":21.0,"key":"Red Mask"},{"floor":24.0,"key":"Bag of Preparation"},{"floor":26.0,"key":"Darkstone Periapt"},{"floor":28.0,"key":"HornCleat"},{"floor":31.0,"key":"Omamori"},{"floor":40.0,"key":"WingedGreaves"},{"floor":42.0,"key":"Ancient Tea Set"},{"floor":43.0,"key":"Oddly Smooth Stone"},{"floor":44.0,"key":"Bag of Marbles"},{"floor":46.0,"key":"Mango"},{"floor":47.0,"key":"MealTicket"},{"floor":55.0,"key":"Mercury Hourglass"}],"event_choices":[{"damage_healed":0.0,"max_hp_gain":0.0,"max_hp_loss":0.0,"gold_gain":0.0,"cards_transformed":["Strike_G"],"event_name":"Living Wall","player_choice":"Change","floor":2.0,"gold_loss":0.0,"damage_taken":0.0,"cards_obtained":["Tools of the Trade"]},{"damage_healed":0.0,"max_hp_gain":0.0,"max_hp_loss":0.0,"gold_gain":0.0,"cards_transformed":["Strike_G"],"event_name":"Transmorgrifier","player_choice":"Transformed","floor":5.0,"gold_loss":0.0,"damage_taken":0.0,"cards_obtained":["Predator"]},{"damage_healed":0.0,"max_hp_gain":0.0,"max_hp_loss":0.0,"gold_gain":0.0,"event_name":"The Mausoleum","player_choice":"Ignored","floor":20.0,"gold_loss":0.0,"damage_taken":0.0},{"damage_healed":0.0,"max_hp_gain":0.0,"max_hp_loss":0.0,"gold_gain":0.0,"event_name":"Masked Bandits","player_choice":"Fought Bandits","floor":21.0,"gold_loss":0.0,"damage_taken":0.0},{"damage_healed":0.0,"max_hp_gain":0.0,"max_hp_loss":0.0,"gold_gain":50.0,"event_name":"Nest","player_choice":"Stole From Cult","floor":29.0,"gold_loss":0.0,"damage_taken":0.0},{"damage_healed":0.0,"max_hp_gain":0.0,"max_hp_loss":0.0,"gold_gain":999.0,"event_name":"MindBloom","player_choice":"Gold","floor":37.0,"gold_loss":0.0,"damage_taken":0.0,"cards_obtained":["Normality","Normality"]}],"is_beta":false,"boss_relics":[{"not_picked":["Velvet Choker","WristBlade"],"picked":"Runic Dome"},{"not_picked":["SlaversCollar","Fusion Hammer"],"picked":"Runic Pyramid"}],"items_purged_floors":[41,54],"is_endless":false,"potions_floor_spawned":[1,3,4,11,19,28,30,31,35,38,45,48],"ascension_level":20}}