{"host":"r3eb5kff0hcmimdq","time":1612196308,"event":{"mods":["ATMod(°¢èªMod)","AchievementEnabler","Act Like it!","Aspiration","BaseMod","Challenge The Spire","Colored Powertips","Conspire","Dota2Spire","Elementarium","Highlight Path","Luminous","Minty Spire (QoL Compilation)","MostiFishMod","Poor People Problems","Quick Restart","Rare Cards Sparkle","Reimu£¨²©ÀöÁéÃÎ£©","Relic Filter","Relic Filter Mod","Replay The Spire","RumiaBox-Â¶Ã×æ«µÄÉñÃØºÐ×Ó","Shop Mod","Spicy Shops","StSLib","TestMod","The Jungle","The Senshi","¡¾ÒÅÎï¿¨ÅÆ¡¿REMEMod","óô»ðÖ¸ÄÏ"],"gold_per_floor":[116,131,131,131,42,68,68,298,298,298,318,266,266,283,158,263,263,278,26,26,81,95,235,235,60,60,460,484,424,445,588,213,454,454,467,467,482,129,89,89,234,254,254,254,254,284,435,290,290,433,28,156],"floor_reached":53,"language":"ZHS","playtime":2029,"items_purged":["Injury","Defend_Lin:ReiMu","Defend_Lin:ReiMu","Strike_Lin:ReiMu","Defend_Lin:ReiMu","Strike_Lin:ReiMu"],"score":1315,"play_id":"814ec7cb-2014-4597-a961-30114287a219","local_time":"20210202001828","is_ascension_mode":true,"campfire_choices":[{"data":"REME_ACTH","floor":7.0,"key":"SMITH"},{"data":"NB:ReiMu","floor":10.0,"key":"SMITH"},{"data":"Stagnation:ReiMu","floor":24.0,"key":"SMITH"},{"data":"Defend_Lin:ReiMu","floor":40,"key":"SMITH"}],"circlet_count":0,"master_deck":["Strike_Lin:ReiMu+1","Defend_Lin:ReiMu+1","Stagnation:ReiMu+1","REME_ACTH+1","PrepareRite:ReiMu+1","Free:ReiMu+1","AirManeuver:ReiMu+1","KamiRite:ReiMu+1","NineCharacters:ReiMu+1","YinYangSange:ReiMu+1","KamiRite:ReiMu+1","Authority:ReiMu+1","FantasyMoon:ReiMu+1"],"relics":["FlyPower:ReiMu","REME_ComplimentaryCards","AT_ATBox","testmod-TestBox","PatriotShield","testmod-FatalChain","NeowsBlessing","SynthV:TestCard","Toxic Egg 2","Replay:Wax Seal","MerchantsRug","AT_TheCollector","Dota2Spire:OctarineCore","JellyFishMachine","Ginger","AT_EbonyIvory","AT_PhaseBoots","ChiLing","Chi","Ling","Replay:Bandana","conspire:Flyswatter","Replay:Ringing Soul","AT_ChloranthyRing","ZombieArmy","TentaclePot:ReiMu","Dota2Spire:RefresherOrb","Strange Spoon","Replay:Kaleidoscope","REME_HourglassOfDeath","Dota2Spire:EchoSabre","Toolbox","Dota2Spire:Dagon","Dota2Spire:MonkeyKingBar","Bag of Preparation"],"acts_visited":["Exordium","TheCity","TheBeyond"],"potions_floor_usage":[],"damage_taken":[{"damage":0.0,"enemies":"Jaw Worm","floor":1.0,"turns":1.0},{"damage":0.0,"enemies":"2 Louse","floor":2.0,"turns":1.0},{"damage":0.0,"enemies":"Gremlin Nob","floor":6.0,"turns":1.0},{"damage":0.0,"enemies":"3 Sentries","floor":8.0,"turns":6.0},{"damage":0.0,"enemies":"Cultist","floor":11.0,"turns":2.0},{"damage":0.0,"enemies":"Exordium Thugs","floor":14.0,"turns":3.0},{"damage":3.0,"enemies":"The Guardian","floor":16.0,"turns":6.0},{"damage":0.0,"enemies":"Chosen","floor":18.0,"turns":2.0},{"damage":3.0,"enemies":"Shell Parasite","floor":22.0,"turns":1.0},{"damage":3.0,"enemies":"Replay:Snechameleon","floor":23.0,"turns":2.0},{"damage":2.0,"enemies":"Sentry and Sphere","floor":25.0,"turns":2.0},{"damage":2.0,"enemies":"Shelled Parasite and Fungi","floor":28.0,"turns":1.0},{"damage":3.0,"enemies":"Book of Stabbing","floor":29.0,"turns":3.0},{"damage":3.0,"enemies":"3 Cultists","floor":30.0,"turns":1.0},{"damage":3.0,"enemies":"Replay:Snechameleon","floor":31.0,"turns":2.0},{"damage":3.0,"enemies":"Champ","floor":33.0,"turns":3.0},{"damage":3.0,"enemies":"3 Darklings","floor":35.0,"turns":2.0},{"damage":4.0,"enemies":"Orb Walker","floor":37.0,"turns":2.0},{"damage":3,"enemies":"R_Hoarder","floor":41,"turns":3},{"damage":2,"enemies":"Jaw Worm Horde","floor":42,"turns":1},{"damage":3,"enemies":"Maw","floor":46,"turns":3},{"damage":3,"enemies":"Giant Head","floor":47,"turns":2},{"damage":1,"enemies":"R_Hoarder","floor":50,"turns":4},{"damage":3,"enemies":"Time Eater","floor":52,"turns":3}],"seed_played":"-2497250898676990241","potions_obtained":[{"floor":1.0,"key":"Dota2Spire:HealingSalve"},{"floor":8.0,"key":"SpeedPotion"},{"floor":11.0,"key":"HakureiPotion:ReiMu"},{"floor":14.0,"key":"Languid Potion"},{"floor":16.0,"key":"testmod-EscapePotion"},{"floor":22.0,"key":"Milkshake"},{"floor":29.0,"key":"Fire Potion"},{"floor":31.0,"key":"Regen Potion"},{"floor":46,"key":"LiquidFlight:ReiMu"},{"floor":47,"key":"testmod-SpacePotion"},{"floor":50,"key":"Strength Potion"}],"is_trial":false,"path_per_floor":["M","M","?","?","$","E","R","E","T","R","M","$","?","M","R","B",null,"M","$","T","$","M","E","R","M","T","?","M","E","M","E","R","B",null,"M","?","M","$","?","R","E","M","PTL","PTL","T","M","E","$","?","E","R","B",null],"character_chosen":"REIMU","items_purchased":["Replay:Wax Seal","MerchantsRug","Ginger","AT_EbonyIvory","ChiLing","Replay:Bandana","ZombieArmy","TentaclePot:ReiMu","Strange Spoon","Toolbox","Dota2Spire:MonkeyKingBar","Bag of Preparation"],"campfire_rested":0,"item_purchase_floors":[5,5,19,19,21,21,32,32,38,48,51,51],"current_hp_per_floor":[65,65,65,65,65,65,65,65,65,65,65,65,65,65,65,62,65,65,65,65,65,62,59,59,57,57,57,55,52,49,46,46,46,68,65,65,61,61,61,61,61,59,59,59,59,56,53,53,53,55,55,52],"gold":156,"neow_bonus":"THREE_ENEMY_KILL","is_daily":false,"chose_seed":false,"campfire_upgraded":4,"win_rate":0.0,"timestamp":1612196308,"path_taken":["M","M","?","?","?","E","R","E","T","R","M","$","?","M","R","BOSS","M","?","?","$","M","E","R","?","T","?","M","E","M","E","R","BOSS","M","?","M","$","?","R","E","M","PTL","PTL","T","?","E","$","?","E","R","BOSS"],"items_purchased_type":["Relic","Relic","Relic","Relic","Relic","Relic","Relic","Relic","Relic","Relic","Relic","Relic"],"build_version":"2020-12-22","purchased_purges":6,"victory":true,"max_hp_per_floor":[65,65,65,65,65,65,65,65,65,65,65,65,65,65,65,65,65,65,65,65,65,65,65,65,65,65,65,65,65,65,65,65,68,68,68,68,68,68,68,68,71,71,71,71,71,71,71,71,71,74,74,74],"card_choices":[{"not_picked":["AlertArray:ReiMu","Enchanting:ReiMu","EmergencyTakeOff:ReiMu"],"picked":"SKIP","floor":1.0},{"not_picked":["Intuition:ReiMu","WonderfulDomain:ReiMu","PassingAway:ReiMu","TightArray:ReiMu","NineCharacters:ReiMu"],"picked":"SKIP","floor":2.0},{"not_picked":["EmergencyTakeOff:ReiMu+1","UpKicking:ReiMu","FoulBorder2:ReiMu","CeremonyResonance:ReiMu+1","AlertArray:ReiMu+1"],"picked":"SKIP","floor":6.0},{"not_picked":["TakeOff:ReiMu+1","Conquer:ReiMu","Enchanting:ReiMu+1","SubcavityInstant:ReiMu+1"],"picked":"PrepareRite:ReiMu+1","floor":8.0},{"not_picked":["AlertArray:ReiMu+1","LearningPray:ReiMu+1","AirStrike:ReiMu","MountainWay:ReiMu+1"],"picked":"Free:ReiMu+1","floor":11.0},{"not_picked":["ForcedLanding:ReiMu","SafetyPray:ReiMu+1","WonderfulDomain:ReiMu+1","FineLineFantasy:ReiMu"],"picked":"AirManeuver:ReiMu+1","floor":14.0},{"not_picked":["BlastKick2:ReiMu","Shading:ReiMu+1","SubcavityFantasy:ReiMu+1","Dreaming:ReiMu"],"picked":"KamiRite:ReiMu+1","floor":16.0},{"not_picked":["CareerPray:ReiMu+1","TakeOff:ReiMu+1","Meditation:ReiMu+1","SpringWay:ReiMu+1","SubAcupoint:ReiMu"],"picked":"SKIP","floor":18.0},{"not_picked":["Meditation:ReiMu+1","CareerPray:ReiMu+1","AlertArray:ReiMu+1","LovePray:ReiMu+1","SpiritualOutbreak2:ReiMu"],"picked":"SKIP","floor":22.0},{"not_picked":["Amulet:ReiMu+1","OrbThrow:ReiMu","PrepareRite:ReiMu+1","SubAcupoint:ReiMu"],"picked":"NineCharacters:ReiMu+1","floor":23.0},{"not_picked":["AlertArray:ReiMu+1","Mountainwind:ReiMu+1","AirStrike:ReiMu","FantasyBorder:ReiMu+1"],"picked":"YinYangSange:ReiMu","floor":25.0},{"not_picked":["Conquer:ReiMu+1","CollectionFlower2:ReiMu+1","RainPray2:ReiMu+1","SubcavityInstant:ReiMu+1","Amulet:ReiMu+1"],"picked":"SKIP","floor":28.0},{"not_picked":["TightArray:ReiMu","OrbThrow:ReiMu","SubAcupoint:ReiMu","Shading:ReiMu+1","Dreaming2:ReiMu"],"picked":"SKIP","floor":29.0},{"not_picked":["SubcavityInstant:ReiMu+1","SpreadBorder2:ReiMu+1","Conquer:ReiMu","SubAcupoint:ReiMu+1","EmergencyTakeOff:ReiMu+1"],"picked":"SKIP","floor":30.0},{"not_picked":["TightArray:ReiMu","SpringWay:ReiMu+1","SpreadBorder2:ReiMu+1","Intuition:ReiMu+1","Meditation:ReiMu+1"],"picked":"SKIP","floor":31.0},{"not_picked":["PrayRite:ReiMu+1","CeremonyResonance:ReiMu+1","RunawayExorcism:ReiMu+1","KyokaiOfKami:ReiMu"],"picked":"KamiRite:ReiMu+1","floor":33.0},{"not_picked":["AlertArray:ReiMu+1","Intuition:ReiMu+1","CareerPray:ReiMu+1","SubcavityInstant:ReiMu+1","AirManeuver:ReiMu+1"],"picked":"SKIP","floor":35.0},{"not_picked":["AlertArray:ReiMu+1","OrbThrow:ReiMu+1","Amulet:ReiMu+1","SubAcupoint:ReiMu","Intuition:ReiMu+1"],"picked":"SKIP","floor":37.0},{"not_picked":["WonderfulDomain:ReiMu+1","Amulet:ReiMu+1","Enchanting:ReiMu+1","SafetyPray:ReiMu+1"],"picked":"Authority:ReiMu+1","floor":41},{"not_picked":["SealNeedle:ReiMu+1","SubcavityInstant:ReiMu+1","WonderfulDomain:ReiMu+1","OrbThrow:ReiMu+1","AirStrike:ReiMu"],"picked":"SKIP","floor":42},{"not_picked":["SpreadBorder2:ReiMu+1","TightArray:ReiMu+1","SubcavityInstant:ReiMu+1","Amulet:ReiMu+1","OctopathBindingBorder2:ReiMu+1"],"picked":"SKIP","floor":46},{"not_picked":["PassingAway:ReiMu+1","Free:ReiMu+1","CareerPray:ReiMu+1","OctopathSalyBorderN:ReiMu","UpKicking:ReiMu"],"picked":"SKIP","floor":47},{"not_picked":["MikOfLucky:ReiMu+1","LovePray:ReiMu+1","Mountainwind:ReiMu+1","YinYangSign:ReiMu+1"],"picked":"FantasyMoon:ReiMu+1","floor":50}],"player_experience":181090,"relics_obtained":[{"floor":1.0,"key":"SynthV:TestCard"},{"floor":6.0,"key":"AT_TheCollector"},{"floor":8.0,"key":"Dota2Spire:OctarineCore"},{"floor":20.0,"key":"AT_SpeedBoots"},{"floor":23.0,"key":"conspire:Flyswatter"},{"floor":26.0,"key":"Replay:Ringing Soul"},{"floor":29.0,"key":"AT_ChloranthyRing"},{"floor":31.0,"key":"testmod-OneHitWonder"},{"floor":41,"key":"Replay:Kaleidoscope"},{"floor":45,"key":"REME_HourglassOfDeath"},{"floor":47,"key":"Dota2Spire:EchoSabre"},{"floor":50,"key":"Dota2Spire:Dagon"}],"event_choices":[{"damage_healed":0.0,"max_hp_gain":0.0,"max_hp_loss":0.0,"gold_gain":400.0,"event_name":"¶÷ÂåË¹µÄÅÌ×Ó","player_choice":"Sell","floor":27.0,"relics_lost":["DaveBox"],"gold_loss":0.0,"damage_taken":0.0},{"damage_healed":0.0,"max_hp_gain":0.0,"max_hp_loss":0.0,"gold_gain":0.0,"event_name":"Tomb of Lord Red Mask","player_choice":"Ignored","floor":36.0,"gold_loss":0.0,"damage_taken":0.0},{"damage_healed":0.0,"max_hp_gain":0.0,"max_hp_loss":0.0,"gold_gain":0.0,"event_name":"Designer","player_choice":"Upgraded Two","floor":39.0,"gold_loss":40.0,"damage_taken":0.0,"cards_upgraded":["YinYangSange:ReiMu","Strike_Lin:ReiMu"]},{"cards_removed":["NB:ReiMu"],"damage_healed":0,"gold_gain":0,"player_choice":"Purged","damage_taken":0,"max_hp_gain":0,"max_hp_loss":0,"event_name":"Purifier","floor":49,"gold_loss":0}],"is_beta":false,"boss_relics":[{"not_picked":["testmod-Recursion","TimeKeys"],"picked":"JellyFishMachine"},{"not_picked":["Fusion Hammer","testmod-Nine"],"picked":"Dota2Spire:RefresherOrb"}],"items_purged_floors":[5,12,15,19,32,38],"is_endless":false,"potions_floor_spawned":[1,8,11,14,16,22,29,31,46,47,50],"ascension_level":1}}