{"host":"oujjjf1ibi0g9juw","time":1612162619,"event":{"mods":["Act Like it!","BaseMod","Become a monster 百变怪","Better Synergies","BetterRewards","Card Forge","Chinese 32Bit Patch","Colored Powertips","FoggyMod","Hallownest","Marisa（F雨　魔理沙）","Minty Spire (QoL Compilation)","MostiFishMod","Relic Stats","RumiaBox-露米娅的神秘盒子","Ryuuou龙王","Shop Mod","Spicy Shops","StSLib","SuperFastMode","TestMod","Transform Curses","Waifu the Spire","[IsaacMod]以撒尖塔","【功能Mod】Neow奖励","【功能Mod】混沌之环修复补丁","【功能Mod】精心准备","【功能Mod】聪明的最终Boss","【遗物Mod】简单游戏","【遗物卡牌】REMEMod","篝火指南"],"gold_per_floor":[121,121,121,146,171,214,214,256,256,292,364,364,364,364,289,372,396,423,423,423,423,423,423,464,464,532,569,668,462,539,939,939,1041,1041,1081,901,979,541,622,672,672,710,780,780,26,273,273,319,54,58,102,102,102,74,129,185],"floor_reached":57,"language":"ZHS","playtime":2657,"items_purged":["Defend_G","Defend_G","Grand Finale","Storm of Steel","Wraith Form v2","Wraith Form v2"],"score":3997,"play_id":"f697b12c-55f4-44b0-9c4f-56b40511118d","local_time":"20210201145659","is_ascension_mode":true,"campfire_choices":[{"data":"testmod-ChaoticCore","floor":7.0,"key":"SMITH"},{"floor":13.0,"key":"RECALL"},{"data":"Neutralize","floor":23.0,"key":"SMITH"},{"data":"Survivor","floor":25.0,"key":"SMITH"},{"data":"MostiFishMod:PerfectForm","floor":32.0,"key":"SMITH"},{"data":"MostiFishMod:Neurotoxin","floor":41.0,"key":"SMITH"},{"data":"MostiFishMod:Wind","floor":53.0,"key":"SMITH"}],"circlet_count":0,"master_deck":["AscendersBane","testmod-ChaoticCore+1","MostiFishMod:PerfectForm+1","MostiFishMod:Neurotoxin+1","Shame","Venomology+1","Unload+1","Envenom","MostiFishMod:Wind+1","Doppelganger","Night Terror","Deadly Poison+1","MostiFishMod:PerfectForm+1","After Image+1","Terror"],"relics":["Ring of the Snake","Hammer of Thor","Seething Fire","Anvil of the Gods","EasyRelic","HushsDoor","testmod-TestBox","DaveBox","Sling","MerchantsRug","GuppysTail","SynthV:C4","testmod-BouquetWithThorns","Paper Crane","testmod-ConstraintPeriapt","Civilization","The Specimen","Mummified Hand","Tiny Chest","testmod-TheFather","REME_ArchaeologicalTools","FossilizedHelix","Boot","MostiFishMod:AdaptiveDefenses","Lantern","SynthV:TestCard","SecretRecord","SecretRecord","SecretRecord","Membership Card","Shuriken","Ccalipers","testmod-InfectionSource","ChampionBelt","testmod-Fortitude","Hallownest:StagBellRelic1","Pocketwatch","REME_LimitBreaker","Singing Bowl","Du-Vu Doll","Ying","DeathBook","testmod-ArcanaOfDestiny","PunchingBag","Blue Candle","Hallownest:KingsIdolRelic","MetatronsCube","BrkXgEgg","Hallownest:GodTamersBeastRelic","ArrowTower","LastBattle","Medical Kit","MoneyPower","DiscerningMonocle","testmod-OneHitWonder","Orichalcum","BelialBook","GuppysPaw","Vajra"],"acts_visited":["Hallownest:Greenpath","Hallownest:CityofTears","Hallownest:KingdomsEdge","TheEnding"],"potions_floor_usage":[56],"damage_taken":[{"damage":0.0,"enemies":"Hallownest:monsterHuskGuard","floor":1.0,"turns":1.0},{"damage":0.0,"enemies":"2_ Uuma","floor":5.0,"turns":1.0},{"damage":0.0,"enemies":"Hallownest:eliteCrystalGuardian","floor":6.0,"turns":4.0},{"damage":0.0,"enemies":"Hallownest:eliteMossKnight","floor":8.0,"turns":2.0},{"damage":0.0,"enemies":"Hallownest:eliteCrystalGuardian","floor":10.0,"turns":3.0},{"damage":8.0,"enemies":"Hallownest:BossHornet","floor":16.0,"turns":5.0},{"damage":0.0,"enemies":"Hallownest:Guard_and_Sentry","floor":18.0,"turns":3.0},{"damage":0.0,"enemies":"Hallownest:eliteSoulWarrior","floor":24.0,"turns":5.0},{"damage":0.0,"enemies":"Hallownest:Nosk","floor":27.0,"turns":3.0},{"damage":0.0,"enemies":"Hallownest:BossMantisLord","floor":33.0,"turns":2.0},{"damage":0.0,"enemies":"Hallownest:eliteHiveKnight","floor":35.0,"turns":3.0},{"damage":0.0,"enemies":"Hallownest:2_Primals","floor":37.0,"turns":3.0},{"damage":0.0,"enemies":"Hallownest:StalkingDevout","floor":40.0,"turns":2.0},{"damage":0.0,"enemies":"Hallownest:eliteCollector","floor":42.0,"turns":2.0},{"damage":3.0,"enemies":"Hallownest:eliteCollector","floor":46.0,"turns":2.0},{"damage":2.0,"enemies":"Hallownest:eliteCollector","floor":46.0,"turns":2.0},{"damage":0.0,"enemies":"Hallownest:eliteCollector","floor":46.0,"turns":1.0},{"damage":0.0,"enemies":"Hallownest:eliteCollector","floor":46.0,"turns":2.0},{"damage":7.0,"enemies":"Hallownest:eliteHiveKnight","floor":48.0,"turns":3.0},{"damage":1.0,"enemies":"Hallownest:Radiance","floor":50.0,"turns":2.0},{"damage":6.0,"enemies":"Hallownest:BossHollowKnight","floor":51.0,"turns":3.0},{"damage":0.0,"enemies":"Shield and Spear","floor":55.0,"turns":1.0},{"damage":2,"enemies":"Delirium","floor":56,"turns":11}],"seed_played":"2410125136231502151","potions_obtained":[{"floor":1.0,"key":"Regen Potion"},{"floor":10.0,"key":"Regen Potion"},{"floor":24.0,"key":"Strength Potion"},{"floor":33.0,"key":"EssenceOfSteel"},{"floor":35.0,"key":"FairyPotion"},{"floor":40.0,"key":"Block Potion"},{"floor":42.0,"key":"Energy Potion"},{"floor":55.0,"key":"CunningPotion"}],"is_trial":false,"path_per_floor":["M","?","?","$","M","E","R","E","T","E","T","?","R","?","R","B",null,"M","?","$","T","?","R","E","R","T","E","?","$","T","?","R","B",null,"M","?","?","$","T","E","R","M","T","?","$","?","T","M","R","B","B",null,"R","$","E","B",null],"character_chosen":"THE_SILENT","items_purchased":["Sling","MerchantsRug","Paper Crane","Civilization","Mummified Hand","Tiny Chest","REME_ArchaeologicalTools","FossilizedHelix","Boot","MostiFishMod:AdaptiveDefenses","Lantern","Membership Card","Shuriken","Ccalipers","MostiFishMod:PerfectForm","REME_LimitBreaker","Singing Bowl","Du-Vu Doll","Ying","MetatronsCube","SumBook","BrkXgEgg","Medical Kit","MoneyPower","MostiFishMod:PerfectForm+1","DiscerningMonocle","After Image+1","testmod-OneHitWonder","Orichalcum","BelialBook","Weak Potion","Poison Potion","CunningPotion","testmod-EscapePotion","GuppysPaw"],"campfire_rested":0,"item_purchase_floors":[0,0,0,0,0,0,0,0,0,0,0,29,29,29,29,38,38,38,38,45,45,45,49,49,49,54,54,54,54,54,54,54,54,54,54],"current_hp_per_floor":[61,61,61,61,66,72,72,77,77,83,83,68,68,68,68,68,84,91,91,91,91,91,91,98,98,98,104,89,89,89,89,89,95,106,112,112,118,118,118,126,126,133,133,133,133,150,150,149,149,153,152,164,164,164,173,176],"gold":185,"neow_bonus":"","is_daily":false,"chose_seed":false,"campfire_upgraded":6,"win_rate":0.0,"timestamp":1612162619,"path_taken":["M","?","?","$","?","E","R","E","T","E","?","?","R","?","R","BOSS","M","?","$","?","?","R","E","R","T","E","?","?","?","?","R","BOSS","M","?","?","$","?","E","R","?","T","?","$","?","?","?","R","BOSS","BOSS","R","$","E","BOSS"],"items_purchased_type":["Relic","Relic","Relic","Relic","Relic","Relic","Relic","Relic","Relic","Relic","Relic","Relic","Relic","Relic","Card","Relic","Relic","Relic","Relic","Relic","Relic","Relic","Relic","Relic","Card","Relic","Card","Relic","Relic","Relic","Potion","Potion","Potion","Potion","Relic"],"build_version":"2020-12-22","purchased_purges":6,"victory":true,"max_hp_per_floor":[67,67,67,67,70,74,74,79,79,84,84,84,84,84,84,89,89,94,94,94,94,94,94,99,99,99,104,104,104,104,104,104,109,109,114,114,119,119,119,126,126,133,133,133,133,153,153,158,158,163,168,168,168,168,173,178],"relic_stats":{"Singing Bowl":28,"counters":[110,249],"Mummified Hand":[184],"Shuriken":[15],"Blue Candle":[16],"Tiny Chest":5,"Orichalcum":[84],"Boot":[52],"Medical Kit":[2],"obtain_stats":[{"TwistedFunnel":0,"MostiFishMod:AdaptiveDefenses":0,"DeadEye":27,"MagicDraw4":27,"Sling":0,"Boot":0,"testmod-BlackFramedGlasses":0,"MagicDraw2":48,"MagicDraw1":25,"Sundial":55,"REME_ArchaeologicalTools":0,"Runic Cube":43,"KeepersGift":0,"DianDianMeat":42,"MerchantsRug":0,"MostiFishMod:Hod":3,"testmod-Maize":3,"BookofShadows":0,"testmod-TestBox":0,"PunchingBag":42,"Blue Candle":28,"BelialBook":54,"Eternal Feather":40,"Pen Nib":39,"MoneyPower":49,"Paper Crane":26,"REME_LimitBreaker":38,"EasyRelic":0,"testmod-Fortitude":35,"Ling":0,"HushsDoor":0,"ChiLing":0,"BloodDonationMachine":3,"MetatronsCube":45,"AnarchistCookbook":54,"GuppysTail":0,"Regal Pillow":6,"Lantern":0,"DaveBox":0,"Singing Bowl":38,"GnawedLeaf":27,"Magic Flower":42,"StoneCalendar":0,"Hallownest:GodTamersBeastRelic":39,"Burning Blood":3,"SynthV:C4":0,"Hallownest:SheosBrushRelic":12,"Civilization":0,"DeathBook":39,"Toolbox":39,"Ring of the Snake":3,"Potion Belt":14,"The Specimen":0,"ImprovedEquipment":0,"PreservedInsect":32,"BrkXgEgg":0,"Omamori":7,"Seething Fire":0,"testmod-ConstraintPeriapt":0,"LastBattle":48,"testmod-Hope":55,"BloodDonationBag":18,"Toy Ornithopter":8,"REME_ComplimentaryCards":0,"Chaos":0,"CombinedTypeHook":0,"Gremlin Horn":37,"Chi":0,"CeramicFish":0,"Vajra":55,"Hammer of Thor":0,"BirthdayGift-Icosahedron":29,"Ccalipers":29,"Strawberry":4,"DaCapo":29,"testmod-InfectionSource":30,"Void":3,"AddBug":1,"Letter Opener":22,"War Paint":40,"testmod-SaigiyounoYou":29,"Du-Vu Doll":38,"YumHeart":0,"Transparent":3,"Anvil of the Gods":0,"Shuriken":29,"Bronze Scales":47,"ChiXiaoBlade":17,"Molten Egg 2":27,"GodSword7":28,"GodSword6":13,"Black Star":34,"GodSword5":3,"EdensBlessing":28,"CatCart":36,"ArrowTower":47,"testmod-OneHitWonder":54,"Pocketwatch":0,"MaYiHuaBei":3,"Hallownest:StagBellRelic1":36,"Ying":44,"GuppysPaw":24,"SynthV":54,"DiscerningMonocle":54,"SacredBark":17,"SecretRecord":1,"Snake Skull":0,"Juzu Bracelet":0,"testmod-Nyarlathotep":3,"testmod-BouquetWithThorns":0,"Dream Catcher":43,"ChampionBelt":1,"Mummified Hand":0,"Pantograph":40,"Tiny Chest":19,"testmod-TheFather":0,"Red Mask":45,"Cracked Core":0,"testmod-ArcanaOfDestiny":40,"SumBook":45,"HowToJump":11,"Hallownest:KingsIdolRelic":44,"Orichalcum":54,"testmod-IndustrialRevolution":9,"Medical Kit":49,"Peace Pipe":0,"testmod-Antiphasic":54,"SynthV:TestCard":1,"Bag of Marbles":48,"SalivaCoin":13,"Coffee Dripper":55,"Membership Card":32,"testmod-Nine":42,"FossilizedHelix":0},{"TwistedFunnel":0,"MostiFishMod:AdaptiveDefenses":87,"DeadEye":73,"MagicDraw4":73,"Sling":87,"Boot":87,"testmod-BlackFramedGlasses":0,"MagicDraw2":62,"MagicDraw1":73,"Sundial":65,"REME_ArchaeologicalTools":87,"Runic Cube":82,"KeepersGift":0,"DianDianMeat":59,"MerchantsRug":43,"MostiFishMod:Hod":44,"testmod-Maize":44,"BookofShadows":66,"testmod-TestBox":0,"PunchingBag":101,"Blue Candle":74,"BelialBook":108,"Eternal Feather":58,"Pen Nib":57,"MoneyPower":106,"Paper Crane":73,"REME_LimitBreaker":99,"EasyRelic":0,"testmod-Fortitude":98,"Ling":66,"HushsDoor":0,"ChiLing":66,"BloodDonationMachine":67,"MetatronsCube":101,"AnarchistCookbook":85,"GuppysTail":87,"Regal Pillow":45,"Lantern":66,"DaveBox":0,"Singing Bowl":99,"GnawedLeaf":73,"Magic Flower":59,"StoneCalendar":43,"Hallownest:GodTamersBeastRelic":80,"Burning Blood":44,"SynthV:C4":87,"Hallownest:SheosBrushRelic":69,"Civilization":87,"DeathBook":99,"Toolbox":57,"Ring of the Snake":67,"Potion Belt":69,"The Specimen":87,"ImprovedEquipment":66,"PreservedInsect":54,"BrkXgEgg":66,"Omamori":68,"Seething Fire":0,"testmod-ConstraintPeriapt":87,"LastBattle":106,"testmod-Hope":65,"BloodDonationBag":71,"Toy Ornithopter":46,"REME_ComplimentaryCards":87,"Chaos":0,"CombinedTypeHook":0,"Gremlin Horn":57,"Chi":66,"CeramicFish":66,"Vajra":109,"Hammer of Thor":0,"BirthdayGift-Icosahedron":74,"Ccalipers":96,"Strawberry":67,"DaCapo":53,"testmod-InfectionSource":96,"Void":67,"AddBug":2,"Letter Opener":71,"War Paint":58,"testmod-SaigiyounoYou":74,"Du-Vu Doll":99,"YumHeart":66,"Transparent":67,"Anvil of the Gods":0,"Shuriken":96,"Bronze Scales":61,"ChiXiaoBlade":70,"Molten Egg 2":52,"GodSword7":52,"GodSword6":49,"Black Star":55,"GodSword5":67,"EdensBlessing":52,"CatCart":57,"ArrowTower":105,"testmod-OneHitWonder":108,"Pocketwatch":66,"MaYiHuaBei":44,"Hallownest:StagBellRelic1":98,"Ying":59,"GuppysPaw":52,"SynthV":64,"DiscerningMonocle":108,"SacredBark":50,"SecretRecord":2,"Snake Skull":66,"Juzu Bracelet":66,"testmod-Nyarlathotep":44,"testmod-BouquetWithThorns":87,"Dream Catcher":59,"ChampionBelt":2,"Mummified Hand":43,"Pantograph":81,"Tiny Chest":51,"testmod-TheFather":87,"Red Mask":59,"Cracked Core":0,"testmod-ArcanaOfDestiny":100,"SumBook":101,"HowToJump":69,"Hallownest:KingsIdolRelic":101,"Orichalcum":108,"testmod-IndustrialRevolution":46,"Medical Kit":106,"Peace Pipe":66,"testmod-Antiphasic":64,"SynthV:TestCard":88,"Bag of Marbles":62,"SalivaCoin":69,"Coffee Dripper":86,"Membership Card":54,"testmod-Nine":82,"FossilizedHelix":87},{"TwistedFunnel":0,"MostiFishMod:AdaptiveDefenses":183,"DeadEye":167,"MagicDraw4":167,"Sling":183,"Boot":183,"testmod-BlackFramedGlasses":0,"MagicDraw2":146,"MagicDraw1":167,"Sundial":150,"REME_ArchaeologicalTools":183,"Runic Cube":176,"KeepersGift":0,"DianDianMeat":142,"MerchantsRug":95,"MostiFishMod:Hod":98,"testmod-Maize":98,"BookofShadows":153,"testmod-TestBox":0,"PunchingBag":222,"Blue Candle":168,"BelialBook":237,"Eternal Feather":141,"Pen Nib":140,"MoneyPower":232,"Paper Crane":167,"REME_LimitBreaker":218,"EasyRelic":0,"testmod-Fortitude":215,"Ling":153,"HushsDoor":0,"ChiLing":153,"BloodDonationMachine":154,"MetatronsCube":222,"AnarchistCookbook":179,"GuppysTail":183,"Regal Pillow":100,"Lantern":153,"DaveBox":0,"Singing Bowl":218,"GnawedLeaf":167,"Magic Flower":142,"StoneCalendar":95,"Hallownest:GodTamersBeastRelic":174,"Burning Blood":98,"SynthV:C4":183,"Hallownest:SheosBrushRelic":158,"Civilization":183,"DeathBook":218,"Toolbox":140,"Ring of the Snake":154,"Potion Belt":158,"The Specimen":183,"ImprovedEquipment":153,"PreservedInsect":133,"BrkXgEgg":153,"Omamori":156,"Seething Fire":0,"testmod-ConstraintPeriapt":183,"LastBattle":232,"testmod-Hope":150,"BloodDonationBag":162,"Toy Ornithopter":103,"REME_ComplimentaryCards":183,"Chaos":0,"CombinedTypeHook":0,"Gremlin Horn":140,"Chi":153,"CeramicFish":153,"Vajra":238,"Hammer of Thor":0,"BirthdayGift-Icosahedron":168,"Ccalipers":210,"Strawberry":154,"DaCapo":130,"testmod-InfectionSource":210,"Void":154,"AddBug":3,"Letter Opener":162,"War Paint":141,"testmod-SaigiyounoYou":168,"Du-Vu Doll":218,"YumHeart":153,"Transparent":154,"Anvil of the Gods":0,"Shuriken":210,"Bronze Scales":145,"ChiXiaoBlade":161,"Molten Egg 2":127,"GodSword7":127,"GodSword6":110,"Black Star":136,"GodSword5":154,"EdensBlessing":127,"CatCart":140,"ArrowTower":229,"testmod-OneHitWonder":237,"Pocketwatch":153,"MaYiHuaBei":98,"Hallownest:StagBellRelic1":215,"Ying":142,"GuppysPaw":127,"SynthV":149,"DiscerningMonocle":237,"SacredBark":116,"SecretRecord":3,"Snake Skull":153,"Juzu Bracelet":153,"testmod-Nyarlathotep":98,"testmod-BouquetWithThorns":183,"Dream Catcher":142,"ChampionBelt":3,"Mummified Hand":95,"Pantograph":175,"Tiny Chest":120,"testmod-TheFather":183,"Red Mask":142,"Cracked Core":0,"testmod-ArcanaOfDestiny":220,"SumBook":222,"HowToJump":158,"Hallownest:KingsIdolRelic":222,"Orichalcum":237,"testmod-IndustrialRevolution":103,"Medical Kit":232,"Peace Pipe":153,"testmod-Antiphasic":149,"SynthV:TestCard":184,"Bag of Marbles":146,"SalivaCoin":158,"Coffee Dripper":180,"Membership Card":133,"testmod-Nine":176,"FossilizedHelix":183}],"Ring of the Snake":[46],"Pocketwatch":[1]},"card_choices":[{"not_picked":["Outmaneuver","Cloak And Dagger","Noxious Fumes"],"picked":"SKIP","floor":1.0},{"not_picked":["testmod-Wormhole","testmod-PerfectCombo","MostiFishMod:ElfcollectionBox","Battery"],"picked":"testmod-ChaoticCore","floor":2.0},{"not_picked":["Deflect","Poisoned Stab","Masterful Stab","Dagger Throw","Accuracy"],"picked":"SKIP","floor":5.0},{"not_picked":["Cloak And Dagger","Deadly Poison","Quick Slash","Calculated Gamble","Envenom"],"picked":"SKIP","floor":6.0},{"not_picked":["Crippling Poison","Blade Dance","Choke","Masterful Stab","Caltrops"],"picked":"SKIP","floor":8.0},{"not_picked":["Quick Slash","Masterful Stab","Dodge and Roll","Dagger Spray","MostiFishMod:FrostNova"],"picked":"SKIP","floor":10.0},{"not_picked":["REME_SpectralBlade","Die Die Die","Corpse Explosion","MostiFishMod:Opportunism"],"picked":"MostiFishMod:FullyArmed","floor":16.0},{"not_picked":["Quick Slash","Outmaneuver","Acrobatics","MostiFishMod:PerfectParry","PiercingWail"],"picked":"SKIP","floor":18.0},{"not_picked":["REME_GrazeFinale","Distraction","Concentrate","Quick Slash","MostiFishMod:ThornCasing"],"picked":"SKIP","floor":24.0},{"not_picked":["Dagger Spray","Underhanded Strike","Escape Plan","Deflect","Dodge and Roll"],"picked":"SKIP","floor":27.0},{"not_picked":["Grand Finale","A Thousand Cuts","MostiFishMod:Wind","Unload"],"picked":"MostiFishMod:Neurotoxin","floor":33.0},{"not_picked":["Noxious Fumes","MostiFishMod:VineMother","Well Laid Plans","Corpse Explosion","Prepared+1"],"picked":"SKIP","floor":35.0},{"not_picked":["Terror","Quick Slash+1","Cloak And Dagger+1","Flying Knee","MostiFishMod:SpreadingSpore"],"picked":"Singing Bowl","floor":40.0},{"not_picked":["Cloak And Dagger","Finisher","Tactician","Deadly Poison","Backflip"],"picked":"Singing Bowl","floor":42.0},{"not_picked":["Footwork","Dodge and Roll","Escape Plan+1","PiercingWail"],"picked":"Deadly Poison+1","floor":48.0},{"not_picked":["REME_ShadowStrike","Dodge and Roll+1","Sucker Punch","Backflip"],"picked":"Terror","floor":55.0}],"player_experience":484583,"relics_obtained":[{"floor":1.0,"key":"SynthV:TestCard"},{"floor":1.0,"key":"AddBug"},{"floor":6.0,"key":"Mercury Hourglass"},{"floor":8.0,"key":"MawBank"},{"floor":10.0,"key":"SecretRecord"},{"floor":10.0,"key":"Eternal Feather"},{"floor":11.0,"key":"Kunai"},{"floor":21.0,"key":"MagicDraw3"},{"floor":24.0,"key":"testmod-Acrobat"},{"floor":26.0,"key":"TuHaoJin"},{"floor":27.0,"key":"SecretRecord"},{"floor":27.0,"key":"The Courier"},{"floor":30.0,"key":"testmod-InfectionSource"},{"floor":35.0,"key":"testmod-Fortitude"},{"floor":37.0,"key":"Pocketwatch"},{"floor":39.0,"key":"DeathBook"},{"floor":40.0,"key":"testmod-ArcanaOfDestiny"},{"floor":42.0,"key":"PunchingBag"},{"floor":43.0,"key":"Blue Candle"},{"floor":47.0,"key":"ArrowTower"},{"floor":48.0,"key":"LastBattle"},{"floor":55.0,"key":"Vajra"}],"event_choices":[{"damage_healed":0.0,"max_hp_gain":0.0,"max_hp_loss":0.0,"gold_gain":0.0,"event_name":"给自己的盒子","player_choice":"Ignored","floor":14.0,"gold_loss":0.0,"damage_taken":0.0},{"damage_healed":0.0,"max_hp_gain":0.0,"max_hp_loss":0.0,"gold_gain":400.0,"event_name":"恩洛斯的盘子","player_choice":"Sell","floor":31.0,"relics_lost":["REME_ComplimentaryCards"],"gold_loss":0.0,"damage_taken":0.0}],"is_beta":false,"boss_relics":[{"not_picked":["REME_LowDesire","testmod-Fanaticism"],"picked":"testmod-BatchProcessingSystem"},{"not_picked":[]},{"not_picked":["REME_ChargedStone","Astrolabe"],"picked":"ChampionBelt"},{"not_picked":[]}],"items_purged_floors":[15,29,45,49,54,54],"is_endless":false,"potions_floor_spawned":[1,10,24,33,35,40,42,46,48,55],"ascension_level":20}}