{"host":"oxttf2o6jwqrmkaz","time":1612184685,"event":{"mods":["100% Spire Juice","Act Like it!","BaseMod","CapriCore","Colored Map","Minty Spire (QoL Compilation)","StSLib","SuperFastMode","The Immortal"],"gold_per_floor":[115,115,115,215,231,231,262,262,262,292,292,306,326,338,338,439,439,439],"floor_reached":16,"language":"KOR","playtime":809,"items_purged":[],"score":194,"play_id":"befc9366-fe84-4292-926c-8da3d40a65b4","local_time":"20210201220445","is_ascension_mode":true,"campfire_choices":[{"data":"MokouMod:RetainTemperature","floor":6.0,"key":"SMITH"},{"data":"MokouMod:RadiantBlade","floor":8.0,"key":"SMITH"},{"data":"MokouMod:Fireball","floor":11.0,"key":"SMITH"},{"data":"MokouMod:ImperishableFlame","floor":15.0,"key":"SMITH"}],"circlet_count":0,"master_deck":["MokouMod:Strike","MokouMod:Strike","MokouMod:Strike","MokouMod:Strike","MokouMod:Defend","MokouMod:Defend","MokouMod:Defend","MokouMod:Defend","MokouMod:HeatSpark","MokouMod:RetainTemperature+1","MokouMod:RadiantBlade+1","MokouMod:Fireball+1","MokouMod:IndiscriminateIgnition","MokouMod:PhoenixFeathers","MokouMod:Firecracker","MokouMod:BlazingComet","MokouMod:ImperishableFlame+1"],"relics":["MokouMod:PhoenixFeather","NeowsBlessing","Dream Catcher","Question Card","Toy Ornithopter","PreservedInsect"],"acts_visited":["Exordium"],"potions_floor_usage":[],"damage_taken":[{"damage":0.0,"enemies":"Small Slimes","floor":1.0,"turns":1.0},{"damage":0.0,"enemies":"Cultist","floor":5.0,"turns":1.0},{"damage":0.0,"enemies":"3 Sentries","floor":7.0,"turns":1.0},{"damage":20.0,"enemies":"Gremlin Nob","floor":10.0,"turns":4.0},{"damage":11.0,"enemies":"Jaw Worm","floor":12.0,"turns":2.0},{"damage":0.0,"enemies":"Blue Slaver","floor":13.0,"turns":1.0},{"damage":1.0,"enemies":"Exordium Thugs","floor":14.0,"turns":3.0},{"damage":8152049,"enemies":"Slime Boss","floor":16,"turns":9}],"seed_played":"8689865207115868658","potions_obtained":[{"floor":5.0,"key":"Energy Potion"},{"floor":10.0,"key":"LiquidBronze"},{"floor":14.0,"key":"SkillPotion"}],"is_trial":false,"path_per_floor":["M","?","?","?","M","R","E","R","T","E","R","M","M","M","R","B"],"character_chosen":"MKU","items_purchased":[],"campfire_rested":0,"item_purchase_floors":[],"current_hp_per_floor":[75,75,72,72,72,72,72,72,72,52,52,41,41,40,40,18,18,18],"gold":439,"neow_bonus":"THREE_ENEMY_KILL","is_daily":false,"chose_seed":false,"campfire_upgraded":4,"win_rate":0.0,"timestamp":1612184685,"path_taken":["M","?","?","?","?","R","E","R","T","E","R","M","M","M","R","BOSS"],"items_purchased_type":[],"build_version":"2020-12-22","purchased_purges":0,"victory":false,"max_hp_per_floor":[75,75,75,75,75,75,75,75,75,75,75,75,75,75,75,75,75,75],"card_choices":[{"not_picked":["MokouMod:Sear","MokouMod:Stoke"],"picked":"MokouMod:RetainTemperature","floor":1.0},{"not_picked":["MokouMod:FlareStarter","MokouMod:UncontrollableSolarReaction"],"picked":"MokouMod:Fireball","floor":5.0},{"not_picked":["MokouMod:SearingShot","MokouMod:BlazingComet"],"picked":"MokouMod:IndiscriminateIgnition","floor":7.0},{"not_picked":["MokouMod:TemporalFireSeal","MokouMod:FujiyamaVolcano","MokouMod:FlareStarter"],"picked":"MokouMod:PhoenixFeathers","floor":10.0},{"not_picked":["MokouMod:Sear","MokouMod:FujiyamaVolcano","MokouMod:Fireball"],"picked":"MokouMod:Firecracker","floor":12.0},{"not_picked":["MokouMod:Singe","MokouMod:Trailblazer","MokouMod:Fireball"],"picked":"MokouMod:BlazingComet","floor":13.0},{"not_picked":["MokouMod:BurningDraft","MokouMod:Scorch","MokouMod:IgneousBlow"],"picked":"MokouMod:ImperishableFlame","floor":14.0}],"player_experience":888412,"relics_obtained":[{"floor":7.0,"key":"Question Card"},{"floor":9.0,"key":"Toy Ornithopter"},{"floor":10.0,"key":"PreservedInsect"}],"event_choices":[{"damage_healed":0.0,"max_hp_gain":0.0,"max_hp_loss":0.0,"gold_gain":0.0,"cards_transformed":["MokouMod:Strike"],"event_name":"Living Wall","player_choice":"Change","floor":2.0,"gold_loss":0.0,"damage_taken":0.0,"cards_obtained":["MokouMod:RadiantBlade"]},{"damage_healed":0.0,"max_hp_gain":0.0,"max_hp_loss":0.0,"gold_gain":0.0,"event_name":"Scrap Ooze","player_choice":"Success","floor":3.0,"gold_loss":0.0,"damage_taken":3.0,"relics_obtained":["Dream Catcher"]},{"damage_healed":0.0,"max_hp_gain":0.0,"max_hp_loss":0.0,"gold_gain":100.0,"event_name":"Golden Shrine","player_choice":"Pray","floor":4.0,"gold_loss":0.0,"damage_taken":0.0}],"is_beta":false,"boss_relics":[],"items_purged_floors":[],"is_endless":false,"potions_floor_spawned":[5,10,14],"killed_by":"Slime Boss","ascension_level":1}}