{"host":"g6a9gfzrk472u7l9","time":1612189923,"event":{"mods":["BaseMod","Downfall","Minty Spire (QoL Compilation)","StSLib"],"gold_per_floor":[99,99,99,99,99,114,168,199,199,134,144,154,89,118,130,130,130,130],"floor_reached":16,"language":"ENG","playtime":793,"items_purged":["bronze:Strike","bronze:Strike"],"score":140,"play_id":"c41bc8c1-5962-4809-9c59-669352de60d5","local_time":"20210201153203","is_ascension_mode":true,"campfire_choices":[{"data":"bronze:Replicate","floor":1,"key":"SMITH"},{"data":"bronze:ItsAFeature","floor":9,"key":"SMITH"}],"circlet_count":0,"master_deck":["bronze:Strike","bronze:Strike","bronze:Defend","bronze:Defend","bronze:Defend","bronze:Defend","bronze:Replicate+1","bronze:Goto","bronze:Boost+1","bronze:ItsAFeature+1","bronze:ChildClass","bronze:BugBarrage","bronze:BronzeOrb","bronze:BugBarrage"],"relics":["bronze:BronzeCore","downfall:HeartsMalice","bronze:SilverBullet","Smiling Mask","Happy Flower"],"acts_visited":["Exordium"],"potions_floor_usage":[16,16],"damage_taken":[{"damage":0,"enemies":"Cultist","floor":2,"turns":1},{"damage":0,"enemies":"Small Slimes","floor":3,"turns":1},{"damage":0,"enemies":"2 Louse","floor":5,"turns":1},{"damage":3,"enemies":"Exordium Wildlife","floor":6,"turns":5},{"damage":13,"enemies":"3 Sentries","floor":8,"turns":6},{"damage":0,"enemies":"downfall:FleeingMerchant","floor":10,"turns":4},{"damage":11,"enemies":"Large Slime","floor":11,"turns":6},{"damage":0,"enemies":"Exordium Wildlife","floor":12,"turns":2},{"damage":2,"enemies":"downfall:FleeingMerchant","floor":13,"turns":4},{"damage":0,"enemies":"Gremlin Nob","floor":14,"turns":3},{"damage":0,"enemies":"3 Louse","floor":15,"turns":2},{"damage":111,"enemies":"DF_ARCHETYPE_STREAMLINE","floor":16,"turns":14}],"seed_played":"-6747558842580363089","potions_obtained":[{"floor":6,"key":"Weak Potion"},{"floor":8,"key":"Guardian:BlockOnCardUsePotion"},{"floor":11,"key":"LiquidMemories"},{"floor":12,"key":"Regen Potion"}],"is_trial":false,"path_per_floor":["R","M","M","?","M","M","T","E","R","$","M","M","$","E","M","B"],"character_chosen":"THE_AUTOMATON","items_purchased":[],"campfire_rested":0,"item_purchase_floors":[],"current_hp_per_floor":[70,70,70,70,70,67,67,54,54,54,43,43,41,41,41,0,0,0],"gold":130,"neow_bonus":"THREE_ENEMY_KILL","is_daily":false,"chose_seed":false,"campfire_upgraded":2,"win_rate":0.0,"timestamp":1612189923,"path_taken":["R","M","M","?","M","M","T","E","R","$","?","M","$","E","M","BOSS"],"items_purchased_type":[],"build_version":"2020-12-22","purchased_purges":2,"victory":false,"max_hp_per_floor":[70,70,70,70,70,70,70,70,70,70,70,70,70,70,70,70,70,70],"card_choices":[{"not_picked":["bronze:ItsAFeature","bronze:Backtrace"],"picked":"bronze:Boost","floor":2},{"not_picked":["bronze:Iterate","bronze:Frontload","bronze:DelayedGuard"],"picked":"SKIP","floor":3},{"not_picked":["bronze:ForceShield","bronze:DelayedSlice"],"picked":"bronze:ItsAFeature","floor":5},{"not_picked":["bronze:ItsAFeature","bronze:DigitalCarnage"],"picked":"bronze:ChildClass","floor":6},{"not_picked":["bronze:Frontload","bronze:Invalidate","bronze:GetLatest"],"picked":"SKIP","floor":8},{"not_picked":["bronze:Philosophize","bronze:Constructor"],"picked":"bronze:BugBarrage","floor":10},{"not_picked":["bronze:WildBeam","bronze:Turbo"],"picked":"bronze:BronzeOrb","floor":11},{"not_picked":["bronze:Repair","bronze:ForceShield","bronze:Turbo"],"picked":"SKIP","floor":12},{"not_picked":["bronze:BitShift","bronze:Frontload","bronze:Repair"],"picked":"SKIP","floor":13},{"not_picked":["bronze:Repair","bronze:Overheat"],"picked":"bronze:BugBarrage","floor":14},{"not_picked":["bronze:Deprecate","bronze:DelayedGuard","bronze:Boost"],"picked":"SKIP","floor":15}],"player_experience":118224,"relics_obtained":[{"floor":7,"key":"bronze:SilverBullet"},{"floor":8,"key":"Smiling Mask"},{"floor":14,"key":"Happy Flower"}],"event_choices":[],"is_beta":false,"boss_relics":[],"items_purged_floors":[10,13],"is_endless":false,"potions_floor_spawned":[6,8,11,12,14],"killed_by":"DF_ARCHETYPE_STREAMLINE","ascension_level":1}}