{"host":"test","time":1612163920,"event":{"mods":["BaseMod","Colored Map","Colored Powertips","Minty Spire (QoL Compilation)","Relic Stats","Slay the Relics Exporter","SpireBot","StSLib","ojb\u0027s Better Paths Mod","ojb\u0027s Info Mod"],"gold_per_floor":[109,20,20,37,51,51,104,179,229,272,306,360,395,430,430,530,530,548,548,548,548,5,5,38,38,38],"floor_reached":25,"language":"JPN","playtime":1392,"items_purged":[],"score":608,"play_id":"57c0fb2a-66cf-4a62-bc24-f2640f231852","local_time":"20210201161840","is_ascension_mode":true,"campfire_choices":[{"data":"Eruption","floor":6.0,"key":"SMITH"},{"data":"Wallop","floor":15.0,"key":"SMITH"},{"data":"BowlingBash","floor":23.0,"key":"SMITH"}],"circlet_count":0,"master_deck":["AscendersBane","Eruption+1","Vigilance","Weave","MentalFortress","Wallop+1","Wish","ThirdEye","InnerPeace","Brilliance","BowlingBash+1","Wireheading","DeceiveReality","LessonLearned","WreathOfFlame","Sanctity","Judgement","WindmillStrike","Alpha","Perseverance","MentalFortress","LikeWater","ThirdEye","RitualDagger","DevaForm","WheelKick"],"relics":["Runic Pyramid","Pen Nib","Bag of Preparation","Damaru","Odd Mushroom","Pandora\u0027s Box","Medical Kit","Potion Belt","Mummified Hand"],"acts_visited":["Exordium","TheCity"],"potions_floor_usage":[24],"damage_taken":[{"damage":0.0,"enemies":"2 Louse","floor":1.0,"turns":4.0},{"damage":2.0,"enemies":"Jaw Worm","floor":4.0,"turns":3.0},{"damage":0.0,"enemies":"Small Slimes","floor":5.0,"turns":2.0},{"damage":11.0,"enemies":"Lagavulin","floor":7.0,"turns":7.0},{"damage":0.0,"enemies":"2 Fungi Beasts","floor":10.0,"turns":4.0},{"damage":0.0,"enemies":"Gremlin Nob","floor":11.0,"turns":3.0},{"damage":16.0,"enemies":"The Mushroom Lair","floor":12.0,"turns":5.0},{"damage":13.0,"enemies":"Large Slime","floor":13.0,"turns":5.0},{"damage":4.0,"enemies":"Looter","floor":14.0,"turns":5.0},{"damage":0.0,"enemies":"Slime Boss","floor":16.0,"turns":6.0},{"damage":0.0,"enemies":"Spheric Guardian","floor":18.0,"turns":2.0},{"damage":5,"enemies":"Gremlin Leader","floor":24,"turns":3}],"seed_played":"-1162288112384983066","potions_obtained":[{"floor":1.0,"key":"FairyPotion"},{"floor":4.0,"key":"BottledMiracle"},{"floor":5.0,"key":"AttackPotion"},{"floor":16.0,"key":"Dexterity Potion"},{"floor":24,"key":"EssenceOfSteel"}],"is_trial":false,"path_per_floor":["M","$","?","M","M","R","E","?","T","M","E","?","M","M","R","B",null,"M","?","?","?","$","R","E","R"],"character_chosen":"WATCHER","items_purchased":["MentalFortress","Medical Kit","Potion Belt","DevaForm","SteroidPotion"],"campfire_rested":0,"item_purchase_floors":[2,22,22,22,22],"current_hp_per_floor":[61,61,66,64,64,64,53,42,42,42,42,26,13,9,9,9,57,57,57,51,30,30,30,25,25,25],"gold":38,"neow_bonus":"BOSS_RELIC","is_daily":false,"chose_seed":false,"campfire_upgraded":3,"win_rate":0.0,"timestamp":1612163920,"path_taken":["M","$","?","M","M","R","E","?","T","?","E","?","M","M","R","BOSS","M","?","?","?","$","R","E","R"],"items_purchased_type":["Card","Relic","Relic","Card","Potion"],"build_version":"2020-12-18","purchased_purges":0,"victory":false,"max_hp_per_floor":[68,68,73,73,73,73,73,73,73,73,73,73,73,73,73,73,73,73,73,73,78,78,78,78,78,78],"relic_stats":{"counters":[12,49],"Mummified Hand":[0],"Pandora\u0027s Box":["WreathOfFlame","Sanctity","Judgement","WindmillStrike","Alpha","Perseverance","MentalFortress","LikeWater"],"Pen Nib":[5],"Bag of Preparation":[16],"Medical Kit":[0],"obtain_stats":[{"Potion Belt":22,"Mummified Hand":24,"Damaru":11,"Pandora\u0027s Box":17,"Pen Nib":7,"Bag of Preparation":9,"PureWater":0,"Odd Mushroom":12,"Medical Kit":22,"Runic Pyramid":0},{"Potion Belt":11,"Mummified Hand":12,"Damaru":6,"Pandora\u0027s Box":10,"Pen Nib":4,"Bag of Preparation":4,"PureWater":0,"Odd Mushroom":7,"Medical Kit":11,"Runic Pyramid":0},{"Potion Belt":46,"Mummified Hand":49,"Damaru":23,"Pandora\u0027s Box":44,"Pen Nib":16,"Bag of Preparation":16,"PureWater":0,"Odd Mushroom":28,"Medical Kit":46,"Runic Pyramid":0}]},"card_choices":[{"not_picked":["JustLucky","Evaluate"],"picked":"Weave","floor":1.0},{"not_picked":["CutThroughFate","JustLucky"],"picked":"Wallop","floor":4.0},{"not_picked":["CutThroughFate","Consecrate"],"picked":"Wish","floor":5.0},{"not_picked":["Sanctity","Indignation"],"picked":"ThirdEye","floor":7.0},{"not_picked":["PathToVictory","Protect"],"picked":"InnerPeace","floor":10.0},{"not_picked":["CrushJoints","Halt"],"picked":"Brilliance","floor":11.0},{"not_picked":["ThirdEye","PathToVictory"],"picked":"BowlingBash","floor":12.0},{"not_picked":["Fasting2","EmptyFist"],"picked":"Wireheading","floor":13.0},{"not_picked":["Evaluate","SashWhip"],"picked":"DeceiveReality","floor":14.0},{"not_picked":["Alpha","MasterReality"],"picked":"LessonLearned","floor":16.0},{"not_picked":["ThirdEye","Evaluate","CarveReality"],"picked":"SKIP","floor":18.0},{"not_picked":["Evaluate","CarveReality"],"picked":"ThirdEye","floor":18.0},{"not_picked":["ReachHeaven","BowlingBash"],"picked":"WheelKick","floor":24}],"player_experience":2016752,"relics_obtained":[{"floor":7.0,"key":"Pen Nib"},{"floor":9.0,"key":"Bag of Preparation"},{"floor":11.0,"key":"Damaru"},{"floor":12.0,"key":"Odd Mushroom"},{"floor":24,"key":"Mummified Hand"}],"event_choices":[{"damage_healed":0.0,"max_hp_gain":5.0,"max_hp_loss":0.0,"gold_gain":0.0,"event_name":"Big Fish","player_choice":"Donut","floor":3.0,"gold_loss":0.0,"damage_taken":0.0},{"damage_healed":0.0,"max_hp_gain":0.0,"max_hp_loss":0.0,"gold_gain":75.0,"event_name":"World of Goop","player_choice":"Gather Gold","floor":8.0,"gold_loss":0.0,"damage_taken":11.0},{"damage_healed":0.0,"max_hp_gain":0.0,"max_hp_loss":0.0,"gold_gain":0.0,"event_name":"Mushrooms","player_choice":"Fought Mushrooms","floor":12.0,"gold_loss":0.0,"damage_taken":0.0},{"damage_healed":0.0,"max_hp_gain":0.0,"max_hp_loss":0.0,"gold_gain":0.0,"event_name":"Vampires","player_choice":"Ignored","floor":19.0,"gold_loss":0.0,"damage_taken":0.0},{"damage_healed":0.0,"max_hp_gain":0.0,"max_hp_loss":0.0,"gold_gain":0.0,"event_name":"Nest","player_choice":"Joined the Cult","floor":20.0,"gold_loss":0.0,"damage_taken":6.0,"cards_obtained":["RitualDagger"]},{"damage_healed":0.0,"max_hp_gain":5.0,"max_hp_loss":0.0,"gold_gain":0.0,"event_name":"Forgotten Altar","player_choice":"Shed Blood","floor":21.0,"gold_loss":0.0,"damage_taken":26.0}],"is_beta":true,"boss_relics":[{"not_picked":["Velvet Choker","Snecko Eye"],"picked":"Pandora\u0027s Box"}],"items_purged_floors":[],"is_endless":false,"potions_floor_spawned":[1,4,5,10,16,24],"ascension_level":20}}