{"host":"ws4mzzemcqsz5e2k","time":1612156176,"event":{"mods":["Act Like it!","BaseMod","Colored Powertips","Minty Spire (QoL Compilation)","Quick Restart","Relic Filter Mod","Reliquary","StSLib","Wide Potions"],"gold_per_floor":[118,43,43,54,73,73,89,109,132,143,158,158,83,108,108,185,185,205,238,238,251,151,151,179,179,179,229,246,246,281,49,49,122,122,138,138,158,8,25,52,52,52,52,52,52,65,65,82,82,82,82],"floor_reached":50,"language":"ZHS","playtime":2700,"items_purged":["Pain","Strike_R","Strike_R","Defend_R"],"score":1270,"play_id":"24ca145d-208e-4aab-b8b1-7eda724962bf","local_time":"20210201130936","is_ascension_mode":true,"campfire_choices":[{"data":"Rampage","floor":6.0,"key":"SMITH"},{"floor":12.0,"key":"REST"},{"data":"Shrug It Off","floor":15.0,"key":"SMITH"},{"data":"Berserk","floor":23.0,"key":"SMITH"},{"floor":25.0,"key":"REST"},{"floor":29.0,"key":"REST"},{"floor":32.0,"key":"RECALL"},{"data":"Offering","floor":42.0,"key":"SMITH"},{"data":"Battle Trance","floor":44.0,"key":"SMITH"},{"data":"Shockwave","floor":47,"key":"SMITH"},{"floor":49,"key":"REST"}],"circlet_count":0,"master_deck":["AscendersBane","Strike_R+1","Strike_R+1","Defend_R","Defend_R","Bash","CurseOfTheBell","True Grit+1","Rampage+1","Shrug It Off+1","Berserk+1","Feel No Pain","Battle Trance+1","Offering+1","Shockwave+1"],"relics":["Calling Bell","MealTicket","Thread and Needle","WarpedTongs","reliquary:Buckler","reliquary:RedPaperclip","Red Mask","Akabeko","Calipers","reliquary:WeakTea","reliquary:WritOfMandamus","Question Card"],"acts_visited":["Exordium","TheCity","TheBeyond"],"potions_floor_usage":[50,50],"damage_taken":[{"damage":3.0,"enemies":"Jaw Worm","floor":1.0,"turns":4.0},{"damage":3.0,"enemies":"Cultist","floor":4.0,"turns":3.0},{"damage":0.0,"enemies":"2 Louse","floor":5.0,"turns":4.0},{"damage":4.0,"enemies":"Gremlin Gang","floor":7.0,"turns":6.0},{"damage":6.0,"enemies":"Red Slaver","floor":8.0,"turns":3.0},{"damage":15.0,"enemies":"Blue Slaver","floor":10.0,"turns":3.0},{"damage":15.0,"enemies":"3 Louse","floor":11.0,"turns":5.0},{"damage":25.0,"enemies":"Gremlin Nob","floor":14.0,"turns":4.0},{"damage":0.0,"enemies":"The Guardian","floor":16.0,"turns":13.0},{"damage":6.0,"enemies":"Shell Parasite","floor":18.0,"turns":6.0},{"damage":29.0,"enemies":"Masked Bandits","floor":19.0,"turns":6.0},{"damage":0.0,"enemies":"3 Byrds","floor":21.0,"turns":3.0},{"damage":78.0,"enemies":"Slavers","floor":24.0,"turns":10.0},{"damage":15.0,"enemies":"3 Cultists","floor":28.0,"turns":6.0},{"damage":21.0,"enemies":"Gremlin Leader","floor":30.0,"turns":7.0},{"damage":0.0,"enemies":"Champ","floor":33.0,"turns":8.0},{"damage":58.0,"enemies":"3 Darklings","floor":35.0,"turns":6.0},{"damage":6.0,"enemies":"Orb Walker","floor":37.0,"turns":4.0},{"damage":12.0,"enemies":"4 Shapes","floor":39.0,"turns":6.0},{"damage":25.0,"enemies":"Giant Head","floor":40.0,"turns":6.0},{"damage":9,"enemies":"Sphere and 2 Shapes","floor":46,"turns":4},{"damage":20,"enemies":"Jaw Worm Horde","floor":48,"turns":5},{"damage":27,"enemies":"Awakened One","floor":50,"turns":1}],"seed_played":"8219913398881436960","potions_obtained":[{"floor":1.0,"key":"LiquidBronze"},{"floor":5.0,"key":"SteroidPotion"},{"floor":8.0,"key":"SpeedPotion"},{"floor":21.0,"key":"BlessingOfTheForge"},{"floor":30.0,"key":"Weak Potion"},{"floor":35.0,"key":"Explosive Potion"},{"floor":40.0,"key":"PowerPotion"},{"floor":48,"key":"BlessingOfTheForge"}],"is_trial":false,"path_per_floor":["M","?","?","M","M","R","M","M","T","M","M","R","$","E","R","B",null,"M","?","?","M","$","R","E","R","T","?","M","R","E","$","R","B",null,"M","?","M","$","M","E","?","R","T","R","?","M","R","M","R","B"],"character_chosen":"IRONCLAD","items_purchased":["CultistPotion"],"campfire_rested":4,"item_purchase_floors":[31],"current_hp_per_floor":[65,65,65,62,62,62,58,52,52,37,22,44,59,34,34,34,65,59,30,85,85,85,85,7,32,32,32,17,42,21,36,36,36,73,15,70,64,70,58,33,33,33,33,33,33,24,24,4,25,0,0],"gold":82,"neow_bonus":"BOSS_RELIC","is_daily":false,"chose_seed":false,"campfire_upgraded":6,"win_rate":0.0,"timestamp":1612156176,"path_taken":["M","?","?","M","?","R","M","?","T","M","M","R","?","E","R","BOSS","M","?","?","?","?","R","E","R","T","?","M","R","E","$","R","BOSS","M","?","M","$","M","E","?","R","T","R","?","M","R","M","R","BOSS"],"items_purchased_type":["Potion"],"build_version":"2020-12-22","purchased_purges":4,"victory":false,"max_hp_per_floor":[75,75,75,75,75,75,75,75,75,75,75,75,75,75,75,75,75,75,75,85,85,85,85,85,85,85,85,85,85,85,85,85,85,85,85,70,70,70,70,70,70,70,70,70,70,70,70,70,70,70,70],"card_choices":[{"not_picked":["Clash","Warcry"],"picked":"Bludgeon","floor":1.0},{"not_picked":["Flame Barrier","Pommel Strike"],"picked":"True Grit","floor":4.0},{"not_picked":["Sever Soul","Perfected Strike"],"picked":"Rampage","floor":5.0},{"not_picked":["Spot Weakness","Searing Blow","Corruption"],"picked":"SKIP","floor":7.0},{"not_picked":["Flex","Iron Wave","True Grit"],"picked":"SKIP","floor":8.0},{"not_picked":["Cleave","Wild Strike","Perfected Strike"],"picked":"SKIP","floor":10.0},{"not_picked":["Wild Strike","Iron Wave","Heavy Blade"],"picked":"SKIP","floor":11.0},{"not_picked":["Perfected Strike","Pummel"],"picked":"Shrug It Off","floor":14.0},{"not_picked":["Corruption","Immolate"],"picked":"Berserk","floor":16.0},{"not_picked":["Armaments","Sword Boomerang","Infernal Blade"],"picked":"SKIP","floor":18.0},{"not_picked":["Pommel Strike","Flex"],"picked":"Feel No Pain","floor":19.0},{"not_picked":["Evolve","Feel No Pain"],"picked":"Battle Trance","floor":21.0},{"not_picked":["Twin Strike","Sword Boomerang","Uppercut"],"picked":"SKIP","floor":24.0},{"not_picked":["Pummel","Exhume","Dropkick"],"picked":"SKIP","floor":28.0},{"not_picked":["Reaper","Heavy Blade","Armaments"],"picked":"SKIP","floor":30.0},{"not_picked":["Fiend Fire","Brutality"],"picked":"Offering","floor":33.0},{"not_picked":["Pommel Strike","Dual Wield+1","Warcry"],"picked":"SKIP","floor":35.0},{"not_picked":["Uppercut+1","Rage","Hemokinesis+1"],"picked":"SKIP","floor":37.0},{"not_picked":["Power Through","Anger","Body Slam+1"],"picked":"SKIP","floor":39.0},{"not_picked":["Anger","Clothesline","Inflame+1"],"picked":"SKIP","floor":40.0},{"not_picked":["Perfected Strike+1","Havoc+1","Anger+1"],"picked":"Shockwave","floor":46},{"not_picked":["Iron Wave+1","Uppercut","Heavy Blade","Ghostly Armor+1"],"picked":"SKIP","floor":48}],"player_experience":1508127,"relics_obtained":[{"floor":0.0,"key":"MealTicket"},{"floor":0.0,"key":"StrikeDummy"},{"floor":0.0,"key":"Thread and Needle"},{"floor":9.0,"key":"reliquary:Buckler"},{"floor":14.0,"key":"Whetstone"},{"floor":19.0,"key":"Red Mask"},{"floor":24.0,"key":"Akabeko"},{"floor":26.0,"key":"Calipers"},{"floor":30.0,"key":"reliquary:WeakTea"},{"floor":40.0,"key":"Question Card"}],"event_choices":[{"cards_removed":["Strike_R"],"damage_healed":0.0,"max_hp_gain":0.0,"max_hp_loss":0.0,"gold_gain":0.0,"event_name":"The Cleric","player_choice":"Card Removal","floor":2.0,"gold_loss":75.0,"damage_taken":0.0},{"damage_healed":0.0,"max_hp_gain":0.0,"max_hp_loss":0.0,"gold_gain":0.0,"event_name":"Accursed Blacksmith","player_choice":"Rummage","floor":3.0,"gold_loss":0.0,"damage_taken":0.0,"relics_obtained":["WarpedTongs"],"cards_obtained":["Pain"]},{"damage_healed":0.0,"max_hp_gain":0.0,"max_hp_loss":0.0,"gold_gain":0.0,"event_name":"Masked Bandits","player_choice":"Fought Bandits","floor":19.0,"gold_loss":0.0,"damage_taken":0.0},{"cards_removed":["Bludgeon"],"damage_healed":45.0,"max_hp_gain":10.0,"max_hp_loss":0.0,"gold_gain":0.0,"event_name":"Bonfire Elementals","player_choice":"Offered Rare","floor":20.0,"gold_loss":0.0,"damage_taken":0.0},{"damage_healed":0.0,"max_hp_gain":0.0,"max_hp_loss":0.0,"gold_gain":50.0,"event_name":"Nest","player_choice":"Stole From Cult","floor":27.0,"gold_loss":0.0,"damage_taken":0.0},{"damage_healed":70.0,"max_hp_gain":0.0,"max_hp_loss":15.0,"gold_gain":0.0,"event_name":"The Moai Head","player_choice":"Heal","floor":36.0,"gold_loss":0.0,"damage_taken":0.0},{"cards_removed":["Defend_R"],"damage_healed":0.0,"max_hp_gain":0.0,"max_hp_loss":0.0,"gold_gain":0.0,"event_name":"Falling","player_choice":"Removed Skill","floor":41.0,"gold_loss":0.0,"damage_taken":0.0},{"damage_healed":0,"gold_gain":0,"player_choice":"Ignored","damage_taken":0,"max_hp_gain":0,"max_hp_loss":0,"event_name":"Mysterious Sphere","floor":45,"gold_loss":0}],"is_beta":false,"boss_relics":[{"not_picked":["reliquary:Ember","Velvet Choker"],"picked":"reliquary:RedPaperclip"},{"not_picked":["SacredBark","reliquary:KinkedSpring"],"picked":"reliquary:WritOfMandamus"}],"items_purged_floors":[13,22,31,38],"is_endless":false,"potions_floor_spawned":[1,5,8,10,18,21,30,35,40,48],"killed_by":"Awakened One","ascension_level":20}}