{"host":"2se5dq1do2gp0x9k","time":1612162351,"event":{"mods":["AchievementEnabler","BaseMod","Block Reminder","Colored Map","Colored Powertips","Minty Spire (QoL Compilation)","Relic Stats","StSLib","SuperFastMode"],"gold_per_floor":[113,133,52,52,52,52,52],"floor_reached":6,"language":"ENG","playtime":149,"items_purged":[],"score":68,"play_id":"2055b66a-c66c-47cc-8c6e-05f8bd817cd3","local_time":"20210131225231","is_ascension_mode":true,"campfire_choices":[],"circlet_count":0,"master_deck":["AscendersBane","Strike_B","Strike_B","Strike_B+1","Strike_B","Defend_B","Defend_B","Defend_B","Defend_B","Zap","Dualcast","CurseOfTheBell","Glacier","Ball Lightning","Chaos+1"],"relics":["Calling Bell","Potion Belt","Eternal Feather","Ginger"],"acts_visited":["Exordium"],"potions_floor_usage":[],"damage_taken":[{"damage":7,"enemies":"2 Louse","floor":1,"turns":3},{"damage":1,"enemies":"Jaw Worm","floor":2,"turns":6},{"damage":69,"enemies":"Gremlin Nob","floor":6,"turns":4}],"seed_played":"-3097546733840959307","potions_obtained":[{"floor":1,"key":"LiquidBronze"}],"is_trial":false,"path_per_floor":["M","M","$","?","?","E"],"character_chosen":"DEFECT","items_purchased":["Chaos"],"campfire_rested":0,"item_purchase_floors":[3],"current_hp_per_floor":[57,56,56,61,38,0,0],"gold":52,"neow_bonus":"BOSS_RELIC","is_daily":false,"chose_seed":false,"campfire_upgraded":0,"win_rate":0.0,"timestamp":1612162351,"path_taken":["M","M","$","?","?","E"],"items_purchased_type":["Card"],"build_version":"2020-12-22","purchased_purges":0,"victory":false,"max_hp_per_floor":[71,71,71,76,76,76,76],"relic_stats":{"counters":[3,13],"Eternal Feather":0,"Ginger":[0],"obtain_stats":[{"Calling Bell":0,"Potion Belt":0,"Eternal Feather":0,"Ginger":0,"Cracked Core":0},{"Calling Bell":0,"Potion Belt":0,"Eternal Feather":0,"Ginger":0,"Cracked Core":0},{"Calling Bell":0,"Potion Belt":0,"Eternal Feather":0,"Ginger":0,"Cracked Core":0}]},"card_choices":[{"not_picked":["Melter","Beam Cell"],"picked":"Glacier","floor":1},{"not_picked":["Chill","Reprogram"],"picked":"Ball Lightning","floor":2}],"player_experience":4042253,"relics_obtained":[{"floor":0,"key":"Potion Belt"},{"floor":0,"key":"Eternal Feather"},{"floor":0,"key":"Ginger"}],"event_choices":[{"damage_healed":0,"gold_gain":0,"player_choice":"Donut","damage_taken":0,"max_hp_gain":5,"max_hp_loss":0,"event_name":"Big Fish","floor":4,"gold_loss":0},{"damage_healed":0,"gold_gain":0,"player_choice":"Entered Light","damage_taken":23,"max_hp_gain":0,"max_hp_loss":0,"event_name":"Shining Light","floor":5,"gold_loss":0,"cards_upgraded":["Chaos","Strike_B"]}],"is_beta":false,"boss_relics":[],"items_purged_floors":[],"is_endless":false,"potions_floor_spawned":[1],"killed_by":"Gremlin Nob","ascension_level":20}}