{"host":"dvdvdvm357cut69v","time":1612196669,"event":{"mods":["BaseMod","Minty Spire (QoL Compilation)","StSLib"],"gold_per_floor":[116,130,130,205,9,9,109,148,175,209,233,273,273,348,348,473,473,493,493,493,531,531,531,571,276,276,69,87,37,37,53,53,178,178,202,202,263,263,485,485,508,127,127,127,142,142,142,167,167,167],"floor_reached":51,"language":"ENG","playtime":1389,"items_purged":["Injury","Strike_G","Writhe"],"score":857,"play_id":"3d20fec7-20f9-4067-83a4-e876841504a1","local_time":"20210201192429","is_ascension_mode":true,"campfire_choices":[{"data":"Neutralize","floor":6,"key":"SMITH"},{"floor":13,"key":"REST"},{"data":"Choke","floor":15,"key":"SMITH"},{"data":"After Image","floor":23,"key":"SMITH"},{"data":"Adrenaline","floor":32,"key":"SMITH"},{"floor":40,"key":"REST"},{"floor":44,"key":"REST"},{"floor":46,"key":"DIG"},{"data":"Night Terror","floor":47,"key":"SMITH"},{"floor":49,"key":"REST"}],"circlet_count":0,"master_deck":["Strike_G","Strike_G","Strike_G","Strike_G","Defend_G","Defend_G","Defend_G","Defend_G","Defend_G","Survivor","Neutralize+1","Adrenaline+1","Backstab","Quick Slash","Dagger Spray+1","After Image+1","Blade Dance","Choke+1","Prepared","Acrobatics","Necronomicurse","Blade Dance","Dodge and Roll+1","After Image+1","Finisher+1","Prepared","Night Terror+1","Infinite Blades+1","Outmaneuver"],"relics":["Ring of the Snake","Golden Idol","Vajra","Smiling Mask","Bag of Marbles","Strawberry","MealTicket","Juzu Bracelet","SacredBark","WingedGreaves","Necronomicon","Red Mask","Pen Nib","DollysMirror","Torii","Membership Card","StoneCalendar","SlaversCollar","Shovel","Centennial Puzzle","Unceasing Top","Potion Belt","Cauldron","Whetstone","FossilizedHelix"],"acts_visited":["Exordium","TheCity","TheBeyond"],"potions_floor_usage":[12,14,16,16,16,18,24,24,33,33,37,50,50],"damage_taken":[{"damage":0,"enemies":"Small Slimes","floor":1,"turns":3},{"damage":3,"enemies":"Jaw Worm","floor":2,"turns":2},{"damage":4,"enemies":"Gremlin Nob","floor":8,"turns":3},{"damage":8,"enemies":"3 Sentries","floor":10,"turns":7},{"damage":0,"enemies":"2 Louse","floor":11,"turns":1},{"damage":13,"enemies":"Lagavulin","floor":12,"turns":4},{"damage":4,"enemies":"Lagavulin Event","floor":14,"turns":5},{"damage":0,"enemies":"Slime Boss","floor":16,"turns":8},{"damage":0,"enemies":"Spheric Guardian","floor":18,"turns":3},{"damage":4,"enemies":"Masked Bandits","floor":21,"turns":3},{"damage":3,"enemies":"Book of Stabbing","floor":24,"turns":3},{"damage":0,"enemies":"Shell Parasite","floor":28,"turns":3},{"damage":0,"enemies":"Centurion and Healer","floor":31,"turns":4},{"damage":31,"enemies":"Automaton","floor":33,"turns":7},{"damage":1,"enemies":"3 Shapes","floor":35,"turns":3},{"damage":61,"enemies":"2 Orb Walkers","floor":37,"turns":6},{"damage":7,"enemies":"Orb Walker","floor":45,"turns":4},{"damage":18,"enemies":"4 Shapes","floor":48,"turns":7},{"damage":10,"enemies":"Donu and Deca","floor":50,"turns":4}],"seed_played":"8241920988982603207","potions_obtained":[{"floor":1,"key":"GamblersBrew"},{"floor":2,"key":"BlessingOfTheForge"},{"floor":11,"key":"Weak Potion"},{"floor":12,"key":"EntropicBrew"},{"floor":16,"key":"Explosive Potion"},{"floor":21,"key":"Explosive Potion"},{"floor":24,"key":"Swift Potion"},{"floor":28,"key":"AttackPotion"},{"floor":35,"key":"GamblersBrew"},{"floor":37,"key":"Energy Potion"},{"floor":42,"key":"FairyPotion"},{"floor":42,"key":"GhostInAJar"},{"floor":42,"key":"Strength Potion"}],"is_trial":false,"path_per_floor":["M","M","?","?","$","R","?","E","T","E","M","E","R","?","R","B",null,"M","?","?","?","?","R","E","$","T","$","M","$","?","M","R","B",null,"M","?","?","?","?","R","T","$","T","R","M","R","R","M","R","B",null],"character_chosen":"THE_SILENT","items_purchased":["Vajra","Dagger Spray","DollysMirror","Energy Potion","Dexterity Potion","Membership Card","Finisher","Prepared","Unceasing Top","Potion Belt","Cauldron","Strength Potion"],"campfire_rested":4,"item_purchase_floors":[5,5,25,25,25,27,27,27,42,42,42,42],"current_hp_per_floor":[70,67,67,56,56,56,56,52,52,51,51,38,61,57,57,57,77,77,77,61,57,57,57,54,69,69,77,77,77,77,77,77,46,77,76,76,15,15,15,36,36,51,51,72,65,65,65,47,68,58],"gold":167,"neow_bonus":"ONE_RANDOM_RARE_CARD","is_daily":false,"chose_seed":false,"campfire_upgraded":5,"win_rate":0.0,"timestamp":1612196669,"path_taken":["M","M","?","?","$","R","?","E","T","E","?","E","R","?","R","BOSS","M","?","?","?","?","R","E","$","T","?","M","$","?","M","R","BOSS","M","?","?","?","?","R","?","$","T","R","M","R","R","M","R","BOSS"],"items_purchased_type":["Relic","Card","Relic","Potion","Potion","Relic","Card","Card","Relic","Relic","Relic","Potion"],"build_version":"2020-12-13","purchased_purges":3,"victory":true,"max_hp_per_floor":[70,70,70,70,70,70,70,70,70,77,77,77,77,77,77,77,77,77,77,77,77,77,77,77,77,77,77,77,77,77,77,77,77,77,77,77,77,73,73,73,73,73,73,73,73,73,73,73,73,73],"card_choices":[{"not_picked":["Flying Knee","Poisoned Stab"],"picked":"Backstab","floor":1},{"not_picked":["Dodge and Roll","Catalyst"],"picked":"Quick Slash","floor":2},{"not_picked":["Deflect","PiercingWail"],"picked":"After Image","floor":8},{"not_picked":["Tools of the Trade","Bullet Time"],"picked":"Blade Dance","floor":10},{"not_picked":["Prepared","Dagger Throw"],"picked":"Choke","floor":11},{"not_picked":["Tactician","Slice"],"picked":"Prepared","floor":12},{"not_picked":["Bullet Time","Wraith Form v2"],"picked":"Envenom","floor":16},{"not_picked":["Deflect","Prepared"],"picked":"Acrobatics","floor":18},{"not_picked":["Backstab","Choke"],"picked":"Blade Dance","floor":21},{"not_picked":["Quick Slash+1","Night Terror"],"picked":"Dodge and Roll+1","floor":24},{"not_picked":["Bane","Blade Dance","Distraction"],"picked":"SKIP","floor":28},{"not_picked":["Prepared","Deflect+1","Eviscerate"],"picked":"SKIP","floor":31},{"not_picked":["Corpse Explosion","Unload"],"picked":"Night Terror","floor":33},{"not_picked":["Backflip+1","Masterful Stab+1"],"picked":"Infinite Blades+1","floor":35},{"not_picked":["Dagger Throw","Choke+1"],"picked":"Outmaneuver","floor":45},{"not_picked":["Underhanded Strike","Deadly Poison+1","Bane"],"picked":"SKIP","floor":48}],"player_experience":100197,"relics_obtained":[{"floor":8,"key":"Smiling Mask"},{"floor":9,"key":"Bag of Marbles"},{"floor":10,"key":"Strawberry"},{"floor":12,"key":"MealTicket"},{"floor":14,"key":"Juzu Bracelet"},{"floor":20,"key":"Necronomicon"},{"floor":21,"key":"Red Mask"},{"floor":24,"key":"Pen Nib"},{"floor":26,"key":"Torii"},{"floor":37,"key":"Shovel"},{"floor":41,"key":"Centennial Puzzle"},{"floor":43,"key":"Whetstone"},{"floor":46,"key":"FossilizedHelix"}],"event_choices":[{"damage_healed":0,"gold_gain":0,"player_choice":"Take Wound","damage_taken":0,"relics_obtained":["Golden Idol"],"max_hp_gain":0,"max_hp_loss":0,"event_name":"Golden Idol","floor":3,"gold_loss":0,"cards_obtained":["Injury"]},{"damage_healed":0,"gold_gain":75,"player_choice":"Gather Gold","damage_taken":11,"max_hp_gain":0,"max_hp_loss":0,"event_name":"World of Goop","floor":4,"gold_loss":0},{"damage_healed":0,"gold_gain":100,"player_choice":"Pray","damage_taken":0,"max_hp_gain":0,"max_hp_loss":0,"event_name":"Golden Shrine","floor":7,"gold_loss":0},{"damage_healed":0,"gold_gain":0,"player_choice":"Searched \u00271\u0027 times","damage_taken":0,"max_hp_gain":0,"max_hp_loss":0,"event_name":"Dead Adventurer","floor":14,"gold_loss":0},{"damage_healed":0,"gold_gain":0,"player_choice":"Gave Potion","damage_taken":0,"relics_obtained":["WingedGreaves"],"max_hp_gain":0,"max_hp_loss":0,"event_name":"WeMeetAgain","floor":19,"gold_loss":0},{"damage_healed":0,"gold_gain":0,"player_choice":"Obtained Book","damage_taken":16,"max_hp_gain":0,"max_hp_loss":0,"event_name":"Cursed Tome","floor":20,"gold_loss":0},{"damage_healed":0,"gold_gain":0,"player_choice":"Fought Bandits","damage_taken":0,"max_hp_gain":0,"max_hp_loss":0,"event_name":"Masked Bandits","floor":21,"gold_loss":0},{"damage_healed":0,"gold_gain":0,"player_choice":"Ignored","damage_taken":0,"max_hp_gain":0,"max_hp_loss":0,"event_name":"Ghosts","floor":22,"gold_loss":0},{"damage_healed":0,"gold_gain":0,"player_choice":"Opened","damage_taken":0,"relics_obtained":["StoneCalendar"],"max_hp_gain":0,"max_hp_loss":0,"event_name":"The Mausoleum","floor":30,"gold_loss":0,"cards_obtained":["Writhe"]},{"cards_removed":["Envenom"],"damage_healed":0,"gold_gain":0,"player_choice":"Removed Power","damage_taken":0,"max_hp_gain":0,"max_hp_loss":0,"event_name":"Falling","floor":36,"gold_loss":0},{"damage_healed":0,"gold_gain":0,"player_choice":"Fight","damage_taken":0,"max_hp_gain":0,"max_hp_loss":0,"event_name":"Mysterious Sphere","floor":37,"gold_loss":0},{"damage_healed":0,"gold_gain":0,"player_choice":"Max HP","damage_taken":0,"max_hp_gain":0,"max_hp_loss":4,"event_name":"Winding Halls","floor":38,"gold_loss":0},{"damage_healed":0,"gold_gain":222,"player_choice":"Wore Mask","damage_taken":0,"max_hp_gain":0,"max_hp_loss":0,"event_name":"Tomb of Lord Red Mask","floor":39,"gold_loss":0}],"is_beta":false,"boss_relics":[{"not_picked":["Runic Dome","Velvet Choker"],"picked":"SacredBark"},{"not_picked":["Tiny House","Ring of the Serpent"],"picked":"SlaversCollar"}],"items_purged_floors":[25,29,42],"is_endless":false,"potions_floor_spawned":[1,2,11,12,16,21,24,28,31,35,37],"ascension_level":1}}