{"host":"7iv10lxbxedtd0qh","time":1612206015,"event":{"mods":["BaseMod","Colored Map","Colored Powertips","Downfall","Minty Spire (QoL Compilation)","StSLib"],"gold_per_floor":[99,119,119,132,148,48,117,117,132,152,163,163,163,190,208,310,310,310,310,326,336,352,352,352,352],"floor_reached":23,"language":"ENG","playtime":979,"items_purged":[],"score":215,"play_id":"d2d6f300-be20-435e-8424-64eb4a0c1c97","local_time":"20210201200015","is_ascension_mode":true,"campfire_choices":[{"floor":1.0,"key":"RECALL"},{"data":"Sadistic Nature","floor":6.0,"key":"SMITH"},{"data":"hexamod:RadiantFlame","floor":8.0,"key":"SMITH"},{"data":"hexamod:Incineration","floor":13.0,"key":"SMITH"},{"data":"hexamod:SpectralSpark","floor":18,"key":"SMITH"}],"circlet_count":0,"master_deck":["hexamod:Strike","hexamod:Strike+1","hexamod:Strike","hexamod:Strike","hexamod:Defend+1","hexamod:Defend","hexamod:Defend","hexamod:Defend","hexamod:Sear","hexamod:Float+1","Decay","Sadistic Nature+1","hexamod:RadiantFlame+1","hexamod:PhantomFireball","hexamod:BurningTouch","hexamod:Incineration+1","hexamod:PowerFromBeyond","hexamod:SixthSeal","hexamod:ShieldOfDarkness","hexamod:SpectralSpark+1","hexamod:FlameSwitch+1","hexamod:ThermalTransfer","hexamod:ThermalTransfer","hexamod:GhostflameBarrier+1"],"relics":["hexamod:SpiritBrand","downfall:HeartBlessingRed","Blue Candle","Bag of Preparation","Black Star"],"acts_visited":["Exordium","TheCity"],"potions_floor_usage":[],"damage_taken":[{"damage":16.0,"enemies":"2 Louse","floor":2.0,"turns":3.0},{"damage":3.0,"enemies":"Jaw Worm","floor":4.0,"turns":4.0},{"damage":0.0,"enemies":"Cultist","floor":5.0,"turns":3.0},{"damage":2.0,"enemies":"3 Louse","floor":9.0,"turns":4.0},{"damage":7.0,"enemies":"Lots of Slimes","floor":10.0,"turns":3.0},{"damage":12.0,"enemies":"Exordium Wildlife","floor":11.0,"turns":3.0},{"damage":13.0,"enemies":"3 Sentries","floor":14.0,"turns":5.0},{"damage":0.0,"enemies":"Gremlin Gang","floor":15.0,"turns":3.0},{"damage":15,"enemies":"IC_STATUS_ARCHETYPE","floor":16,"turns":3},{"damage":0,"enemies":"Chosen","floor":19,"turns":1},{"damage":15,"enemies":"Shell Parasite","floor":20,"turns":3},{"damage":50,"enemies":"Snecko","floor":21,"turns":6},{"damage":24,"enemies":"Centurion and Healer","floor":22,"turns":5},{"damage":1,"enemies":"Gremlin Leader","floor":23,"turns":5}],"seed_played":"7195210847354368110","potions_obtained":[{"floor":4.0,"key":"Swift Potion"},{"floor":5.0,"key":"Block Potion"},{"floor":10.0,"key":"SkillPotion"},{"floor":21,"key":"FairyPotion"}],"is_trial":false,"path_per_floor":["R","M","?","M","M","R","T","R","M","M","M","?","R","E","M","B",null,"R","M","M","M","M","E"],"character_chosen":"THE_SPIRIT","items_purchased":[],"campfire_rested":0,"item_purchase_floors":[],"current_hp_per_floor":[70,54,54,51,51,51,51,51,49,42,30,30,30,17,17,2,70,70,70,55,5,5,4,4,4],"gold":352,"neow_bonus":"RANDOM_COLORLESS_2","is_daily":false,"chose_seed":false,"campfire_upgraded":4,"win_rate":0.0,"timestamp":1612206015,"path_taken":["R","M","?","M","M","R","T","R","M","M","M","?","R","E","M","BOSS","R","M","M","M","M","E"],"items_purchased_type":[],"build_version":"2020-12-22","purchased_purges":0,"victory":false,"max_hp_per_floor":[70,70,70,70,70,70,70,70,70,70,70,70,70,70,70,70,70,70,70,70,70,70,70,70,70],"card_choices":[{"not_picked":["Magnetism","Metamorphosis"],"picked":"Sadistic Nature","floor":0.0},{"not_picked":["hexamod:RetreatToShadows","hexamod:GhostShield"],"picked":"hexamod:RadiantFlame","floor":2.0},{"not_picked":["hexamod:HeatMetal","hexamod:InspiringFlames"],"picked":"hexamod:PhantomFireball","floor":4.0},{"not_picked":["hexamod:GhostLash","hexamod:HeatCrush"],"picked":"hexamod:BurningTouch","floor":5.0},{"not_picked":["hexamod:AdvancingGuard","hexamod:SwordOfDarkness"],"picked":"hexamod:Incineration","floor":9.0},{"not_picked":["hexamod:InspiringFlames","hexamod:AdvancingGuard"],"picked":"hexamod:PowerFromBeyond","floor":10.0},{"not_picked":["hexamod:NightmareGuise","hexamod:RetreatToShadows"],"picked":"hexamod:SixthSeal","floor":11.0},{"not_picked":["hexamod:UnleashSpirits","hexamod:SpectersWail"],"picked":"hexamod:ShieldOfDarkness","floor":14.0},{"not_picked":["hexamod:Rewind","hexamod:Haunt"],"picked":"hexamod:SpectralSpark","floor":15.0},{"not_picked":["hexamod:SearingWound","hexamod:GhostOfSpirePresent"],"picked":"hexamod:FlameSwitch","floor":16},{"not_picked":["hexamod:NightmareGuise","hexamod:GhostLash"],"picked":"hexamod:ThermalTransfer","floor":19},{"not_picked":["hexamod:NightmareGuise","hexamod:NightmareStrike"],"picked":"hexamod:ThermalTransfer","floor":20},{"not_picked":["hexamod:SkipABeat","hexamod:NightmareGuise","hexamod:GhostOfSpireFuture"],"picked":"SKIP","floor":21},{"not_picked":["hexamod:NightmareStrike+1","hexamod:CatchUp"],"picked":"hexamod:GhostflameBarrier+1","floor":22}],"player_experience":783275,"relics_obtained":[{"floor":7.0,"key":"Blue Candle"},{"floor":14.0,"key":"Bag of Preparation"}],"event_choices":[],"is_beta":false,"boss_relics":[{"not_picked":["SacredBark","Runic Pyramid"],"picked":"Black Star"}],"items_purged_floors":[],"is_endless":false,"potions_floor_spawned":[4,5,10,21],"killed_by":"Gremlin Leader","ascension_level":2}}