{"host":"sav7uxregyirlf69","time":1612171902,"event":{"mods":["AchievementEnabler","BaseMod","Colored Map","DeckTracker","Keyboard Shortcuts","Minty Spire (QoL Compilation)","READ ME - Guardian Mod","StSLib","SuperFastMode"],"gold_per_floor":[115,14,89,101,101,101,131,131,131,131,145,158,183,194,194,272,272,288,304,33,33,83,83,97,97,151,66,66,99,124,135,135,135,135],"floor_reached":33,"language":"KOR","playtime":374,"items_purged":["Strike_G"],"score":596,"play_id":"488ea647-e7cc-4aea-8b56-931d97654077","local_time":"20210201183142","is_ascension_mode":true,"campfire_choices":[{"data":"Dagger Spray","floor":6,"key":"SMITH"},{"data":"1","floor":10,"key":"LIFT"},{"data":"2","floor":15,"key":"LIFT"},{"floor":23,"key":"REST"},{"data":"3","floor":25,"key":"LIFT"},{"data":"Tactician","floor":28,"key":"SMITH"},{"data":"Phantasmal Killer","floor":32,"key":"SMITH"}],"circlet_count":0,"master_deck":["AscendersBane","Strike_G","Strike_G","Strike_G","Strike_G","Defend_G","Defend_G","Defend_G","Defend_G","Defend_G","Survivor","Neutralize","Blade Dance","Poisoned Stab","Dagger Spray+1","Dagger Throw","Riddle With Holes","Tactician+1","Phantasmal Killer+1","Riddle With Holes","PiercingWail"],"relics":["Ring of the Snake","NeowsBlessing","Anchor","Girya","Mercury Hourglass","White Beast Statue","Busted Crown","Kunai","Pen Nib","PreservedInsect","Du-Vu Doll","Ancient Tea Set"],"acts_visited":["Exordium","TheCity"],"potions_floor_usage":[16,33,33],"damage_taken":[{"damage":0,"enemies":"Jaw Worm","floor":1,"turns":1},{"damage":0,"enemies":"Small Slimes","floor":4,"turns":1},{"damage":0,"enemies":"Lagavulin","floor":7,"turns":1},{"damage":0,"enemies":"2 Louse","floor":11,"turns":1},{"damage":0,"enemies":"Looter","floor":12,"turns":2},{"damage":2,"enemies":"3 Sentries","floor":13,"turns":3},{"damage":1,"enemies":"2 Fungi Beasts","floor":14,"turns":3},{"damage":35,"enemies":"Slime Boss","floor":16,"turns":9},{"damage":13,"enemies":"3 Byrds","floor":18,"turns":3},{"damage":7,"enemies":"Chosen","floor":19,"turns":4},{"damage":3,"enemies":"Centurion and Healer","floor":24,"turns":2},{"damage":3,"enemies":"Slavers","floor":29,"turns":2},{"damage":6,"enemies":"3 Cultists","floor":31,"turns":3},{"damage":50,"enemies":"Automaton","floor":33,"turns":6}],"seed_played":"4295639493344702947","potions_obtained":[{"floor":1,"key":"GamblersBrew"},{"floor":7,"key":"Energy Potion"},{"floor":14,"key":"Weak Potion"},{"floor":16,"key":"Poison Potion"},{"floor":29,"key":"Dexterity Potion"}],"is_trial":false,"path_per_floor":["M","$","?","M","?","R","E","?","T","R","M","M","E","M","R","B",null,"M","M","$","?","?","R","M","R","T","?","R","E","T","M","R","B"],"character_chosen":"THE_SILENT","items_purchased":["Poisoned Stab","Kunai"],"campfire_rested":1,"item_purchase_floors":[2,20],"current_hp_per_floor":[59,59,48,48,53,53,53,48,48,48,48,48,46,45,45,10,56,43,36,36,16,16,38,35,35,35,35,35,32,32,26,26,0,0],"gold":135,"neow_bonus":"THREE_ENEMY_KILL","is_daily":false,"chose_seed":false,"campfire_upgraded":3,"win_rate":0.0,"timestamp":1612171902,"path_taken":["M","$","?","M","?","R","E","?","T","R","M","M","E","M","R","BOSS","M","M","$","?","?","R","M","R","T","?","R","E","?","M","R","BOSS"],"items_purchased_type":["Card","Relic"],"build_version":"2020-12-22","purchased_purges":1,"victory":false,"max_hp_per_floor":[66,66,66,66,71,71,71,71,71,71,71,71,71,71,71,71,71,71,71,71,76,76,76,76,76,76,76,76,76,76,76,76,76,76],"card_choices":[{"not_picked":["Bouncing Flask","Backflip"],"picked":"Blade Dance","floor":1},{"not_picked":["Dash","Choke"],"picked":"Dagger Spray","floor":4},{"not_picked":["Tools of the Trade","Prepared"],"picked":"Dagger Throw","floor":7},{"not_picked":["Flechettes","Acrobatics"],"picked":"Riddle With Holes","floor":11},{"not_picked":["Flechettes","Underhanded Strike","Choke"],"picked":"SKIP","floor":12},{"not_picked":["Catalyst","All Out Attack"],"picked":"Tactician","floor":13},{"not_picked":["Dodge and Roll","PiercingWail","Eviscerate"],"picked":"SKIP","floor":14},{"not_picked":["After Image","Tools of the Trade"],"picked":"Phantasmal Killer","floor":16},{"not_picked":["Catalyst"],"picked":"SKIP","floor":18},{"not_picked":["Sucker Punch"],"picked":"SKIP","floor":19},{"not_picked":["Dagger Throw"],"picked":"SKIP","floor":24},{"not_picked":[],"picked":"Riddle With Holes","floor":29},{"not_picked":[],"picked":"PiercingWail","floor":31}],"player_experience":1449264,"relics_obtained":[{"floor":7,"key":"Anchor"},{"floor":9,"key":"Mercury Hourglass"},{"floor":13,"key":"White Beast Statue"},{"floor":26,"key":"Pen Nib"},{"floor":29,"key":"Du-Vu Doll"},{"floor":30,"key":"Ancient Tea Set"}],"event_choices":[{"damage_healed":0,"gold_gain":75,"player_choice":"Gather Gold","damage_taken":11,"max_hp_gain":0,"max_hp_loss":0,"event_name":"World of Goop","floor":3,"gold_loss":0},{"damage_healed":0,"gold_gain":0,"player_choice":"Donut","damage_taken":0,"max_hp_gain":5,"max_hp_loss":0,"event_name":"Big Fish","floor":5,"gold_loss":0},{"damage_healed":0,"gold_gain":0,"player_choice":"Success","damage_taken":5,"relics_obtained":["Girya"],"max_hp_gain":0,"max_hp_loss":0,"event_name":"Scrap Ooze","floor":8,"gold_loss":0},{"damage_healed":0,"gold_gain":0,"player_choice":"Shed Blood","damage_taken":25,"max_hp_gain":5,"max_hp_loss":0,"event_name":"Forgotten Altar","floor":21,"gold_loss":0},{"damage_healed":0,"gold_gain":50,"player_choice":"Stole From Cult","damage_taken":0,"max_hp_gain":0,"max_hp_loss":0,"event_name":"Nest","floor":22,"gold_loss":0},{"damage_healed":0,"gold_gain":0,"player_choice":"Obtained Relic","damage_taken":0,"relics_obtained":["PreservedInsect"],"max_hp_gain":0,"max_hp_loss":0,"event_name":"Addict","floor":27,"gold_loss":85}],"is_beta":false,"boss_relics":[{"not_picked":["Ring of the Serpent","Black Star"],"picked":"Busted Crown"}],"items_purged_floors":[2],"is_endless":false,"potions_floor_spawned":[1,7,11,14,16,18,19,24,29,31],"killed_by":"Automaton","ascension_level":20}}