{"host":"j9610sde00vfp93k","time":1612173254,"event":{"mods":["AchievementEnabler","BaseMod","Minty Spire (QoL Compilation)","StSLib","SuperFastMode"],"gold_per_floor":[214,233,308,308,233,249,274,290,313,313,328,344,344,357,357,462,462,481,481,481,494,249,260,260,260],"floor_reached":24,"language":"ENG","playtime":954,"items_purged":["Defend_R","Defend_R"],"score":200,"play_id":"956dcd69-24d6-4e71-88c2-0d257c5ec56c","local_time":"20210201175414","is_ascension_mode":false,"campfire_choices":[{"data":"Bash","floor":10,"key":"SMITH"},{"floor":15,"key":"REST"}],"circlet_count":0,"master_deck":["Strike_R","Strike_R","Strike_R","Strike_R","Defend_R","Defend_R","Bash+1","Swift Strike","Clash"],"relics":["Burning Blood","Potion Belt","Centennial Puzzle","Philosopher\u0027s Stone","TheAbacus"],"acts_visited":["Exordium","TheCity"],"potions_floor_usage":[16,16,16],"damage_taken":[{"damage":6,"enemies":"Jaw Worm","floor":1,"turns":4},{"damage":7,"enemies":"Small Slimes","floor":2,"turns":4},{"damage":0,"enemies":"Cultist","floor":6,"turns":2},{"damage":28,"enemies":"Gremlin Nob","floor":7,"turns":4},{"damage":9,"enemies":"2 Fungi Beasts","floor":8,"turns":3},{"damage":4,"enemies":"3 Louse","floor":11,"turns":3},{"damage":21,"enemies":"Exordium Thugs","floor":12,"turns":4},{"damage":16,"enemies":"Lots of Slimes","floor":14,"turns":4},{"damage":58,"enemies":"Slime Boss","floor":16,"turns":11},{"damage":44,"enemies":"Spheric Guardian","floor":18,"turns":6},{"damage":2,"enemies":"Chosen","floor":21,"turns":3},{"damage":13,"enemies":"Snecko","floor":23,"turns":4},{"damage":32,"enemies":"Slavers","floor":24,"turns":3}],"seed_played":"-5038608667608452797","potions_obtained":[{"floor":1,"key":"BloodPotion"},{"floor":6,"key":"Energy Potion"},{"floor":7,"key":"FearPotion"},{"floor":18,"key":"GamblersBrew"},{"floor":21,"key":"LiquidBronze"}],"is_trial":false,"path_per_floor":["M","M","?","?","$","M","E","M","T","R","M","M","?","M","R","B",null,"M","?","?","M","$","M","E"],"character_chosen":"IRONCLAD","items_purchased":["TheAbacus"],"campfire_rested":1,"item_purchase_floors":[22],"current_hp_per_floor":[80,79,68,68,68,74,52,49,49,49,51,36,36,26,50,14,80,42,27,27,31,31,24,0,0],"gold":260,"neow_bonus":"HUNDRED_GOLD","is_daily":false,"chose_seed":false,"campfire_upgraded":1,"win_rate":0.0,"timestamp":1612173254,"path_taken":["M","M","?","?","$","M","E","M","T","R","?","M","?","M","R","BOSS","M","?","?","?","?","M","E"],"items_purchased_type":["Relic"],"build_version":"2020-12-22","purchased_purges":2,"victory":false,"max_hp_per_floor":[80,80,80,80,80,80,80,80,80,80,80,80,80,80,80,80,80,80,85,85,85,85,85,85,85],"card_choices":[{"not_picked":["Iron Wave","Havoc","Wild Strike"],"picked":"SKIP","floor":1},{"not_picked":["Perfected Strike","Warcry","Heavy Blade"],"picked":"SKIP","floor":2},{"not_picked":["Wild Strike","Disarm","Hemokinesis"],"picked":"SKIP","floor":6},{"not_picked":["Bludgeon","Double Tap","Havoc"],"picked":"SKIP","floor":7},{"not_picked":["Sword Boomerang","Clothesline","Armaments"],"picked":"SKIP","floor":8},{"not_picked":["Blood for Blood","Rampage","Sword Boomerang"],"picked":"SKIP","floor":11},{"not_picked":["Flame Barrier","Dual Wield","Spot Weakness"],"picked":"SKIP","floor":12},{"not_picked":["Clothesline","Anger","Rupture"],"picked":"SKIP","floor":14},{"not_picked":["Reckless Charge","Power Through","Flex+1"],"picked":"SKIP","floor":18},{"not_picked":["Spot Weakness","Dark Embrace","Pummel"],"picked":"SKIP","floor":21},{"not_picked":["Whirlwind","Perfected Strike+1","Headbutt"],"picked":"SKIP","floor":23}],"player_experience":179884,"relics_obtained":[{"floor":7,"key":"Potion Belt"},{"floor":9,"key":"Centennial Puzzle"}],"event_choices":[{"damage_healed":0,"gold_gain":75,"player_choice":"Gather Gold","damage_taken":11,"max_hp_gain":0,"max_hp_loss":0,"event_name":"World of Goop","floor":3,"gold_loss":0},{"damage_healed":0,"gold_gain":0,"player_choice":"1 cards matched","damage_taken":0,"max_hp_gain":0,"max_hp_loss":0,"event_name":"Match and Keep!","floor":4,"gold_loss":0,"cards_obtained":["Swift Strike"]},{"cards_removed":["Strike_R"],"damage_healed":0,"gold_gain":0,"player_choice":"Forget","damage_taken":0,"max_hp_gain":0,"max_hp_loss":0,"event_name":"Living Wall","floor":13,"gold_loss":0},{"damage_healed":0,"gold_gain":0,"player_choice":"Shed Blood","damage_taken":20,"max_hp_gain":5,"max_hp_loss":0,"event_name":"Forgotten Altar","floor":19,"gold_loss":0},{"damage_healed":0,"gold_gain":0,"player_choice":"Read","damage_taken":0,"max_hp_gain":0,"max_hp_loss":0,"event_name":"The Library","floor":20,"gold_loss":0,"cards_obtained":["Clash"]}],"is_beta":false,"boss_relics":[{"not_picked":["Coffee Dripper","Velvet Choker"],"picked":"Philosopher\u0027s Stone"}],"items_purged_floors":[5,22],"is_endless":false,"potions_floor_spawned":[1,6,7,18,21],"killed_by":"Slavers","ascension_level":0}}