{"host":"t7rtdu4954o308h4","time":1612148362,"event":{"mods":["ATMod(°¢èªMod)","BaseMod","Conspire","Ekko","Highlight Path","Hubris","Infinite Spire","Minty Spire (QoL Compilation)","MostiFishMod","Replay The Spire","Shop Mod","StSLib","TestMod","Waifu the Spire","¡¾ÒÅÎï¿¨ÅÆ¡¿REMEMod"],"gold_per_floor":[116,129,129,139,158,158,168,33,59,59,334,359,375,375,375,500,500,567,585,612,632,651,651],"floor_reached":22,"language":"ZHS","playtime":1821,"items_purged":[],"score":182,"play_id":"9fc2364d-a129-44c3-946b-d5a7bb743531","local_time":"20210201105922","is_ascension_mode":false,"campfire_choices":[{"data":"ekkoTheBoyWhoShatteredTime:HauntingGuise","floor":6.0,"key":"SMITH"},{"data":"ekkoTheBoyWhoShatteredTime:URF","floor":10.0,"key":"SMITH"},{"floor":15.0,"key":"REST"}],"circlet_count":0,"master_deck":["hubris:Hubris","ekkoTheBoyWhoShatteredTime:Strike","ekkoTheBoyWhoShatteredTime:Strike","ekkoTheBoyWhoShatteredTime:Strike","ekkoTheBoyWhoShatteredTime:Strike","ekkoTheBoyWhoShatteredTime:Strike","ekkoTheBoyWhoShatteredTime:Defend","ekkoTheBoyWhoShatteredTime:Defend","ekkoTheBoyWhoShatteredTime:Defend","ekkoTheBoyWhoShatteredTime:TimeMaster+1","ekkoTheBoyWhoShatteredTime:Powered","ekkoTheBoyWhoShatteredTime:URF+1","AT_FamilyPortrait","ekkoTheBoyWhoShatteredTime:RecallingPunch","ekkoTheBoyWhoShatteredTime:IcebornGauntlet","ekkoTheBoyWhoShatteredTime:HauntingGuise+1","ekkoTheBoyWhoShatteredTime:FluidEnergy","ekkoTheBoyWhoShatteredTime:Unleashed","ekkoTheBoyWhoShatteredTime:GuinsoosRageblade","Regret","ekkoTheBoyWhoShatteredTime:ParallelConvergence","ekkoTheBoyWhoShatteredTime:LoadUp","ekkoTheBoyWhoShatteredTime:GrandeFinale","ekkoTheBoyWhoShatteredTime:NeedlesslyLargeRod","ekkoTheBoyWhoShatteredTime:Greed","ekkoTheBoyWhoShatteredTime:VelocityConsuming","ekkoTheBoyWhoShatteredTime:Knowledge"],"relics":["ekkoTheBoyWhoShatteredTime:zDriveResonance","AT_ATBox","DaveBox","testmod-TestBox","REME_ComplimentaryCards","testmod-TurbochargingSystem","RhineCircuit","SynthV:TestCard","testmod-Acrobat","AT_TrinityForce"],"acts_visited":["Exordium","TheCity"],"potions_floor_usage":[20],"damage_taken":[{"damage":12.0,"enemies":"Jaw Worm","floor":1.0,"turns":6.0},{"damage":4.0,"enemies":"conspire:RoseBush","floor":2.0,"turns":3.0},{"damage":10.0,"enemies":"Cultist","floor":4.0,"turns":5.0},{"damage":5.0,"enemies":"Blue Slaver","floor":5.0,"turns":3.0},{"damage":6.0,"enemies":"Gremlin Gang","floor":7.0,"turns":5.0},{"damage":31.0,"enemies":"Exordium Thugs","floor":12.0,"turns":6.0},{"damage":7.0,"enemies":"Looter","floor":13.0,"turns":3.0},{"damage":9.0,"enemies":"Fading Forest","floor":16.0,"turns":11.0},{"damage":17,"enemies":"conspire:FuzzyDice","floor":18,"turns":9},{"damage":17,"enemies":"Spheric Guardian","floor":19,"turns":4},{"damage":39,"enemies":"conspire:HollyBat","floor":20,"turns":9},{"damage":10,"enemies":"Snake Plant","floor":21,"turns":3},{"damage":9,"enemies":"3 Cultists","floor":22,"turns":2}],"seed_played":"984117077350122020","potions_obtained":[{"floor":1.0,"key":"SkillPotion"},{"floor":16.0,"key":"GamblersBrew"}],"is_trial":false,"path_per_floor":["M","M","?","M","M","R","M","$","T","R","?","M","M","?","R","B",null,"M","M","M","M","M"],"character_chosen":"EKKO_THE_BOY_WHO_SHATTERED_TIME","items_purchased":["ekkoTheBoyWhoShatteredTime:GuinsoosRageblade"],"campfire_rested":1,"item_purchase_floors":[8],"current_hp_per_floor":[66,62,67,57,52,52,46,46,46,46,46,15,8,8,32,33,83,69,52,13,3,0,0],"gold":651,"neow_bonus":"REMOVE_CARD","is_daily":false,"chose_seed":false,"campfire_upgraded":2,"win_rate":0.0,"timestamp":1612148362,"path_taken":["M","M","?","M","M","R","M","$","T","R","?","?","M","?","R","BOSS","M","M","M","?","M"],"items_purchased_type":["Card"],"build_version":"2020-12-22","purchased_purges":0,"victory":false,"max_hp_per_floor":[78,78,83,83,83,83,83,83,83,83,83,83,83,83,83,83,83,83,83,83,83,83,83],"card_choices":[{"not_picked":["ekkoTheBoyWhoShatteredTime:WideSlice","ekkoTheBoyWhoShatteredTime:NaggingBlow"],"picked":"ekkoTheBoyWhoShatteredTime:RecallingPunch","floor":1.0},{"not_picked":["ekkoTheBoyWhoShatteredTime:ComeAtMe","ekkoTheBoyWhoShatteredTime:DodgeTraining","ekkoTheBoyWhoShatteredTime:AfterimageTimeWrap","ekkoTheBoyWhoShatteredTime:Playful"],"picked":"ekkoTheBoyWhoShatteredTime:IcebornGauntlet","floor":2.0},{"not_picked":["ekkoTheBoyWhoShatteredTime:TimeRecall","ekkoTheBoyWhoShatteredTime:CommittedStrike","ekkoTheBoyWhoShatteredTime:NaggingBlow","ekkoTheBoyWhoShatteredTime:WideSlice"],"picked":"ekkoTheBoyWhoShatteredTime:HauntingGuise","floor":4.0},{"not_picked":["ekkoTheBoyWhoShatteredTime:FeelIt","ekkoTheBoyWhoShatteredTime:WaitForKeyTiming","ekkoTheBoyWhoShatteredTime:Backtrack","ekkoTheBoyWhoShatteredTime:AfterimageHit"],"picked":"ekkoTheBoyWhoShatteredTime:FluidEnergy","floor":5.0},{"not_picked":["ekkoTheBoyWhoShatteredTime:LichBane","ekkoTheBoyWhoShatteredTime:TimeRecall","ekkoTheBoyWhoShatteredTime:CommittedStrike","ekkoTheBoyWhoShatteredTime:NaggingBlow"],"picked":"ekkoTheBoyWhoShatteredTime:Unleashed","floor":7.0},{"not_picked":["ekkoTheBoyWhoShatteredTime:LevelUp","ekkoTheBoyWhoShatteredTime:FluidEnergy","ekkoTheBoyWhoShatteredTime:SneakHit","ekkoTheBoyWhoShatteredTime:Confident"],"picked":"ekkoTheBoyWhoShatteredTime:ParallelConvergence","floor":12.0},{"not_picked":["ekkoTheBoyWhoShatteredTime:FluidEnergy","ekkoTheBoyWhoShatteredTime:AfterimageBait","ekkoTheBoyWhoShatteredTime:ItemsAfterimage","ekkoTheBoyWhoShatteredTime:ComeAtMe"],"picked":"ekkoTheBoyWhoShatteredTime:LoadUp","floor":13.0},{"not_picked":["ekkoTheBoyWhoShatteredTime:GuinsoosRageblade","ekkoTheBoyWhoShatteredTime:ProjectPreference","ekkoTheBoyWhoShatteredTime:Discharge","ekkoTheBoyWhoShatteredTime:CatchUpTime"],"picked":"ekkoTheBoyWhoShatteredTime:GrandeFinale","floor":16.0},{"not_picked":["ekkoTheBoyWhoShatteredTime:LichBane","ekkoTheBoyWhoShatteredTime:FeelIt","ekkoTheBoyWhoShatteredTime:KeepingMomentum","ekkoTheBoyWhoShatteredTime:AfterimageHit"],"picked":"ekkoTheBoyWhoShatteredTime:NeedlesslyLargeRod","floor":18},{"not_picked":["ekkoTheBoyWhoShatteredTime:Backtrack","ekkoTheBoyWhoShatteredTime:FeelIt","ekkoTheBoyWhoShatteredTime:LevelUp","ekkoTheBoyWhoShatteredTime:CommittedStrike"],"picked":"ekkoTheBoyWhoShatteredTime:Greed","floor":19},{"not_picked":["ekkoTheBoyWhoShatteredTime:WideSlice","ekkoTheBoyWhoShatteredTime:TrickOrTreatTrend","ekkoTheBoyWhoShatteredTime:NaggingBlow+1","ekkoTheBoyWhoShatteredTime:LoadUp"],"picked":"ekkoTheBoyWhoShatteredTime:VelocityConsuming","floor":20},{"not_picked":["ekkoTheBoyWhoShatteredTime:Leap+1","ekkoTheBoyWhoShatteredTime:HauntedAfterimage","ekkoTheBoyWhoShatteredTime:QuickBreak+1","ekkoTheBoyWhoShatteredTime:HailOfBlades"],"picked":"ekkoTheBoyWhoShatteredTime:Knowledge","floor":21}],"player_experience":58996,"relics_obtained":[{"floor":1.0,"key":"SynthV:TestCard"},{"floor":9.0,"key":"testmod-Acrobat"}],"event_choices":[{"damage_healed":0.0,"max_hp_gain":5.0,"max_hp_loss":0.0,"gold_gain":0.0,"event_name":"Big Fish","player_choice":"Donut","floor":3.0,"gold_loss":0.0,"damage_taken":0.0},{"damage_healed":0.0,"max_hp_gain":0.0,"max_hp_loss":0.0,"gold_gain":275.0,"event_name":"Golden Shrine","player_choice":"Desecrate","floor":11.0,"gold_loss":0.0,"damage_taken":0.0,"cards_obtained":["Regret"]},{"damage_healed":0.0,"max_hp_gain":0.0,"max_hp_loss":0.0,"gold_gain":0.0,"event_name":"Upgrade Shrine","player_choice":"Upgraded","floor":14.0,"gold_loss":0.0,"damage_taken":0.0,"cards_upgraded":["ekkoTheBoyWhoShatteredTime:TimeMaster"]}],"is_beta":false,"boss_relics":[{"not_picked":["Busted Crown","REME_ChargedStone"],"picked":"AT_TrinityForce"}],"items_purged_floors":[],"is_endless":false,"potions_floor_spawned":[1,2,7,16],"killed_by":"3 Cultists","ascension_level":0}}