{"host":"lxihx0b6awoz2w1j","time":1612221250,"event":{"mods":["Act Like it!","Ascension Reborn","BaseMod","Better Third Choice","BetterRewards","CapriCore","Colored Powertips","Conspire","Downfall","Fox Events","Gensokyo","Hermit","Hubris","Infinite Spire","JesterMod","Luminous","Melee Mod","Minty Spire (QoL Compilation)","Permanent Neow","Prisma Mod","Quick Restart","Relic Stats","Reliquary","Replay The Spire","Shade Mod","Spicy Shops","StSLib","Td1madao Mod","The Alterego","The Blue Laboratory","The Construct","The Cursed","The Death Knight","The Disciple","The Forsaken","The Gatherer","The Immortal","The Jungle","The Marked","The Mystic","The Runesmith","The Senshi","The Servant 0.9.4","The Spell Scribe","Waifu the Spire"],"gold_per_floor":[111,111,131,53,63,63,63],"floor_reached":6,"language":"ENG","playtime":301,"items_purged":[],"score":36,"play_id":"08d1ae5f-1df2-4f13-91c4-6a2a1855dc27","local_time":"20210202001410","is_ascension_mode":false,"campfire_choices":[],"circlet_count":0,"master_deck":["alterego_mod:Strike","alterego_mod:Strike","alterego_mod:Strike","alterego_mod:Defend","alterego_mod:Defend","alterego_mod:Defend","alterego_mod:Defend","alterego_mod:Impale","alterego_mod:BigMeatyClaws","alterego_mod:BrynhildrsRune","alterego_mod:Birthday","alterego_mod:Bounce","alterego_mod:DiscoLights","alterego_mod:Undulate","alterego_mod:Birthday","alterego_mod:Swimsuit"],"relics":["alterego_mod:MasochisticConstitution","hubris:DisguiseKit","hubris:MobiusCoin","Chemical X"],"acts_visited":["Exordium"],"potions_floor_usage":[6],"damage_taken":[{"damage":0.0,"enemies":"2 Louse","floor":1.0,"turns":3.0},{"damage":0.0,"enemies":"Cultist","floor":3.0,"turns":3.0},{"damage":0.0,"enemies":"Small Slimes","floor":5.0,"turns":3.0},{"damage":57,"enemies":"Gremlin Nob","floor":6,"turns":6}],"seed_played":"-6749485766939531801","potions_obtained":[{"floor":1.0,"key":"PowerPotion"},{"floor":5.0,"key":"construct:ShiftPotion"}],"is_trial":false,"path_per_floor":["M","?","M","$","M","E"],"character_chosen":"The_Alterego","items_purchased":["hubris:DisguiseKit","hubris:MobiusCoin","alterego_mod:Birthday","alterego_mod:Bounce","alterego_mod:DiscoLights","Chemical X"],"campfire_rested":0,"item_purchase_floors":[0,0,0,0,0,4],"current_hp_per_floor":[65,65,67,67,70,20,20],"gold":63,"neow_bonus":"","is_daily":false,"chose_seed":false,"campfire_upgraded":0,"win_rate":0.0,"timestamp":1612221250,"path_taken":["M","?","M","$","M","E"],"items_purchased_type":["Relic","Relic","Card","Card","Card","Relic"],"build_version":"2020-12-22","purchased_purges":0,"victory":false,"max_hp_per_floor":[70,70,70,70,70,70,70],"relic_stats":{"counters":[4,14],"Chemical X":[2],"obtain_stats":[{"hubris:DisguiseKit":0,"hubris:MobiusCoin":0,"alterego_mod:MasochisticConstitution":0,"CaptainsWheel":0,"Chemical X":4},{"hubris:DisguiseKit":0,"hubris:MobiusCoin":0,"alterego_mod:MasochisticConstitution":0,"CaptainsWheel":0,"Chemical X":2},{"hubris:DisguiseKit":0,"hubris:MobiusCoin":0,"alterego_mod:MasochisticConstitution":0,"CaptainsWheel":0,"Chemical X":6}]},"card_choices":[{"not_picked":["alterego_mod:Crossover","alterego_mod:SakuraPetals","Quick Slash"],"picked":"alterego_mod:Undulate","floor":1.0},{"not_picked":["alterego_mod:Skirt","alterego_mod:Mirror","Poisoned Stab"],"picked":"alterego_mod:Birthday","floor":3.0},{"not_picked":["alterego_mod:Stockings","alterego_mod:IndependentAction","Prepared"],"picked":"alterego_mod:Swimsuit","floor":5.0}],"player_experience":699777,"relics_obtained":[],"event_choices":[{"cards_removed":["alterego_mod:Strike"],"damage_healed":0.0,"max_hp_gain":0.0,"max_hp_loss":0.0,"gold_gain":0.0,"event_name":"Bonfire Elementals","player_choice":"Offered Basic","floor":2.0,"gold_loss":0.0,"damage_taken":0.0}],"is_beta":false,"boss_relics":[],"items_purged_floors":[],"is_endless":false,"potions_floor_spawned":[1,5],"killed_by":"Gremlin Nob","ascension_level":0}}