{"host":"Krakhan","time":1612143859,"event":{"mods":["AchievementEnabler","BaseMod","Colored Map","Colored Powertips","Faster Ascension Climbing","Highlight Path","Minty Spire (QoL Compilation)","Rare Cards Sparkle","Relic Stats","StSLib"],"gold_per_floor":[115,127,143,157,157,157,157],"floor_reached":6,"language":"ENG","playtime":343,"items_purged":[],"score":76,"play_id":"49f156af-5037-4d7d-a2e3-6d4b73af3f6d","local_time":"20210131204419","is_ascension_mode":true,"campfire_choices":[],"circlet_count":0,"master_deck":["AscendersBane","Strike_B","Strike_B","Strike_B","Strike_B","Defend_B","Defend_B","Defend_B","Defend_B","Zap","Dualcast","Genetic Algorithm+1","Self Repair","Cold Snap","Streamline"],"relics":["Cursed Key"],"acts_visited":["Exordium"],"potions_floor_usage":[6,6],"damage_taken":[{"damage":1,"enemies":"Cultist","floor":1,"turns":3},{"damage":7,"enemies":"Small Slimes","floor":2,"turns":4},{"damage":8,"enemies":"2 Louse","floor":3,"turns":3},{"damage":12,"enemies":"Looter","floor":4,"turns":3},{"damage":58,"enemies":"Gremlin Nob","floor":6,"turns":4}],"seed_played":"-6080807187512208743","potions_obtained":[{"floor":2,"key":"Dexterity Potion"},{"floor":3,"key":"GamblersBrew"},{"floor":4,"key":"BlessingOfTheForge"}],"is_trial":false,"path_per_floor":["M","M","M","M","?","E"],"character_chosen":"DEFECT","items_purchased":[],"campfire_rested":0,"item_purchase_floors":[],"current_hp_per_floor":[63,56,55,50,50,0,0],"gold":157,"neow_bonus":"BOSS_RELIC","is_daily":false,"chose_seed":false,"campfire_upgraded":0,"win_rate":0.0,"timestamp":1612143859,"path_taken":["M","M","M","?","?","E"],"items_purchased_type":[],"build_version":"2020-12-18","purchased_purges":0,"victory":false,"max_hp_per_floor":[71,71,71,71,71,71,71],"relic_stats":{"counters":[5,17],"Cursed Key":0,"obtain_stats":[{"Cracked Core":0,"Cursed Key":0},{"Cracked Core":0,"Cursed Key":0},{"Cracked Core":0,"Cursed Key":0}]},"card_choices":[{"not_picked":["Conserve Battery","Turbo"],"picked":"Genetic Algorithm","floor":1},{"not_picked":["Steam","Turbo"],"picked":"Self Repair","floor":2},{"not_picked":["Gash","Self Repair"],"picked":"Cold Snap","floor":3},{"not_picked":["Steam Power","Redo"],"picked":"Streamline","floor":4}],"player_experience":1373689,"relics_obtained":[],"event_choices":[{"damage_healed":0,"gold_gain":0,"player_choice":"Upgraded","damage_taken":0,"max_hp_gain":0,"max_hp_loss":0,"event_name":"Upgrade Shrine","floor":5,"gold_loss":0,"cards_upgraded":["Genetic Algorithm"]}],"is_beta":true,"boss_relics":[],"items_purged_floors":[],"is_endless":false,"potions_floor_spawned":[2,3,4],"killed_by":"Gremlin Nob","ascension_level":20}}