{"host":"6r762osam2bvfm66","time":1612145216,"event":{"mods":["BaseMod","Colored Map","Minty Spire (QoL Compilation)"],"gold_per_floor":[213,223,223,238,258,258,284,284,284,318,336,52,79,93,93,192,192,192,162,162,13,13,13,13,13,13,13,13,13,13,13,13,13,13,13,13,13,13,13,13,13,13,13,13,13,13,13,13,13,13],"floor_reached":51,"language":"ENG","playtime":2676,"items_purged":["Strike_G"],"score":886,"play_id":"8d5d6b5a-8181-4e5c-a631-6125f6bf3b63","local_time":"20210131200656","is_ascension_mode":true,"campfire_choices":[{"data":"Noxious Fumes","floor":6,"key":"SMITH"},{"data":"Deadly Poison","floor":8,"key":"SMITH"},{"floor":15,"key":"REST"},{"floor":25,"key":"REST"},{"floor":30,"key":"REST"},{"floor":32,"key":"REST"},{"data":"Catalyst","floor":40,"key":"SMITH"},{"data":"Bouncing Flask","floor":46,"key":"SMITH"},{"floor":49,"key":"REST"}],"circlet_count":0,"master_deck":["Strike_G","Strike_G","Defend_G","Defend_G","Defend_G","Defend_G","Defend_G","Survivor","Neutralize","Noxious Fumes+1","Deadly Poison+1","Predator","Backflip","Poisoned Stab","Backstab","Blade Dance","Caltrops+1","Bouncing Flask+1","Burst","Envenom+1","PiercingWail","Crippling Poison","Noxious Fumes+1","Noxious Fumes+1","Backflip","Blur","Infinite Blades+1","Catalyst+1","After Image+1","Burst","Blade Dance+1","Dodge and Roll+1","Blur+1","PiercingWail"],"relics":["Ring of the Snake","Shuriken","Frozen Egg 2","Mercury Hourglass","Oddly Smooth Stone","Bottled Lightning","Ectoplasm","PreservedInsect","Potion Belt","FossilizedHelix","WristBlade","Happy Flower","Tough Bandages","InkBottle","Boot"],"acts_visited":["Exordium","TheCity","TheBeyond"],"potions_floor_usage":[10,16,23,23,29,33,42,50,50,50,50],"damage_taken":[{"damage":2,"enemies":"Small Slimes","floor":1,"turns":5},{"damage":0,"enemies":"2 Louse","floor":2,"turns":3},{"damage":0,"enemies":"Cultist","floor":4,"turns":3},{"damage":6,"enemies":"Lots of Slimes","floor":5,"turns":5},{"damage":13,"enemies":"3 Sentries","floor":7,"turns":7},{"damage":18,"enemies":"Gremlin Nob","floor":10,"turns":4},{"damage":1,"enemies":"Exordium Wildlife","floor":11,"turns":3},{"damage":19,"enemies":"Lagavulin","floor":13,"turns":5},{"damage":0,"enemies":"Large Slime","floor":14,"turns":3},{"damage":0,"enemies":"Slime Boss","floor":16,"turns":5},{"damage":3,"enemies":"3 Byrds","floor":18,"turns":3},{"damage":10,"enemies":"2 Thieves","floor":19,"turns":3},{"damage":5,"enemies":"Centurion and Healer","floor":22,"turns":6},{"damage":10,"enemies":"Slavers","floor":23,"turns":4},{"damage":24,"enemies":"Snake Plant","floor":24,"turns":3},{"damage":0,"enemies":"Snecko","floor":27,"turns":4},{"damage":1,"enemies":"Chosen and Byrds","floor":28,"turns":4},{"damage":0,"enemies":"Snake Plant","floor":29,"turns":2},{"damage":24,"enemies":"Book of Stabbing","floor":31,"turns":4},{"damage":14,"enemies":"Automaton","floor":33,"turns":9},{"damage":0,"enemies":"3 Darklings","floor":35,"turns":4},{"damage":0,"enemies":"3 Shapes","floor":37,"turns":3},{"damage":17,"enemies":"Spire Growth","floor":38,"turns":5},{"damage":6,"enemies":"Writhing Mass","floor":39,"turns":5},{"damage":1,"enemies":"3 Darklings","floor":41,"turns":4},{"damage":0,"enemies":"Reptomancer","floor":42,"turns":4},{"damage":13,"enemies":"Nemesis","floor":45,"turns":5},{"damage":56,"enemies":"Awakened One","floor":50,"turns":12}],"seed_played":"-4495549373833252302","potions_obtained":[{"floor":1,"key":"AttackPotion"},{"floor":7,"key":"SneckoOil"},{"floor":10,"key":"SkillPotion"},{"floor":14,"key":"GamblersBrew"},{"floor":18,"key":"Energy Potion"},{"floor":23,"key":"Fire Potion"},{"floor":24,"key":"Poison Potion"},{"floor":27,"key":"Explosive Potion"},{"floor":37,"key":"Ancient Potion"},{"floor":38,"key":"FearPotion"},{"floor":39,"key":"Block Potion"}],"is_trial":false,"path_per_floor":["M","M","?","M","M","R","E","R","T","E","M","$","E","M","R","B",null,"M","M","?","$","M","E","M","R","T","M","M","M","R","E","R","B",null,"M","?","M","M","M","R","M","E","T","$","E","R","T","?","R","B",null],"character_chosen":"THE_SILENT","items_purchased":["Oddly Smooth Stone","Caltrops+1","Bouncing Flask","Crippling Poison"],"campfire_rested":5,"item_purchase_floors":[12,12,12,21],"current_hp_per_floor":[68,68,68,68,62,62,49,49,49,31,30,30,11,11,32,32,70,67,57,44,44,39,29,5,27,27,27,26,26,48,24,46,32,75,75,75,75,58,52,52,51,51,51,51,38,38,38,38,60,4],"gold":13,"neow_bonus":"HUNDRED_GOLD","is_daily":false,"chose_seed":false,"campfire_upgraded":4,"win_rate":0.0,"timestamp":1612145216,"path_taken":["M","M","?","M","M","R","E","R","T","E","M","$","E","M","R","BOSS","M","M","?","$","M","E","M","R","T","M","M","M","R","E","R","BOSS","M","?","?","?","M","R","M","E","T","$","E","R","?","?","R","BOSS"],"items_purchased_type":["Relic","Card","Card","Card"],"build_version":"2020-12-22","purchased_purges":1,"victory":true,"max_hp_per_floor":[70,70,70,70,70,70,70,70,70,70,70,70,70,70,70,70,70,70,70,75,75,75,75,75,75,75,75,75,75,75,75,75,75,75,75,75,75,75,75,75,75,75,75,75,75,75,75,75,75,75],"card_choices":[{"not_picked":["Expertise","Bane"],"picked":"Noxious Fumes","floor":1},{"not_picked":["PiercingWail","Noxious Fumes"],"picked":"Deadly Poison","floor":2},{"not_picked":["Bane","Blur"],"picked":"Backflip","floor":4},{"not_picked":["Deflect","Well Laid Plans"],"picked":"Poisoned Stab","floor":5},{"not_picked":["Masterful Stab","Bane"],"picked":"Backstab","floor":7},{"not_picked":["Bouncing Flask","Phantasmal Killer"],"picked":"Blade Dance","floor":10},{"not_picked":["Prepared","Dodge and Roll","Underhanded Strike"],"picked":"SKIP","floor":11},{"not_picked":["Bane","Footwork+1","Deadly Poison"],"picked":"SKIP","floor":13},{"not_picked":["Deflect","Dash"],"picked":"Burst","floor":14},{"not_picked":["Venomology","Doppelganger"],"picked":"Envenom+1","floor":16},{"not_picked":["Outmaneuver","Prepared","Skewer"],"picked":"SKIP","floor":18},{"not_picked":["Calculated Gamble","Dagger Spray+1"],"picked":"PiercingWail","floor":19},{"not_picked":["Flying Knee+1","Bouncing Flask+1"],"picked":"Noxious Fumes+1","floor":22},{"not_picked":["PiercingWail","Dodge and Roll"],"picked":"Noxious Fumes+1","floor":23},{"not_picked":["Flechettes","Sucker Punch"],"picked":"Backflip","floor":24},{"not_picked":["Deadly Poison","Reflex"],"picked":"Blur","floor":27},{"not_picked":["Outmaneuver","Reflex","Underhanded Strike+1"],"picked":"SKIP","floor":28},{"not_picked":["Sucker Punch","Slice+1"],"picked":"Infinite Blades+1","floor":29},{"not_picked":["Backflip","Deflect+1"],"picked":"Catalyst","floor":31},{"not_picked":["Die Die Die","Phantasmal Killer"],"picked":"After Image+1","floor":33},{"not_picked":["Endless Agony+1","Outmaneuver+1","Poisoned Stab"],"picked":"SKIP","floor":35},{"not_picked":["Riddle With Holes","Eviscerate+1"],"picked":"Blade Dance+1","floor":37},{"not_picked":["Backflip+1","Prepared"],"picked":"Dodge and Roll+1","floor":38},{"not_picked":["Dagger Spray","Backflip","Eviscerate+1"],"picked":"SKIP","floor":39},{"not_picked":["Envenom+1","Noxious Fumes+1"],"picked":"Blur+1","floor":41},{"not_picked":["Dagger Spray+1","Poisoned Stab+1","Venomology"],"picked":"SKIP","floor":42},{"not_picked":["Underhanded Strike+1","After Image+1"],"picked":"PiercingWail","floor":45}],"player_experience":14763,"relics_obtained":[{"floor":7,"key":"Shuriken"},{"floor":9,"key":"Frozen Egg 2"},{"floor":10,"key":"Mercury Hourglass"},{"floor":13,"key":"Bottled Lightning"},{"floor":23,"key":"PreservedInsect"},{"floor":26,"key":"Potion Belt"},{"floor":31,"key":"FossilizedHelix"},{"floor":42,"key":"Happy Flower"},{"floor":43,"key":"Tough Bandages"},{"floor":45,"key":"InkBottle"},{"floor":47,"key":"Boot"}],"event_choices":[{"damage_healed":0,"gold_gain":0,"cards_transformed":["Strike_G"],"player_choice":"Change","damage_taken":0,"max_hp_gain":0,"max_hp_loss":0,"event_name":"Living Wall","floor":3,"gold_loss":0,"cards_obtained":["Predator"]},{"damage_healed":0,"gold_gain":0,"player_choice":"Shed Blood","damage_taken":18,"max_hp_gain":5,"max_hp_loss":0,"event_name":"Forgotten Altar","floor":20,"gold_loss":0},{"damage_healed":0,"gold_gain":0,"cards_transformed":["Strike_G"],"player_choice":"Transformed","damage_taken":0,"max_hp_gain":0,"max_hp_loss":0,"event_name":"Transmorgrifier","floor":36,"gold_loss":0,"cards_obtained":["Burst"]},{"damage_healed":0,"gold_gain":0,"player_choice":"Ignored","damage_taken":0,"max_hp_gain":0,"max_hp_loss":0,"event_name":"Mysterious Sphere","floor":48,"gold_loss":0}],"is_beta":false,"boss_relics":[{"not_picked":["SacredBark","SlaversCollar"],"picked":"Ectoplasm"},{"not_picked":["Philosopher\u0027s Stone","Empty Cage"],"picked":"WristBlade"}],"items_purged_floors":[21],"is_endless":false,"potions_floor_spawned":[1,7,10,14,18,23,24,27,37,38,39],"ascension_level":1}}