{"host":"w6ebodudjlk2jwu4","time":1612143149,"event":{"mods":["Act Like it!","Bard","BaseMod","Beaked The Cultist","Colored Map","Glutton Mod","Hermit","Highlight Path","Infinite Spire","Jorbs\u0027s Wanderer Trilogy","Koishi","Mad Scientist","Marisa????????","Minty Spire (QoL Compilation)","Relic Stats","Replay The Spire","Robot Space Explorer","StSLib","The Administrix","The Blue Laboratory","The Bug Knight","The Construct","The Cursed","The Marked","The Mystic","The Servant 0.9.4","The Witch","Wandering Minibosses"],"gold_per_floor":[14,24,24,24,48,89,89,132,179,179,179,197,197,6,6,131,131,71,71,71,95,115,150,150,181,181,206,229,270,290,309,309,428,428,451,511,525,546,105,105,105,105],"floor_reached":41,"language":"ENG","playtime":4816,"items_purged":["Strike_B"],"score":585,"play_id":"143fb598-3d1c-400e-b0dc-77566337a6f7","local_time":"20210131173229","is_ascension_mode":true,"campfire_choices":[{"floor":7,"key":"REST"},{"floor":10,"key":"REST"},{"floor":13,"key":"REST"},{"data":"Defragment","floor":15,"key":"SMITH"},{"data":"Buffer","floor":32,"key":"SMITH"},{"floor":40,"key":"REST"}],"circlet_count":0,"master_deck":["Strike_B","Strike_B","Strike_B","Defend_B","Defend_B","Defend_B+1","Defend_B+1","Zap","Sweeping Beam","FIFO Queue","Glacier","Pot Of Greed","Pot Of Greed","Buffer+1","Stack","Defragment+1","Go for the Eyes","Go for the Eyes","All For One","Undo","Defragment+1","Leap+1","Consume","Chaos","Pot Of Greed","Ball Lightning+1","Static Discharge","Self Repair","Defragment","Skim+1","Creative AI","Conserve Battery","Gash+1","ReplaySolidLightProjector+1","Leap"],"relics":["FrozenCore","Replay:Bottled Snecko","Golden Idol","Grinning Jar","Incense Burner","Lantern","Iron Hammer","Omamori","CaptainsWheel","Singing Bowl","Black Star","CatCart","Membership Card","Frozen Egg 2","Unceasing Top"],"acts_visited":["Exordium","TheCity","TheBeyond"],"potions_floor_usage":[23,27,29,38,41],"damage_taken":[{"damage":2,"enemies":"Jaw Worm","floor":1,"turns":5},{"damage":1,"enemies":"2 Louse","floor":2,"turns":3},{"damage":15,"enemies":"infinitespire:Voidling","floor":5,"turns":5},{"damage":47,"enemies":"Gremlin Nob","floor":6,"turns":5},{"damage":14,"enemies":"HollowMod:MossKnight","floor":8,"turns":15},{"damage":0,"enemies":"Blue Slaver","floor":12,"turns":5},{"damage":36,"enemies":"Fading Forest","floor":16,"turns":11},{"damage":0,"enemies":"2 Thieves","floor":18,"turns":4},{"damage":0,"enemies":"Shell Parasite","floor":21,"turns":10},{"damage":9,"enemies":"Snake Plant","floor":22,"turns":8},{"damage":2,"enemies":"Nightmare","floor":23,"turns":11},{"damage":12,"enemies":"Slavers","floor":25,"turns":9},{"damage":0,"enemies":"Snecko","floor":27,"turns":6},{"damage":1,"enemies":"Shelled Parasite and Fungi","floor":28,"turns":8},{"damage":0,"enemies":"Replay:Snechameleon","floor":29,"turns":8},{"damage":0,"enemies":"Chosen and Byrds","floor":30,"turns":9},{"damage":0,"enemies":"Centurion and Healer","floor":31,"turns":8},{"damage":13,"enemies":"Collector","floor":33,"turns":12},{"damage":3,"enemies":"Orb Walker","floor":35,"turns":8},{"damage":14,"enemies":"Orin","floor":36,"turns":12},{"damage":46,"enemies":"3 Darklings","floor":37,"turns":9},{"damage":51,"enemies":"4 Shapes","floor":38,"turns":6},{"damage":69,"enemies":"2 Orb Walkers","floor":41,"turns":5}],"seed_played":"-5681745868713709490","potions_obtained":[{"floor":6,"key":"blueLaboratory:CoolantVial"},{"floor":8,"key":"infinitespire:BlackPotion"},{"floor":16,"key":"blueLaboratory:RelayPotion"},{"floor":22,"key":"blueLaboratory:CorrosionFlask"},{"floor":23,"key":"blueLaboratory:RelayPotion"},{"floor":27,"key":"blueLaboratory:RelayPotion"},{"floor":29,"key":"blueLaboratory:CorrosionFlask"},{"floor":30,"key":"LiquidMemories"}],"is_trial":false,"path_per_floor":["M","M","?","?","M","E","R","E","T","R","?","M","R","$","R","B",null,"M","?","?","M","M","NM","?","E","T","M","M","E","M","M","R","B",null,"M","?","M","M","$","R","?"],"character_chosen":"DEFECT","items_purchased":["Defragment","Go for the Eyes","Membership Card","Leap","Frozen Egg 2","Unceasing Top"],"campfire_rested":4,"item_purchase_floors":[14,14,39,39,39,39],"current_hp_per_floor":[87,86,79,57,51,4,30,16,16,42,24,24,50,50,50,24,89,89,89,89,89,80,78,78,66,66,66,65,74,81,88,88,85,91,93,79,40,18,18,45,0,0],"gold":105,"neow_bonus":"TWENTY_PERCENT_HP_BONUS","is_daily":false,"chose_seed":false,"campfire_upgraded":2,"win_rate":0.0,"timestamp":1612143149,"path_taken":["M","M","?","?","M","E","R","E","T","R","?","M","R","$","R","BOSS","M","?","?","?","M","NM","?","E","T","M","M","E","?","M","R","BOSS","M","?","M","M","$","R","?"],"items_purchased_type":["Card","Card","Relic","Card","Relic","Relic"],"build_version":"2020-12-22","purchased_purges":1,"victory":false,"max_hp_per_floor":[89,89,89,89,89,89,89,89,89,89,89,89,89,89,89,89,89,89,89,89,89,89,89,89,89,89,89,89,91,91,91,91,91,91,93,93,93,93,93,93,93,93],"relic_stats":{"Singing Bowl":4,"counters":[23,182],"Golden Idol":159,"Black Star":0,"obtain_stats":[{"Lantern":9,"Singing Bowl":29,"Golden Idol":4,"Incense Burner":8,"Omamori":25,"Frozen Egg 2":39,"FrozenCore":17,"CaptainsWheel":26,"Iron Hammer":23,"Black Star":34,"Replay:Bottled Snecko":3,"Membership Card":39,"Grinning Jar":6,"CatCart":36,"Cracked Core":0,"Unceasing Top":39},{"Lantern":5,"Singing Bowl":15,"Golden Idol":2,"Incense Burner":5,"Omamori":12,"Frozen Egg 2":22,"FrozenCore":7,"CaptainsWheel":12,"Iron Hammer":11,"Black Star":18,"Replay:Bottled Snecko":2,"Membership Card":22,"Grinning Jar":4,"CatCart":20,"Cracked Core":0,"Unceasing Top":22},{"Lantern":33,"Singing Bowl":113,"Golden Idol":8,"Incense Burner":33,"Omamori":91,"Frozen Egg 2":177,"FrozenCore":49,"CaptainsWheel":91,"Iron Hammer":82,"Black Star":142,"Replay:Bottled Snecko":8,"Membership Card":177,"Grinning Jar":18,"CatCart":162,"Cracked Core":0,"Unceasing Top":177}],"Unceasing Top":[2],"FrozenCore":[59]},"card_choices":[{"not_picked":["Beam Cell","Hologram"],"picked":"Sweeping Beam","floor":1},{"not_picked":["Melter","Static Discharge"],"picked":"FIFO Queue","floor":2},{"not_picked":["Coolheaded","Barrage"],"picked":"Glacier","floor":5},{"not_picked":["Storm","Leap"],"picked":"Buffer","floor":6},{"not_picked":["Ball Lightning","Turbo"],"picked":"Stack","floor":8},{"not_picked":["Beam Cell","Blizzard","Hologram"],"picked":"SKIP","floor":12},{"not_picked":["Fission","Reboot"],"picked":"All For One","floor":16},{"not_picked":["Redo","Beam Cell"],"picked":"Undo","floor":18},{"not_picked":["Defragment+1","Stack"],"picked":"Leap+1","floor":21},{"not_picked":["Sweeping Beam+1","Turbo+1"],"picked":"Consume","floor":22},{"not_picked":["Undo","Turbo"],"picked":"Chaos","floor":23},{"not_picked":["ReplayRNGCard","Fission"],"picked":"Ball Lightning+1","floor":25},{"not_picked":["Panic Button","Sweeping Beam"],"picked":"Static Discharge","floor":27},{"not_picked":["Static Discharge","Defragment"],"picked":"Self Repair","floor":28},{"not_picked":["Go for the Eyes","Steam","Stack"],"picked":"Singing Bowl","floor":29},{"not_picked":["Conserve Battery","BasicCrystalCard"],"picked":"Defragment","floor":30},{"not_picked":["Sweeping Beam","Go for the Eyes"],"picked":"Skim+1","floor":31},{"not_picked":["Fission","Echo Form"],"picked":"Creative AI","floor":33},{"not_picked":["FTL+1","Steam+1","Leap"],"picked":"Singing Bowl","floor":35},{"not_picked":["Rebound+1","Beam Cell"],"picked":"Conserve Battery","floor":36},{"not_picked":["Rebound+1","Ball Lightning"],"picked":"Gash+1","floor":37},{"not_picked":["Gash+1","Coolheaded+1"],"picked":"ReplaySolidLightProjector+1","floor":38}],"player_experience":129973,"relics_obtained":[{"floor":6,"key":"Grinning Jar"},{"floor":8,"key":"Incense Burner"},{"floor":9,"key":"Lantern"},{"floor":23,"key":"Iron Hammer"},{"floor":25,"key":"Omamori"},{"floor":26,"key":"CaptainsWheel"},{"floor":29,"key":"Singing Bowl"},{"floor":36,"key":"CatCart"}],"event_choices":[{"damage_healed":0,"gold_gain":0,"player_choice":"Success","damage_taken":7,"relics_obtained":["Replay:Bottled Snecko"],"max_hp_gain":0,"max_hp_loss":0,"event_name":"Scrap Ooze","floor":3,"gold_loss":0},{"damage_healed":0,"gold_gain":0,"player_choice":"Take Damage","damage_taken":22,"relics_obtained":["Golden Idol"],"max_hp_gain":0,"max_hp_loss":0,"event_name":"Golden Idol","floor":4,"gold_loss":0},{"damage_healed":0,"gold_gain":0,"player_choice":"Entered Light","damage_taken":18,"max_hp_gain":0,"max_hp_loss":0,"event_name":"Shining Light","floor":11,"gold_loss":0,"cards_upgraded":["Defend_B","Defend_B"]},{"damage_healed":0,"gold_gain":0,"player_choice":"Copied","damage_taken":0,"max_hp_gain":0,"max_hp_loss":0,"event_name":"Duplicator","floor":20,"gold_loss":0,"cards_obtained":["Defragment"]},{"cards_removed":["Dualcast"],"damage_healed":0,"gold_gain":0,"player_choice":"Purged","damage_taken":0,"max_hp_gain":0,"max_hp_loss":0,"event_name":"Purifier","floor":24,"gold_loss":0},{"damage_healed":0,"gold_gain":0,"player_choice":"Fight","damage_taken":0,"max_hp_gain":0,"max_hp_loss":0,"event_name":"OrinTheCat","floor":36,"gold_loss":0},{"damage_healed":0,"gold_gain":0,"player_choice":"Fight","damage_taken":0,"max_hp_gain":0,"max_hp_loss":0,"event_name":"Mysterious Sphere","floor":41,"gold_loss":0}],"is_beta":false,"boss_relics":[{"not_picked":["Tiny House","Replay:Ancient Bell"],"picked":"FrozenCore"},{"not_picked":["infinitespire:Cupcake","Astrolabe"],"picked":"Black Star"}],"items_purged_floors":[14],"is_endless":false,"potions_floor_spawned":[6,8,16,22,23,27,29,30,35,36],"killed_by":"2 Orb Walkers","ascension_level":2}}