{"host":"qcf259yvvmr1jh6w","time":1612203527,"event":{"mods":["Act Like it!","Aspiration","BaseMod","Beaked The Cultist","Better Third Choice","BetterRewards","Colored Map","Conspire","Custom Start","Downfall","Energized Spire","Hubris","Infinite Spire","Mimic Mod","Minty Spire (QoL Compilation)","Relic Sorter","Replay The Spire","Reworked Bosses","StSLib","The Construct","The Jungle"],"gold_per_floor":[99,117,127,144,144,144,144,161,161,174,185,185,185,201,218,218,218,218],"floor_reached":16,"language":"ENG","playtime":1097,"items_purged":[],"score":96,"play_id":"01ccf21f-cbb1-4221-9fe9-d56597c1604d","local_time":"20210201191847","is_ascension_mode":false,"campfire_choices":[{"data":"hexamod:Float","floor":1,"key":"SMITH"},{"data":"hexamod:EtherealExpedition","floor":9,"key":"SMITH"}],"circlet_count":0,"master_deck":["hexamod:Strike","hexamod:Strike","hexamod:Strike","hexamod:Strike","hexamod:Defend","hexamod:Defend","hexamod:Defend+1","hexamod:Defend","hexamod:Sear","hexamod:Float+1","hexamod:CatchUp","hexamod:EtherealExpedition+1","hexamod:SwordOfDarkness","hexamod:CatchUp","hexamod:InspiringFlames","hexamod:RecurringNightmare","hexamod:GhostflameBarrier","hexamod:EtherealExpedition","hexamod:ParanormalForm"],"relics":["hexamod:SpiritBrand","aspiration:BabyByrd"],"acts_visited":["Exordium"],"potions_floor_usage":[15,16],"damage_taken":[{"damage":1,"enemies":"2 Louse","floor":2,"turns":3},{"damage":10,"enemies":"Small Slimes","floor":3,"turns":4},{"damage":4,"enemies":"Cultist","floor":4,"turns":4},{"damage":2,"enemies":"Blue Slaver","floor":8,"turns":3},{"damage":0,"enemies":"3 Louse","floor":10,"turns":4},{"damage":1,"enemies":"2 Fungi Beasts","floor":11,"turns":3},{"damage":9,"enemies":"Blue Slaver","floor":14,"turns":3},{"damage":15,"enemies":"Exordium Thugs","floor":15,"turns":5},{"damage":36,"enemies":"WA_ARCHETYPE_RETAIN","floor":16,"turns":7}],"seed_played":"8349093382600379648","potions_obtained":[{"floor":3,"key":"Venom Potion"},{"floor":14,"key":"Energy Potion"},{"floor":15,"key":"AttackPotion"}],"is_trial":false,"path_per_floor":["R","M","M","M","?","?","MIM","M","R","M","M","?","?","M","M","B"],"character_chosen":"THE_SPIRIT","items_purchased":[],"campfire_rested":0,"item_purchase_floors":[],"current_hp_per_floor":[77,76,66,62,62,62,62,60,60,60,59,59,59,50,35,0,0,0],"gold":218,"neow_bonus":"TEN_PERCENT_HP_BONUS","is_daily":false,"chose_seed":false,"campfire_upgraded":2,"win_rate":0.0,"timestamp":1612203527,"path_taken":["R","M","M","M","?","?","MIM","?","R","M","M","?","?","M","M","BOSS"],"items_purchased_type":[],"build_version":"2020-12-22","purchased_purges":0,"victory":false,"max_hp_per_floor":[77,77,77,77,77,77,77,77,77,77,77,77,77,77,77,77,77,77],"card_choices":[{"not_picked":["hexamod:RainOfEmbers","hexamod:NightmareStrike"],"picked":"hexamod:CatchUp","floor":2},{"not_picked":["hexamod:ExtraCrispy","hexamod:NecessarySacrifice"],"picked":"hexamod:EtherealExpedition","floor":3},{"not_picked":["hexamod:Haunt","hexamod:GhostLash"],"picked":"hexamod:SwordOfDarkness","floor":4},{"not_picked":["hexamod:Firestarter","hexamod:BacktrackSmack"],"picked":"hexamod:InspiringFlames","floor":8},{"not_picked":["hexamod:DynamicBlow","hexamod:SwordOfDarkness"],"picked":"hexamod:RecurringNightmare","floor":10},{"not_picked":["hexamod:NightmareStrike","hexamod:InspiringFlames"],"picked":"hexamod:GhostflameBarrier","floor":11},{"not_picked":["hexamod:FourthSeal","hexamod:GhostShield"],"picked":"hexamod:EtherealExpedition","floor":14},{"not_picked":["hexamod:AdvancingGuard","hexamod:GhostLash"],"picked":"hexamod:ParanormalForm","floor":15}],"player_experience":145156,"relics_obtained":[],"event_choices":[],"is_beta":false,"boss_relics":[],"items_purged_floors":[],"is_endless":false,"potions_floor_spawned":[3,14,15],"killed_by":"WA_ARCHETYPE_RETAIN","ascension_level":0}}