{"host":"ccw6t0i2dpm5wyxf","time":1612205046,"event":{"mods":["AchievementEnabler","BaseMod","Colored Map","Minty Spire (QoL Compilation)","Permanent Neow","StSLib","SuperFastMode"],"gold_per_floor":[15,34,44,44,57,92,111,145,193,219,219,231,2,17,17,17,17],"floor_reached":16,"language":"ENG","playtime":819,"items_purged":[],"score":211,"play_id":"04a63018-0fd5-4dce-b6a2-23e72aa82462","local_time":"20210201124406","is_ascension_mode":true,"campfire_choices":[{"floor":11,"key":"REST"},{"floor":15,"key":"REST"}],"circlet_count":0,"master_deck":["AscendersBane","Strike_R","Strike_R","Strike_R","Strike_R","Strike_R","Defend_R","Defend_R","Defend_R","Defend_R","Bash","Immolate","Armaments","Flame Barrier","Uppercut","Bash","Rage","Havoc","Feed+1","Searing Blow+1","Shrug It Off","Shrug It Off","Corruption","Dark Embrace"],"relics":["Burning Blood","Molten Egg 2","Bag of Marbles","Regal Pillow","The Courier","Vajra"],"acts_visited":["Exordium"],"potions_floor_usage":[16,16,16],"damage_taken":[{"damage":0,"enemies":"Small Slimes","floor":1,"turns":2},{"damage":1,"enemies":"Cultist","floor":2,"turns":3},{"damage":0,"enemies":"Jaw Worm","floor":3,"turns":4},{"damage":6,"enemies":"Red Slaver","floor":5,"turns":3},{"damage":41,"enemies":"3 Sentries","floor":6,"turns":10},{"damage":11,"enemies":"Looter","floor":7,"turns":4},{"damage":29,"enemies":"Lagavulin","floor":8,"turns":8},{"damage":20,"enemies":"3 Sentries","floor":10,"turns":6},{"damage":3,"enemies":"2 Fungi Beasts","floor":12,"turns":4},{"damage":17,"enemies":"Gremlin Gang","floor":14,"turns":5},{"damage":114,"enemies":"Hexaghost","floor":16,"turns":12}],"seed_played":"765134019690178627","potions_obtained":[{"floor":7,"key":"BloodPotion"},{"floor":8,"key":"SpeedPotion"},{"floor":10,"key":"Dexterity Potion"}],"is_trial":false,"path_per_floor":["M","M","M","?","M","E","M","E","T","E","R","M","$","M","R","B"],"character_chosen":"IRONCLAD","items_purchased":["Vajra","Corruption"],"campfire_rested":2,"item_purchase_floors":[13,13],"current_hp_per_floor":[78,80,80,80,80,45,44,21,21,11,52,59,59,52,95,0,0],"gold":17,"neow_bonus":"THREE_RARE_CARDS","is_daily":false,"chose_seed":false,"campfire_upgraded":0,"win_rate":0.0,"timestamp":1612205046,"path_taken":["M","M","M","?","?","E","M","E","T","E","R","M","$","M","R","BOSS"],"items_purchased_type":["Relic","Card"],"build_version":"2020-12-22","purchased_purges":0,"victory":false,"max_hp_per_floor":[80,80,80,80,80,80,84,84,84,88,88,92,92,96,96,96,96],"card_choices":[{"not_picked":["Offering","Berserk"],"picked":"Immolate","floor":0},{"not_picked":["Anger","True Grit"],"picked":"Armaments","floor":1},{"not_picked":["Flex","Perfected Strike"],"picked":"Flame Barrier","floor":2},{"not_picked":["Searing Blow","Inflame"],"picked":"Uppercut","floor":3},{"not_picked":["Headbutt","Perfected Strike"],"picked":"Havoc","floor":5},{"not_picked":["Shrug It Off","Cleave+1"],"picked":"Feed+1","floor":6},{"not_picked":["Clash+1","Heavy Blade+1"],"picked":"Searing Blow+1","floor":7},{"not_picked":["Entrench","Spot Weakness"],"picked":"Shrug It Off","floor":8},{"not_picked":["Clash+1","Combust","Havoc"],"picked":"SKIP","floor":10},{"not_picked":["Body Slam+1","Thunderclap+1"],"picked":"Shrug It Off","floor":12},{"not_picked":["Feed+1","Clothesline+1"],"picked":"Dark Embrace","floor":14}],"player_experience":314497,"relics_obtained":[{"floor":6,"key":"Molten Egg 2"},{"floor":8,"key":"Bag of Marbles"},{"floor":9,"key":"Regal Pillow"},{"floor":10,"key":"The Courier"}],"event_choices":[{"damage_healed":0,"gold_gain":0,"player_choice":"2 cards matched","damage_taken":0,"max_hp_gain":0,"max_hp_loss":0,"event_name":"Match and Keep!","floor":4,"gold_loss":0,"cards_obtained":["Bash","Rage"]}],"is_beta":false,"boss_relics":[],"items_purged_floors":[],"is_endless":false,"potions_floor_spawned":[7,8,10,12],"killed_by":"Hexaghost","ascension_level":10}}