{"host":"o4rzrhgcrsb15v7q","time":1612144657,"event":{"mods":["AchievementEnabler","BaseMod","Minty Spire (QoL Compilation)","Permanent Neow"],"gold_per_floor":[362,373,373,373,16,16,43,58,58,68,13,29,29,43,43,116,116,129,129,54,73,73,99,99,132,132,132,150,166,87,122,122,122,122],"floor_reached":33,"language":"ENG","playtime":2367,"items_purged":["Strike_G"],"score":603,"play_id":"e862be7a-70c0-46f8-91c3-c3926eb2c38b","local_time":"20210131175737","is_ascension_mode":true,"campfire_choices":[{"data":"Neutralize","floor":6.0,"key":"SMITH"},{"data":"Skewer","floor":13.0,"key":"SMITH"},{"data":"Skewer","floor":15.0,"key":"SMITH"},{"data":"Venomology","floor":24,"key":"SMITH"},{"floor":27,"key":"REST"},{"floor":32,"key":"REST"}],"circlet_count":0,"master_deck":["AscendersBane","Strike_G","Strike_G","Defend_G","Defend_G","Defend_G","Defend_G","Defend_G","Survivor","Neutralize+1","Backstab","Poisoned Stab","Masterful Stab","Skewer+1","Deadly Poison","Skewer+1","Die Die Die","All Out Attack","Die Die Die","Crippling Poison","Venomology+1","Normality","Backstab","Backflip+1","Well Laid Plans","Malaise+1"],"relics":["Ring of the Snake","Lizard Tail","Question Card","Mercury Hourglass","Singing Bowl","Cursed Key","Calipers","Matryoshka","Juzu Bracelet","Toxic Egg 2","Red Mask"],"acts_visited":["Exordium","TheCity"],"potions_floor_usage":[16,16,23,25,25,25,28,33],"damage_taken":[{"damage":1.0,"enemies":"Small Slimes","floor":1.0,"turns":6.0},{"damage":0.0,"enemies":"2 Louse","floor":2.0,"turns":2.0},{"damage":17.0,"enemies":"Lagavulin","floor":7.0,"turns":8.0},{"damage":0.0,"enemies":"Cultist","floor":8.0,"turns":2.0},{"damage":2.0,"enemies":"Lots of Slimes","floor":10.0,"turns":3.0},{"damage":0.0,"enemies":"3 Louse","floor":12.0,"turns":2.0},{"damage":0.0,"enemies":"Looter","floor":14.0,"turns":1.0},{"damage":0,"enemies":"Slime Boss","floor":16,"turns":3},{"damage":0,"enemies":"Chosen","floor":18,"turns":3},{"damage":0,"enemies":"3 Byrds","floor":21,"turns":3},{"damage":15,"enemies":"Slavers","floor":23,"turns":3},{"damage":42,"enemies":"Book of Stabbing","floor":25,"turns":6},{"damage":24,"enemies":"Centurion and Healer","floor":28,"turns":6},{"damage":11,"enemies":"Chosen and Byrds","floor":29,"turns":5},{"damage":6,"enemies":"Masked Bandits","floor":31,"turns":3},{"damage":30,"enemies":"Collector","floor":33,"turns":2}],"seed_played":"-7170742102438309558","potions_obtained":[{"floor":1.0,"key":"SteroidPotion"},{"floor":2.0,"key":"Fruit Juice"},{"floor":8.0,"key":"FearPotion"},{"floor":18,"key":"SpeedPotion"},{"floor":21,"key":"SkillPotion"},{"floor":23,"key":"ColorlessPotion"}],"is_trial":false,"path_per_floor":["M","M","?","?","$","R","E","M","T","M","$","M","R","M","R","B",null,"M","?","$","M","?","E","R","E","T","R","M","M","$","?","R","B"],"character_chosen":"THE_SILENT","items_purchased":["Question Card","Masterful Stab","Strength Potion","Well Laid Plans"],"campfire_rested":2,"item_purchase_floors":[5,5,11,30],"current_hp_per_floor":[58,58,51,51,51,51,34,34,34,32,37,37,37,37,37,37,58,58,58,58,60,42,27,27,24,24,46,22,11,11,5,27,0,0],"gold":122,"neow_bonus":"TWO_FIFTY_GOLD","is_daily":false,"chose_seed":false,"campfire_upgraded":4,"win_rate":0.0,"timestamp":1612144657,"path_taken":["M","M","?","?","$","R","E","?","T","M","?","M","R","M","R","BOSS","M","?","$","?","?","E","R","E","T","R","M","M","$","?","R","BOSS"],"items_purchased_type":["Relic","Card","Potion","Card"],"build_version":"2020-12-22","purchased_purges":1,"victory":false,"max_hp_per_floor":[60,60,60,60,60,60,60,60,60,60,65,65,65,65,65,65,65,65,65,65,67,72,72,72,74,74,74,74,74,74,74,74,74,74],"card_choices":[{"not_picked":["Outmaneuver","Masterful Stab"],"picked":"Backstab","floor":1.0},{"not_picked":["Endless Agony","Blade Dance"],"picked":"Poisoned Stab","floor":2.0},{"not_picked":["Noxious Fumes","Caltrops","Night Terror"],"picked":"Skewer","floor":7.0},{"not_picked":["Setup","Dodge and Roll","Blade Dance"],"picked":"Deadly Poison","floor":8.0},{"not_picked":["Slice","Deadly Poison","Poisoned Stab"],"picked":"Skewer","floor":10.0},{"not_picked":["Blade Dance","Cloak And Dagger","Choke"],"picked":"Die Die Die","floor":12.0},{"not_picked":["Acrobatics","Slice","Deadly Poison"],"picked":"All Out Attack","floor":14.0},{"not_picked":["Burst","Venomology","Bullet Time"],"picked":"Die Die Die","floor":16},{"not_picked":["Reflex","Dagger Throw","Tactician"],"picked":"Crippling Poison","floor":18},{"not_picked":["Cloak And Dagger","Setup","Deflect","Dagger Throw"],"picked":"Singing Bowl","floor":21},{"not_picked":["Endless Agony","Acrobatics","Eviscerate"],"picked":"Venomology","floor":23},{"not_picked":["Reflex+1","Backflip","Concentrate","Finisher"],"picked":"Singing Bowl","floor":25},{"not_picked":["Dagger Throw","Prepared+1","Reflex+1"],"picked":"Backstab","floor":28},{"not_picked":["Underhanded Strike","Deflect+1","Choke"],"picked":"Backflip+1","floor":29},{"not_picked":["Slice","Outmaneuver+1","Escape Plan+1"],"picked":"Malaise+1","floor":31}],"player_experience":1887880,"relics_obtained":[{"floor":7.0,"key":"Mercury Hourglass"},{"floor":9.0,"key":"Singing Bowl"},{"floor":23,"key":"Calipers"},{"floor":25,"key":"Matryoshka"},{"floor":26,"key":"Juzu Bracelet"},{"floor":26,"key":"Toxic Egg 2"},{"floor":31,"key":"Red Mask"}],"event_choices":[{"cards_removed":["Strike_G"],"damage_healed":0.0,"max_hp_gain":0.0,"max_hp_loss":0.0,"gold_gain":0.0,"event_name":"Golden Wing","player_choice":"Card Removal","floor":3.0,"gold_loss":0.0,"damage_taken":7.0},{"damage_healed":0.0,"max_hp_gain":0.0,"max_hp_loss":0.0,"gold_gain":0.0,"event_name":"WeMeetAgain","player_choice":"Gave Potion","floor":4.0,"gold_loss":0.0,"damage_taken":0.0,"relics_obtained":["Lizard Tail"]},{"cards_removed":["Strike_G"],"damage_healed":0,"gold_gain":0,"player_choice":"Offered Basic","damage_taken":0,"max_hp_gain":0,"max_hp_loss":0,"event_name":"Bonfire Elementals","floor":19,"gold_loss":0},{"damage_healed":0,"gold_gain":0,"player_choice":"Shed Blood","damage_taken":23,"max_hp_gain":5,"max_hp_loss":0,"event_name":"Forgotten Altar","floor":22,"gold_loss":0},{"damage_healed":0,"gold_gain":0,"player_choice":"Fought Bandits","damage_taken":0,"max_hp_gain":0,"max_hp_loss":0,"event_name":"Masked Bandits","floor":31,"gold_loss":0}],"is_beta":false,"boss_relics":[{"not_picked":["Philosopher\u0027s Stone","Runic Pyramid"],"picked":"Cursed Key"}],"items_purged_floors":[20],"is_endless":false,"potions_floor_spawned":[1,2,8,14,18,21,23],"killed_by":"Collector","ascension_level":16}}