{"host":"x3688v8yj57o2b0e","time":1612144061,"event":{"mods":["BaseMod","Minty Spire (QoL Compilation)"],"gold_per_floor":[13,31,31,55,55,71,71,112,112,159,159,191,9,32,32,170,224,253,45,41,64,33,33,33],"floor_reached":23,"language":"ENG","playtime":1141,"items_purged":["WreathOfFlame"],"score":264,"play_id":"b2ac7966-770a-4c84-a208-3fe69509f44f","local_time":"20210131204741","is_ascension_mode":true,"campfire_choices":[{"data":"Vigilance","floor":7,"key":"SMITH"},{"floor":11,"key":"REST"},{"floor":15,"key":"REST"}],"circlet_count":0,"master_deck":["Eruption","Vigilance+1","LessonLearned","Scrawl+1","Adaptation","CutThroughFate","CutThroughFate+1","BattleHymn","Devotion","EmptyBody","Tantrum","Conclude","Crescendo","DeusExMachina","Collect","LessonLearned","Evaluate","JustLucky","Crescendo","Tantrum","ClearTheMind","FlurryOfBlows","EmptyFist+1","WheelKick","CutThroughFate","ClearTheMind"],"relics":["PureWater","Golden Idol","Blue Candle","Happy Flower","Singing Bowl","CeramicFish","Membership Card","Pandora\u0027s Box","Kunai"],"acts_visited":["Exordium","TheCity"],"potions_floor_usage":[2,10,21],"damage_taken":[{"damage":12,"enemies":"2 Louse","floor":1,"turns":3},{"damage":15,"enemies":"Jaw Worm","floor":2,"turns":5},{"damage":0,"enemies":"Cultist","floor":4,"turns":3},{"damage":5,"enemies":"Red Slaver","floor":6,"turns":3},{"damage":14,"enemies":"3 Sentries","floor":8,"turns":6},{"damage":28,"enemies":"Gremlin Nob","floor":10,"turns":3},{"damage":12,"enemies":"Exordium Thugs","floor":12,"turns":4},{"damage":0,"enemies":"Blue Slaver","floor":14,"turns":4},{"damage":0,"enemies":"Slime Boss","floor":16,"turns":4},{"damage":31,"enemies":"3 Byrds","floor":18,"turns":3},{"damage":20,"enemies":"2 Thieves","floor":21,"turns":2},{"damage":25,"enemies":"Centurion and Healer","floor":23,"turns":3}],"seed_played":"2434101549485567629","potions_obtained":[{"floor":1,"key":"SteroidPotion"},{"floor":6,"key":"Regen Potion"},{"floor":12,"key":"SpeedPotion"},{"floor":16,"key":"SteroidPotion"},{"floor":21,"key":"DuplicationPotion"}],"is_trial":false,"path_per_floor":["M","M","?","M","T","M","R","E","T","E","R","M","$","M","R","B",null,"M","$","$","M","$","M"],"character_chosen":"WATCHER","items_purchased":["Membership Card","Conclude","Kunai","ClearTheMind","FlurryOfBlows","PowerPotion","EmptyFist","CutThroughFate","ClearTheMind"],"campfire_rested":2,"item_purchase_floors":[13,13,19,19,19,19,20,22,22],"current_hp_per_floor":[60,45,45,45,45,40,40,26,26,7,27,15,15,15,35,35,67,36,36,36,16,16,0,0],"gold":33,"neow_bonus":"TRANSFORM_TWO_CARDS","is_daily":false,"chose_seed":false,"campfire_upgraded":1,"win_rate":0.0,"timestamp":1612144061,"path_taken":["M","M","?","M","?","M","R","E","T","E","R","M","?","?","R","BOSS","M","?","$","M","?","M"],"items_purchased_type":["Relic","Card","Relic","Card","Card","Potion","Card","Card","Card"],"build_version":"2020-12-22","purchased_purges":1,"victory":false,"max_hp_per_floor":[72,72,67,67,67,67,67,67,67,67,67,67,67,67,67,67,67,67,67,67,67,67,67,67],"card_choices":[{"not_picked":["Wireheading","FollowUp"],"picked":"Adaptation","floor":1},{"not_picked":["Halt","EmptyFist"],"picked":"CutThroughFate","floor":2},{"not_picked":["DeceiveReality","MentalFortress"],"picked":"CutThroughFate","floor":4},{"not_picked":["CrushJoints","Perseverance"],"picked":"BattleHymn","floor":6},{"not_picked":["Fasting2","CrushJoints"],"picked":"Devotion","floor":8},{"not_picked":["Omniscience","Sanctity"],"picked":"EmptyBody","floor":10},{"not_picked":["Worship","EmptyMind"],"picked":"Tantrum","floor":12},{"not_picked":["TalkToTheHand","SashWhip"],"picked":"Crescendo","floor":14},{"not_picked":["Scrawl","Judgement"],"picked":"DeusExMachina","floor":16},{"not_picked":["Vengeance","JustLucky"],"picked":"Tantrum","floor":18},{"not_picked":["Protect+1","Crescendo"],"picked":"WheelKick","floor":21}],"player_experience":194349,"relics_obtained":[{"floor":5,"key":"Blue Candle"},{"floor":8,"key":"Happy Flower"},{"floor":9,"key":"Singing Bowl"},{"floor":10,"key":"CeramicFish"}],"event_choices":[{"damage_healed":0,"gold_gain":0,"player_choice":"Lose Max HP","damage_taken":0,"relics_obtained":["Golden Idol"],"max_hp_gain":0,"max_hp_loss":5,"event_name":"Golden Idol","floor":3,"gold_loss":0}],"is_beta":false,"boss_relics":[{"not_picked":["SlaversCollar","Tiny House"],"picked":"Pandora\u0027s Box"}],"items_purged_floors":[19],"is_endless":false,"potions_floor_spawned":[1,6,12,16,21],"killed_by":"Centurion and Healer","ascension_level":1}}