{"host":"dpbezu80jg8zk7un","time":1612195145,"event":{"mods":["BaseMod","Colored Map","Colored Powertips","Custom Start","DeckTracker","Minty Spire (QoL Compilation)","Quick Restart","StSLib","SuperFastMode"],"gold_per_floor":[113,127,52,52,52,52,83,83,83,83,97,97,135,135,135,226,226,246,121,137,412,437,437,472,472,553,587,323,448,448,448,448,520,520,535,552,427,427,441,441,473,283,352,363,381,416,431,446,446,446,446,446,446,52,83,83],"floor_reached":57,"language":"KOR","playtime":2125,"items_purged":["Defend_P","Defend_P","Strike_P+1","Defend_P+1","Eruption+1"],"score":3137,"play_id":"a1d76139-d76b-411c-b001-ec574f6220d9","local_time":"20210202005905","is_ascension_mode":true,"campfire_choices":[{"data":"Eruption","floor":6.0,"key":"SMITH"},{"data":"Adaptation","floor":8.0,"key":"SMITH"},{"data":"EmptyMind","floor":15.0,"key":"SMITH"},{"floor":23.0,"key":"REST"},{"floor":25.0,"key":"REST"},{"floor":30.0,"key":"REST"},{"floor":32.0,"key":"REST"},{"floor":49.0,"key":"RECALL"},{"data":"FearNoEvil","floor":53.0,"key":"SMITH"}],"circlet_count":0,"master_deck":["AscendersBane","Vigilance+1","EmptyMind+1","FlurryOfBlows+1","Adaptation+1","Vault+1","LessonLearned+1","Adaptation+1","CrushJoints+1","Tantrum+1","TalkToTheHand+1","Vault+1","MentalFortress+1","FearNoEvil+1"],"relics":["PureWater","NeowsBlessing","Gremlin Horn","Mango","Bloody Idol","Omamori","Empty Cage","StoneCalendar","Singing Bowl","Frozen Egg 2","Letter Opener","Vajra","Incense Burner","Shuriken","Runic Dome","Kunai","Bottled Flame","Happy Flower","TheAbacus","Damaru"],"acts_visited":["Exordium","TheCity","TheBeyond","TheEnding"],"potions_floor_usage":[56],"damage_taken":[{"damage":0.0,"enemies":"Cultist","floor":1.0,"turns":1.0},{"damage":0.0,"enemies":"2 Louse","floor":2.0,"turns":1.0},{"damage":0.0,"enemies":"Gremlin Nob","floor":7.0,"turns":1.0},{"damage":0.0,"enemies":"Small Slimes","floor":11.0,"turns":2.0},{"damage":2.0,"enemies":"3 Sentries","floor":13.0,"turns":4.0},{"damage":29.0,"enemies":"The Guardian","floor":16.0,"turns":15.0},{"damage":14.0,"enemies":"Shell Parasite","floor":18.0,"turns":4.0},{"damage":16.0,"enemies":"Chosen","floor":20.0,"turns":7.0},{"damage":0.0,"enemies":"Centurion and Healer","floor":22.0,"turns":4.0},{"damage":39.0,"enemies":"Slavers","floor":24.0,"turns":6.0},{"damage":9.0,"enemies":"Gremlin Leader","floor":27.0,"turns":6.0},{"damage":14.0,"enemies":"Colosseum Slavers","floor":29.0,"turns":3.0},{"damage":0.0,"enemies":"Colosseum Nobs","floor":29.0,"turns":3.0},{"damage":2.0,"enemies":"Champ","floor":33.0,"turns":5.0},{"damage":0.0,"enemies":"3 Darklings","floor":35.0,"turns":3.0},{"damage":0.0,"enemies":"3 Shapes","floor":36.0,"turns":3.0},{"damage":0.0,"enemies":"Jaw Worm Horde","floor":39.0,"turns":2.0},{"damage":0.0,"enemies":"Giant Head","floor":41.0,"turns":4.0},{"damage":0.0,"enemies":"Transient","floor":44.0,"turns":6.0},{"damage":0.0,"enemies":"4 Shapes","floor":45.0,"turns":3.0},{"damage":0.0,"enemies":"Reptomancer","floor":46.0,"turns":3.0},{"damage":0.0,"enemies":"Writhing Mass","floor":47.0,"turns":3.0},{"damage":0.0,"enemies":"Spire Growth","floor":48.0,"turns":3.0},{"damage":0.0,"enemies":"Time Eater","floor":50.0,"turns":6.0},{"damage":0.0,"enemies":"Donu and Deca","floor":51.0,"turns":3.0},{"damage":0.0,"enemies":"Shield and Spear","floor":55.0,"turns":2.0},{"damage":48,"enemies":"The Heart","floor":56,"turns":7}],"seed_played":"-9134377337308592919","potions_obtained":[{"floor":2.0,"key":"Explosive Potion"},{"floor":11.0,"key":"DuplicationPotion"},{"floor":20.0,"key":"Energy Potion"},{"floor":27.0,"key":"SpeedPotion"},{"floor":33.0,"key":"Strength Potion"},{"floor":44.0,"key":"PowerPotion"}],"is_trial":false,"path_per_floor":["M","M","$","?","?","R","E","R","T","?","M","T","E","?","R","B",null,"M","?","M","?","M","R","E","R","T","E","$","?","R","?","R","B",null,"M","M","$","?","M","?","E","$","T","M","M","E","M","M","R","B","B",null,"R","$","E","B",null],"character_chosen":"WATCHER","items_purchased":["Vajra","MentalFortress+1","TheAbacus","Swift Potion"],"campfire_rested":4,"item_purchase_floors":[28,42,54,54],"current_hp_per_floor":[61,61,61,54,59,59,59,59,73,73,73,73,71,71,71,42,70,56,56,40,40,40,63,24,47,47,38,38,24,47,47,70,75,80,83,85,85,85,87,87,89,89,89,91,93,95,97,97,97,97,97,97,97,97,99,51],"gold":83,"neow_bonus":"THREE_ENEMY_KILL","is_daily":false,"chose_seed":false,"campfire_upgraded":4,"win_rate":0.0,"timestamp":1612195145,"path_taken":["M","M","?","?","?","R","E","R","T","?","?","?","E","?","R","BOSS","M","?","?","?","M","R","E","R","T","E","?","?","R","?","R","BOSS","M","M","$","?","?","?","E","?","T","M","?","E","M","M","R","BOSS","BOSS","R","$","E","BOSS"],"items_purchased_type":["Relic","Card","Relic","Potion"],"build_version":"2020-12-22","purchased_purges":5,"victory":true,"max_hp_per_floor":[68,68,68,68,73,73,73,73,87,79,79,79,79,79,79,79,79,79,79,79,79,79,79,79,79,79,79,79,79,79,79,79,81,81,83,85,85,85,87,87,89,89,89,91,93,95,97,97,97,97,97,97,97,97,99,99],"card_choices":[{"not_picked":["SashWhip","EmptyBody"],"picked":"EmptyMind","floor":1.0},{"not_picked":["Sanctity","Prostrate"],"picked":"FlurryOfBlows","floor":2.0},{"not_picked":["FollowUp","FlurryOfBlows"],"picked":"Adaptation","floor":7.0},{"not_picked":["Prostrate","LikeWater","Sanctity"],"picked":"SKIP","floor":11.0},{"not_picked":["WaveOfTheHand","Halt"],"picked":"Vault","floor":13.0},{"not_picked":["ConjureBlade","Vault"],"picked":"LessonLearned","floor":16.0},{"not_picked":["EmptyBody","Worship","FollowUp"],"picked":"SKIP","floor":18.0},{"not_picked":["Halt+1","Weave"],"picked":"Adaptation","floor":20.0},{"not_picked":["Protect","Worship","JustLucky+1"],"picked":"SKIP","floor":22.0},{"not_picked":["BowlingBash","Establishment"],"picked":"CrushJoints","floor":24.0},{"not_picked":["EmptyFist","Prostrate"],"picked":"Tantrum+1","floor":27.0},{"not_picked":["SashWhip+1","FlyingSleeves"],"picked":"TalkToTheHand","floor":29.0},{"not_picked":["DevaForm+1","Alpha","Wish"],"picked":"Singing Bowl","floor":33.0},{"not_picked":["Protect+1","Consecrate","BattleHymn+1"],"picked":"Singing Bowl","floor":35.0},{"not_picked":["FollowUp","Evaluate","EmptyFist"],"picked":"Singing Bowl","floor":36.0},{"not_picked":["FlyingSleeves+1","Evaluate","DeceiveReality"],"picked":"Singing Bowl","floor":39.0},{"not_picked":["ClearTheMind+1","SandsOfTime","ForeignInfluence"],"picked":"Singing Bowl","floor":41.0},{"not_picked":["ClearTheMind+1","ConjureBlade","SashWhip"],"picked":"Singing Bowl","floor":44.0},{"not_picked":["Adaptation+1","CarveReality+1","Evaluate"],"picked":"Singing Bowl","floor":45.0},{"not_picked":["Swivel","EmptyFist","TalkToTheHand"],"picked":"Singing Bowl","floor":46.0},{"not_picked":["Sanctity","EmptyFist","CutThroughFate+1"],"picked":"Singing Bowl","floor":47.0},{"not_picked":["Prostrate+1","SignatureMove"],"picked":"FearNoEvil","floor":48.0},{"not_picked":["Consecrate","MasterReality+1","Wireheading+1"],"picked":"Singing Bowl","floor":55.0}],"player_experience":2940516,"relics_obtained":[{"floor":7.0,"key":"Gremlin Horn"},{"floor":9.0,"key":"Mango"},{"floor":13.0,"key":"Omamori"},{"floor":24.0,"key":"Singing Bowl"},{"floor":26.0,"key":"Frozen Egg 2"},{"floor":27.0,"key":"Letter Opener"},{"floor":29.0,"key":"Incense Burner"},{"floor":29.0,"key":"Shuriken"},{"floor":41.0,"key":"Kunai"},{"floor":43.0,"key":"Bottled Flame"},{"floor":46.0,"key":"Happy Flower"},{"floor":55.0,"key":"Damaru"}],"event_choices":[{"cards_removed":["Strike_P"],"damage_healed":0.0,"max_hp_gain":0.0,"max_hp_loss":0.0,"gold_gain":0.0,"event_name":"Golden Wing","player_choice":"Card Removal","floor":4.0,"gold_loss":0.0,"damage_taken":7.0},{"damage_healed":0.0,"max_hp_gain":5.0,"max_hp_loss":0.0,"gold_gain":0.0,"event_name":"Big Fish","player_choice":"Donut","floor":5.0,"gold_loss":0.0,"damage_taken":0.0},{"damage_healed":0.0,"max_hp_gain":0.0,"max_hp_loss":8.0,"gold_gain":0.0,"event_name":"Golden Idol","player_choice":"Lose Max HP","floor":10.0,"gold_loss":0.0,"damage_taken":0.0,"relics_obtained":["Golden Idol"]},{"cards_removed":["Defend_P"],"damage_healed":0.0,"max_hp_gain":0.0,"max_hp_loss":0.0,"gold_gain":0.0,"event_name":"Bonfire Elementals","player_choice":"Offered Basic","floor":14.0,"gold_loss":0.0,"damage_taken":0.0},{"damage_healed":0.0,"max_hp_gain":0.0,"max_hp_loss":0.0,"gold_gain":0.0,"event_name":"WeMeetAgain","player_choice":"Paid Gold","floor":19.0,"gold_loss":125.0,"damage_taken":0.0,"relics_obtained":["StoneCalendar"]},{"damage_healed":0.0,"max_hp_gain":0.0,"max_hp_loss":0.0,"gold_gain":275.0,"event_name":"Golden Shrine","player_choice":"Desecrate","floor":21.0,"gold_loss":0.0,"damage_taken":0.0,"cards_obtained":["Regret"]},{"damage_healed":0.0,"max_hp_gain":0.0,"max_hp_loss":0.0,"gold_gain":0.0,"event_name":"Colosseum","player_choice":"Fight","floor":29.0,"gold_loss":0.0,"damage_taken":0.0},{"damage_healed":0.0,"max_hp_gain":0.0,"max_hp_loss":0.0,"gold_gain":0.0,"event_name":"Colosseum","player_choice":"Fought Nobs","floor":29.0,"gold_loss":0.0,"damage_taken":0.0},{"damage_healed":0.0,"max_hp_gain":0.0,"max_hp_loss":0.0,"gold_gain":0.0,"event_name":"Forgotten Altar","player_choice":"Gave Idol","floor":31.0,"relics_lost":["Golden Idol"],"gold_loss":0.0,"damage_taken":0.0,"relics_obtained":["Bloody Idol"]},{"damage_healed":0.0,"max_hp_gain":0.0,"max_hp_loss":0.0,"gold_gain":0.0,"event_name":"Duplicator","player_choice":"Copied","floor":38.0,"gold_loss":0.0,"damage_taken":0.0,"cards_obtained":["Vault"]},{"damage_healed":0.0,"max_hp_gain":0.0,"max_hp_loss":0.0,"gold_gain":0.0,"event_name":"Upgrade Shrine","player_choice":"Ignored","floor":40.0,"gold_loss":0.0,"damage_taken":0.0}],"is_beta":false,"boss_relics":[{"not_picked":["SlaversCollar","Calling Bell"],"picked":"Empty Cage"},{"not_picked":["Snecko Eye","Velvet Choker"],"picked":"Runic Dome"}],"items_purged_floors":[3,28,37,42,54],"is_endless":false,"potions_floor_spawned":[2,11,20,27,29,33,35,44,46],"ascension_level":20}}