{"host":"f0gpob8hq9vgebej","time":1612197661,"event":{"mods":["AchievementEnabler","BaseMod","Minty Spire (QoL Compilation)","Quick Restart","SuperFastMode"],"gold_per_floor":[116,134,134,152,152,152,184,204,231,257,257,282,300,316,316,388,388,402,32,32,32,46,46,46,46,46,59,72,72,72],"floor_reached":29,"language":"KOR","playtime":704,"items_purged":["Reprogram"],"score":446,"play_id":"fc9a93f9-b36f-4036-9f26-659845899559","local_time":"20210202014101","is_ascension_mode":true,"campfire_choices":[{"data":"Dualcast","floor":6.0,"key":"SMITH"},{"data":"Sunder","floor":11.0,"key":"SMITH"},{"data":"Creative AI","floor":15.0,"key":"SMITH"},{"data":"Buffer","floor":23,"key":"SMITH"},{"data":"Capacitor","floor":25,"key":"SMITH"}],"circlet_count":0,"master_deck":["AscendersBane","Zap","Dualcast+1","Consume+1","Ball Lightning","Barrage","Capacitor+1","Sunder+1","Creative AI+1","Turbo","Buffer+1","BootSequence","Stack","Rainbow","Undo","Chill","Skim","Amplify","BootSequence","Static Discharge+1","Tempest","Conserve Battery","Loop","Hologram"],"relics":["Cracked Core","Toy Ornithopter","Lantern","Happy Flower","Oddly Smooth Stone","Bag of Marbles","Pandora\u0027s Box","ClockworkSouvenir","Turnip"],"acts_visited":["Exordium","TheCity"],"potions_floor_usage":[],"damage_taken":[{"damage":8.0,"enemies":"2 Louse","floor":1.0,"turns":3.0},{"damage":7.0,"enemies":"Jaw Worm","floor":2.0,"turns":4.0},{"damage":0.0,"enemies":"Cultist","floor":4.0,"turns":2.0},{"damage":0.0,"enemies":"Gremlin Nob","floor":7.0,"turns":2.0},{"damage":7.0,"enemies":"Looter","floor":8.0,"turns":3.0},{"damage":12.0,"enemies":"3 Sentries","floor":10.0,"turns":4.0},{"damage":20.0,"enemies":"Lagavulin","floor":12.0,"turns":5.0},{"damage":0.0,"enemies":"Exordium Wildlife","floor":13.0,"turns":1.0},{"damage":0.0,"enemies":"Large Slime","floor":14.0,"turns":4.0},{"damage":23.0,"enemies":"The Guardian","floor":16.0,"turns":8.0},{"damage":20,"enemies":"Shell Parasite","floor":18,"turns":6},{"damage":13,"enemies":"3 Byrds","floor":22,"turns":3},{"damage":0,"enemies":"Cultist and Chosen","floor":27,"turns":6},{"damage":20,"enemies":"3 Cultists","floor":28,"turns":5},{"damage":7,"enemies":"Snake Plant","floor":29,"turns":2}],"seed_played":"-8129882885846998580","potions_obtained":[{"floor":1.0,"key":"EntropicBrew"},{"floor":4.0,"key":"FearPotion"},{"floor":7.0,"key":"EntropicBrew"},{"floor":8.0,"key":"DistilledChaos"},{"floor":16.0,"key":"Block Potion"},{"floor":22,"key":"SteroidPotion"},{"floor":28,"key":"Block Potion"}],"is_trial":false,"path_per_floor":["M","M","?","M","?","R","E","M","T","E","R","E","M","M","R","B",null,"M","$","$","?","M","R","?","R","T","M","M","M"],"character_chosen":"DEFECT","items_purchased":["Static Discharge","Tempest","ClockworkSouvenir"],"campfire_rested":0,"item_purchase_floors":[19,19,19],"current_hp_per_floor":[60,53,38,38,38,38,53,46,46,49,49,34,34,34,34,11,59,39,39,39,39,26,26,26,26,26,26,6,0,0],"gold":72,"neow_bonus":"RANDOM_COMMON_RELIC","is_daily":false,"chose_seed":false,"campfire_upgraded":5,"win_rate":0.0,"timestamp":1612197661,"path_taken":["M","M","?","M","?","R","E","M","T","E","R","E","M","M","R","BOSS","M","?","$","?","?","R","?","R","T","M","M","?"],"items_purchased_type":["Card","Card","Relic"],"build_version":"2020-12-22","purchased_purges":1,"victory":false,"max_hp_per_floor":[75,75,75,75,75,75,75,75,75,75,75,75,75,75,75,75,75,75,75,75,75,75,75,75,75,75,75,75,75,75],"card_choices":[{"not_picked":["Darkness","Go for the Eyes"],"picked":"Consume","floor":1.0},{"not_picked":["Sunder","Blizzard"],"picked":"Ball Lightning","floor":2.0},{"not_picked":["FTL","Gash"],"picked":"Barrage","floor":4.0},{"not_picked":["Rebound","Conserve Battery"],"picked":"Capacitor","floor":7.0},{"not_picked":["Heatsinks","Barrage"],"picked":"Sunder","floor":8.0},{"not_picked":["Consume","Beam Cell","Rebound"],"picked":"SKIP","floor":10.0},{"not_picked":["Chaos","Auto Shields"],"picked":"Creative AI","floor":12.0},{"not_picked":["Sunder","Heatsinks","Rebound"],"picked":"SKIP","floor":13.0},{"not_picked":["Gash","Heatsinks"],"picked":"Turbo","floor":14.0},{"not_picked":["All For One","Multi-Cast"],"picked":"Buffer","floor":16.0},{"not_picked":["Streamline","Heatsinks"],"picked":"BootSequence","floor":18},{"not_picked":["Beam Cell","Compile Driver"],"picked":"Conserve Battery","floor":22},{"not_picked":["Ball Lightning","Leap"],"picked":"Loop","floor":27},{"not_picked":["Reinforced Body","Leap"],"picked":"Hologram","floor":28}],"player_experience":355527,"relics_obtained":[{"floor":7.0,"key":"Lantern"},{"floor":9.0,"key":"Happy Flower"},{"floor":10.0,"key":"Oddly Smooth Stone"},{"floor":12.0,"key":"Bag of Marbles"},{"floor":26,"key":"Turnip"}],"event_choices":[{"damage_healed":0.0,"max_hp_gain":0.0,"max_hp_loss":0.0,"gold_gain":0.0,"event_name":"Shining Light","player_choice":"Entered Light","floor":3.0,"gold_loss":0.0,"damage_taken":15.0,"cards_upgraded":["Defend_B","Strike_B"]},{"damage_healed":0.0,"max_hp_gain":0.0,"max_hp_loss":0.0,"gold_gain":0.0,"event_name":"Accursed Blacksmith","player_choice":"Forge","floor":5.0,"gold_loss":0.0,"damage_taken":0.0,"cards_upgraded":["Consume"]},{"damage_healed":0,"gold_gain":0,"player_choice":"Ignored","damage_taken":0,"max_hp_gain":0,"max_hp_loss":0,"event_name":"Ghosts","floor":21,"gold_loss":0},{"damage_healed":0,"gold_gain":0,"player_choice":"Upgraded","damage_taken":0,"max_hp_gain":0,"max_hp_loss":0,"event_name":"Upgrade Shrine","floor":24,"gold_loss":0,"cards_upgraded":["Static Discharge"]}],"is_beta":false,"boss_relics":[{"not_picked":["Runic Pyramid","Cursed Key"],"picked":"Pandora\u0027s Box"}],"items_purged_floors":[19],"is_endless":false,"potions_floor_spawned":[1,4,7,8,16,22,28],"killed_by":"Snake Plant","ascension_level":13}}