{"host":"uonldg9uriwfhjjx","time":1612203221,"event":{"mods":["AchievementEnabler","BaseMod","Colored Map","Colored Powertips","Curses Come First","Highlight Path","Minty Spire (QoL Compilation)","Rare Cards Sparkle","Relic Stats","StSLib","The Cursed","The Marked"],"gold_per_floor":[13,13,30,42,42,42,70,3,3,3,3,20,46,46,46,146,146,159,174,99,109,122,122,149,31,106,125,160,160,178,196,196,296,296,307,307,322,338,338,338,338,352,376,409,0,0,0,33,33,33],"floor_reached":51,"language":"ENG","playtime":9211,"items_purged":["theMarked:Strike","theMarked:Defend"],"score":898,"play_id":"8347be57-11d9-4dea-8387-d5f5bc581f81","local_time":"20210201131341","is_ascension_mode":true,"campfire_choices":[{"data":"theMarked:Levitate","floor":6.0,"key":"SMITH"},{"floor":10.0,"key":"REST"},{"data":"theMarked:Generate","floor":15.0,"key":"SMITH"},{"data":"theMarked:Polarize","floor":23.0,"key":"SMITH"},{"floor":29,"key":"REST"},{"data":"theMarked:EmpowerWeapon","floor":32,"key":"SMITH"},{"data":"Chrysalis","floor":40,"key":"SMITH"},{"data":"theMarked:TwofoldDefense","floor":46,"key":"SMITH"},{"data":"theMarked:TurnInvisible","floor":49,"key":"SMITH"}],"circlet_count":0,"master_deck":["theMarked:Strike+1","theMarked:Defend","theMarked:SoldierOfQuellstein+1","theMarked:Aftermath+1","theMarked:Levitate+1","theMarked:Polarize+1","theMarked:Generate+1","theMarked:ParalyzingBlade+1","theMarked:Levitate+1","theMarked:Friction+1","theMarked:TwofoldDefense+1","theMarked:ChannelForce+1","theMarked:Overcharge","theMarked:EmpowerWeapon+1","theMarked:Static","theMarked:TurnInvisible+1","Madness","Madness","Chrysalis+1"],"relics":["theMarked:ArtifactOfAir","Unceasing Top","Thread and Needle","Nunchaku","Astrolabe","Anchor","Letter Opener","Darkstone Periapt","theMarked:Eyepatch","Whetstone","CaptainsWheel","Happy Flower","ClockworkSouvenir","Pear"],"acts_visited":["Exordium","TheCity","TheBeyond"],"potions_floor_usage":[28,50,50],"damage_taken":[{"damage":8.0,"enemies":"Jaw Worm","floor":1.0,"turns":3.0},{"damage":2.0,"enemies":"Small Slimes","floor":3.0,"turns":3.0},{"damage":2.0,"enemies":"2 Louse","floor":4.0,"turns":2.0},{"damage":18.0,"enemies":"Gremlin Nob","floor":7.0,"turns":4.0},{"damage":4.0,"enemies":"Gremlin Gang","floor":12.0,"turns":5.0},{"damage":0.0,"enemies":"Lagavulin","floor":13.0,"turns":3.0},{"damage":20.0,"enemies":"Hexaghost","floor":16.0,"turns":10.0},{"damage":0.0,"enemies":"Chosen","floor":18.0,"turns":3.0},{"damage":6.0,"enemies":"2 Thieves","floor":19.0,"turns":2.0},{"damage":0.0,"enemies":"Chosen and Byrds","floor":21.0,"turns":3.0},{"damage":0.0,"enemies":"3 Cultists","floor":22.0,"turns":4.0},{"damage":42,"enemies":"Gremlin Leader","floor":24,"turns":8},{"damage":0,"enemies":"Sentry and Sphere","floor":27,"turns":3},{"damage":0,"enemies":"Slavers","floor":28,"turns":3},{"damage":0,"enemies":"Cultist and Chosen","floor":30,"turns":2},{"damage":0,"enemies":"Snecko","floor":31,"turns":2},{"damage":2,"enemies":"Automaton","floor":33,"turns":5},{"damage":0,"enemies":"3 Shapes","floor":35,"turns":3},{"damage":0,"enemies":"3 Darklings","floor":37,"turns":4},{"damage":0,"enemies":"Writhing Mass","floor":38,"turns":3},{"damage":0,"enemies":"Transient","floor":42,"turns":5},{"damage":0,"enemies":"Nemesis","floor":44,"turns":3},{"damage":0,"enemies":"Reptomancer","floor":48,"turns":4},{"damage":7,"enemies":"Awakened One","floor":50,"turns":8}],"seed_played":"-4291161965870246293","potions_obtained":[{"floor":1.0,"key":"BlessingOfTheForge"},{"floor":7.0,"key":"Block Potion"},{"floor":11.0,"key":"SteroidPotion"},{"floor":12.0,"key":"PowerPotion"},{"floor":19.0,"key":"BlessingOfTheForge"},{"floor":21.0,"key":"Ancient Potion"},{"floor":24,"key":"Weak Potion"},{"floor":31,"key":"Fire Potion"}],"is_trial":false,"path_per_floor":["M","?","M","M","?","R","E","$","T","R","?","M","E","$","R","B",null,"M","M","$","M","M","R","E","$","T","M","E","R","M","M","R","B",null,"M","?","M","M","?","R","?","M","T","E","$","R","?","E","R","B",null],"character_chosen":"THE_DEFAULT","items_purchased":["theMarked:Generate","theMarked:Overcharge","theMarked:EmpowerWeapon","Happy Flower","ClockworkSouvenir"],"campfire_rested":2,"item_purchase_floors":[8,25,25,45,45],"current_hp_per_floor":[62,62,60,58,44,44,26,26,26,47,47,43,43,43,43,23,70,70,64,64,64,64,64,22,22,22,22,22,43,43,43,43,41,70,70,61,61,61,61,61,61,61,61,61,61,61,61,71,71,64],"gold":33,"neow_bonus":"REMOVE_TWO","is_daily":false,"chose_seed":false,"campfire_upgraded":7,"win_rate":0.0,"timestamp":1612203221,"path_taken":["M","?","M","M","?","R","E","$","T","R","?","M","E","$","R","BOSS","M","M","$","M","?","R","E","?","T","M","E","R","M","M","R","BOSS","M","?","M","M","?","R","?","?","T","E","$","R","?","E","R","BOSS"],"items_purchased_type":["Card","Card","Card","Relic","Relic"],"build_version":"2020-12-22","purchased_purges":2,"victory":true,"max_hp_per_floor":[70,70,70,70,70,70,70,70,70,70,70,70,70,70,70,70,70,70,70,70,70,70,70,70,70,70,70,70,70,70,70,70,70,70,70,70,70,70,70,70,70,70,70,70,70,70,70,80,80,80],"relic_stats":{"Darkstone Periapt":0,"Nunchaku":[17],"Happy Flower":[4],"counters":[24,95],"Astrolabe":["theMarked:ParalyzingBlade","theMarked:Levitate","theMarked:Friction"],"Letter Opener":[593],"Whetstone":["theMarked:SwordAndMagic"],"obtain_stats":[{"Darkstone Periapt":28,"Pear":48,"Happy Flower":45,"Astrolabe":17,"Thread and Needle":9,"Letter Opener":26,"Whetstone":43,"ClockworkSouvenir":45,"theMarked:ArtifactOfAir":0,"Nunchaku":13,"Anchor":24,"CaptainsWheel":44,"Unceasing Top":7,"theMarked:Eyepatch":34},{"Darkstone Periapt":14,"Pear":23,"Happy Flower":22,"Astrolabe":7,"Thread and Needle":4,"Letter Opener":12,"Whetstone":21,"ClockworkSouvenir":22,"theMarked:ArtifactOfAir":0,"Nunchaku":6,"Anchor":12,"CaptainsWheel":22,"Unceasing Top":4,"theMarked:Eyepatch":17},{"Darkstone Periapt":56,"Pear":87,"Happy Flower":83,"Astrolabe":30,"Thread and Needle":12,"Letter Opener":50,"Whetstone":80,"ClockworkSouvenir":83,"theMarked:ArtifactOfAir":0,"Nunchaku":20,"Anchor":50,"CaptainsWheel":83,"Unceasing Top":12,"theMarked:Eyepatch":65}],"Unceasing Top":[72]},"card_choices":[{"not_picked":["theMarked:RogueSparks","theMarked:HeightenedSenses"],"picked":"theMarked:Aftermath","floor":1.0},{"not_picked":["theMarked:ElectricStrings","theMarked:WastefulAttack"],"picked":"theMarked:SwordAndMagic","floor":3.0},{"not_picked":["theMarked:TakeCover","theMarked:Improvise"],"picked":"theMarked:Levitate","floor":4.0},{"not_picked":["theMarked:Frustration","theMarked:RepellingDischarge"],"picked":"theMarked:Polarize","floor":7.0},{"not_picked":["theMarked:StartUp","theMarked:Improvise","theMarked:TwofoldDefense"],"picked":"SKIP","floor":12.0},{"not_picked":["theMarked:SwordAndMagic","theMarked:ResourceFulStrike","theMarked:CreepingChasm"],"picked":"SKIP","floor":13.0},{"not_picked":["theMarked:TakeCover","theMarked:Parry","theMarked:SwordAndMagic+1"],"picked":"SKIP","floor":18.0},{"not_picked":["theMarked:AttractMetal","theMarked:TunnelVision","theMarked:GodGivenPower+1"],"picked":"SKIP","floor":19.0},{"not_picked":["theMarked:Electrocute","theMarked:Parry+1"],"picked":"theMarked:TwofoldDefense","floor":21.0},{"not_picked":["theMarked:Overthink+1","theMarked:KeepCalmAndFight","theMarked:ElectricStrings"],"picked":"SKIP","floor":22.0},{"not_picked":["theMarked:WardOff","theMarked:ParalyzingBlade+1"],"picked":"theMarked:ChannelForce","floor":24},{"not_picked":["theMarked:ResourceFulStrike+1","theMarked:BanishingWave+1"],"picked":"theMarked:Static","floor":27},{"not_picked":["theMarked:RepellingDischarge+1","theMarked:SwordAndMagic","theMarked:HeightenedSenses"],"picked":"SKIP","floor":28},{"not_picked":["theMarked:RepellingDischarge","theMarked:SwordAndMagic+1","theMarked:BanishingStrike+1"],"picked":"SKIP","floor":30},{"not_picked":["theMarked:Electrocute","theMarked:Pokerface","theMarked:Polarize"],"picked":"SKIP","floor":31},{"not_picked":["theMarked:Vacuum","theMarked:TakeOffHeels"],"picked":"theMarked:TurnInvisible","floor":33},{"not_picked":["theMarked:TakeCover+1","theMarked:SwordAndMagic","theMarked:Maelstrom+1"],"picked":"SKIP","floor":35},{"not_picked":["theMarked:HeightenedSenses+1","theMarked:Standoff","theMarked:ChainLightning"],"picked":"SKIP","floor":37},{"not_picked":["theMarked:Determination+1","theMarked:SelfDefenseTraining+1","theMarked:ShockingTouch+1"],"picked":"SKIP","floor":38},{"not_picked":["Bandage Up","Secret Weapon"],"picked":"Chrysalis","floor":39},{"not_picked":["theMarked:Improvise","theMarked:ChainLightning+1","theMarked:Friction+1"],"picked":"SKIP","floor":42},{"not_picked":["theMarked:Overthink","theMarked:SwordAndMagic","theMarked:Improvise"],"picked":"SKIP","floor":44},{"not_picked":["theMarked:TakeCover","theMarked:Polarize+1","theMarked:RepellingDischarge+1"],"picked":"SKIP","floor":48}],"player_experience":819301,"relics_obtained":[{"floor":7.0,"key":"Unceasing Top"},{"floor":9.0,"key":"Thread and Needle"},{"floor":13.0,"key":"Nunchaku"},{"floor":24,"key":"Anchor"},{"floor":26,"key":"Letter Opener"},{"floor":28,"key":"Darkstone Periapt"},{"floor":43,"key":"Whetstone"},{"floor":44,"key":"CaptainsWheel"},{"floor":48,"key":"Pear"}],"event_choices":[{"damage_healed":0.0,"max_hp_gain":0.0,"max_hp_loss":0.0,"gold_gain":0.0,"event_name":"Living Wall","player_choice":"Grow","floor":2.0,"gold_loss":0.0,"damage_taken":0.0,"cards_upgraded":["theMarked:Aftermath"]},{"damage_healed":0.0,"max_hp_gain":0.0,"max_hp_loss":0.0,"gold_gain":0.0,"event_name":"Shining Light","player_choice":"Entered Light","floor":5.0,"gold_loss":0.0,"damage_taken":14.0,"cards_upgraded":["theMarked:SoldierOfQuellstein","theMarked:Strike"]},{"damage_healed":0.0,"max_hp_gain":0.0,"max_hp_loss":0.0,"gold_gain":0.0,"event_name":"Lab","player_choice":"Got Potions","floor":11.0,"gold_loss":0.0,"damage_taken":0.0},{"damage_healed":0,"gold_gain":0,"player_choice":"Embrace Madness","damage_taken":9,"max_hp_gain":0,"max_hp_loss":0,"event_name":"Winding Halls","floor":36,"gold_loss":0,"cards_obtained":["Madness","Madness"]},{"damage_healed":0,"gold_gain":0,"player_choice":"Memory 1","damage_taken":0,"max_hp_gain":0,"max_hp_loss":0,"event_name":"SensoryStone","floor":39,"gold_loss":0},{"damage_healed":0,"gold_gain":0,"player_choice":"Forge","damage_taken":0,"max_hp_gain":0,"max_hp_loss":0,"event_name":"Accursed Blacksmith","floor":41,"gold_loss":0,"cards_upgraded":["theMarked:ChannelForce"]},{"cards_removed":["theMarked:SwordAndMagic"],"damage_healed":0,"gold_gain":0,"player_choice":"Removed Attack","damage_taken":0,"max_hp_gain":0,"max_hp_loss":0,"event_name":"Falling","floor":47,"gold_loss":0}],"is_beta":false,"boss_relics":[{"not_picked":["Ectoplasm","Black Star"],"picked":"Astrolabe"},{"not_picked":["Empty Cage","Velvet Choker"],"picked":"theMarked:Eyepatch"}],"items_purged_floors":[20,45],"is_endless":false,"potions_floor_spawned":[1,7,12,19,21,24,27,31,35,42],"ascension_level":1}}