{"host":"dscols65uipasqd2","time":1612167905,"event":{"mods":["2.2 Compatiblity","AchievementEnabler","Aspiration","BaseMod","Colored Powertips","Downfall","Energized Spire","GifTheSpireLib","Hermit","Hubris","Infinite Spire","JesterMod","Jorbs\u0027s Wanderer Trilogy","Magitek Elite","Marisa????????","Minty Spire (QoL Compilation)","Rare Cards Sparkle","Replay The Spire","StSLib","Stuff the Spire","The Cursed","The Disciple","The Hierophant","The Judge","The Jungle","TheFirefly"],"gold_per_floor":[99,111,121,132,132,132,155,55,74,86,112,12,12,23,37,133,133,133,149,161,208,208,220,232,244,266,278,310,335,347,409,441,548,560,572,596,708,738,750,803,815,866,978,1041,1089,138,191,191,236,258],"floor_reached":51,"language":"ENG","playtime":4129,"items_purged":["Fire2","downfall:Aged"],"score":997,"play_id":"54caa16c-a9e5-4733-8150-343656c9c1f4","local_time":"20210201032505","is_ascension_mode":true,"campfire_choices":[{"floor":6,"key":"REST"},{"floor":8,"key":"RECALL"},{"floor":12,"key":"REST"},{"floor":25,"key":"REST"},{"floor":27,"key":"REST"},{"floor":30,"key":"REST"}],"circlet_count":0,"master_deck":["sneckomod:Strike","sneckomod:Strike","sneckomod:Strike+1","sneckomod:Defend","sneckomod:Defend","sneckomod:Defend","sneckomod:SnekBite","sneckomod:Unknown","sneckomod:QuickBite","sneckomod:SerpentIdol","sneckomod:UnknownClassJESTER_ORANGE","sneckomod:DiceCrush","sneckomod:QuickBite","sneckomod:UnknownRareSkill","sneckomod:UnknownClassBLUE+1","Creative AI","sneckomod:WideSting","sneckomod:UnknownClassCHRONO_GOLD","sneckomod:PureSnecko+1","sneckomod:UnknownClassMARISA_DERIVATIONS+1","TheCursedMod:Dregs","jesterMod:Sickle","sneckomod:UnknownRareSkill","ReplayTheSpireMod:Black Plague","infinitespire:Gouge","Replay:Fractal Strike","sneckomod:UnknownClassPURPLE+1","sneckomod:UnknownRareSkill","sneckomod:UnknownClassCULL_RED_COLOR+1","sneckomod:MasterEye+1","sneckomod:UnknownClassFIREFLY_COLOR","sneckomod:UnknownBoss","TheCursedMod:Dregs","sneckomod:UnknownWeak+1","sneckomod:MasterEye+1","hubris:SpecializedCircuitry+1","sneckomod:UnknownRarePower+1","bronze:WhirlingStrike","sneckomod:UnknownWeak+1","sneckomod:UnknownWeak+1","sneckomod:UnknownCommonSkill+1","Doubt","sneckomod:IronFang","sneckomod:QuickBite","sneckomod:GlitteringGambit+1","sneckomod:UnknownBlock+1","sneckomod:UnknownClassINFINITE_BLACK+1","sneckomod:UnknownClassDEFAULT_GRAY_COLOR+1","WordoMod:Petrified","hubris:DuctTapeCard","sneckomod:UnknownVulnerable+1","downfall:Haunted","sneckomod:UnknownClassTHE_BRONZE_AUTOMATON+1","sneckomod:UnknownClassBLESSING+1","sneckomod:TrashToTreasure","sneckomod:MasterEye+1","sneckomod:WideSting+1","sneckomod:UnknownStrike+1","Lento+1","Normality","Thousand_Needles+1","sneckomod:UnknownStrike+1","expansioncontent:StudyTheSpire+1","sneckomod:CheapStock+1","sneckomod:ImprovisedGuard+1","Allargando","sneckomod:UnknownCommonAttack+1","Doubt","bronze:Allocate","sneckomod:UnknownClassDEFAULT_GRAY_COLOR+1","Metallicize+1"],"relics":["sneckomod:SneckoSoul","Gambling Chip","downfall:ShatteredFragment","FaceOfCleric","downfall:HeartBlessingBlue","MealTicket","downfall:HeartBlessingRed","aspiration:SecretTechniqueScroll","Prayer Wheel","infinitespire:WardingShard","MawBank","ReplayTheSpireMod:SealedPack","Replay:Accelerometer","Ring of Greed","Ring of Misfortune","Golden Egg","Replay:Wax Seal","Prayer Wheel","Replay:Fungal Core","infinitespire:Golems Mask","hubris:DuctTape","Replay:Bandana","aspiration:Lifesprig","hubris:TenFootPole","aspiration:Nostalgia","m_BronzeBlood","Gremlin Food"],"acts_visited":["Exordium","TheCity","TheBeyond"],"potions_floor_usage":[11,16,16,16,20,28,33,33,33,33,33,37,37,40,42,47,49,50,50,50],"damage_taken":[{"damage":0,"enemies":"Small Slimes","floor":2,"turns":1},{"damage":11,"enemies":"Jaw Worm","floor":3,"turns":2},{"damage":0,"enemies":"Cultist","floor":4,"turns":2},{"damage":3,"enemies":"Red Slaver","floor":9,"turns":2},{"damage":16,"enemies":"Blue Slaver","floor":10,"turns":3},{"damage":12,"enemies":"Lagavulin","floor":11,"turns":5},{"damage":0,"enemies":"2 Fungi Beasts","floor":14,"turns":2},{"damage":8,"enemies":"Large Slime","floor":15,"turns":3},{"damage":30,"enemies":"SI_SHIV_ARCHETYPE","floor":16,"turns":5},{"damage":77,"enemies":"Shell Parasite","floor":19,"turns":3},{"damage":3,"enemies":"Centurion and Healer","floor":20,"turns":4},{"damage":35,"enemies":"Shelled Parasite and Fungi","floor":26,"turns":5},{"damage":48,"enemies":"Sentry and Sphere","floor":28,"turns":6},{"damage":15,"enemies":"3 Cultists","floor":29,"turns":5},{"damage":0,"enemies":"Shelled Parasite and Fungi","floor":32,"turns":4},{"damage":41,"enemies":"IC_MUSHROOM_ARCHETYPE","floor":33,"turns":6},{"damage":0,"enemies":"Orb Walker","floor":36,"turns":2},{"damage":19,"enemies":"infinitespire:Three Voidlings","floor":37,"turns":4},{"damage":29,"enemies":"Nightmare_Alpha","floor":37,"turns":11},{"damage":0,"enemies":"3 Shapes","floor":38,"turns":1},{"damage":41,"enemies":"Sphere and 2 Shapes","floor":40,"turns":4},{"damage":0,"enemies":"R_Hoarder","floor":42,"turns":5},{"damage":0,"enemies":"Writhing Mass","floor":44,"turns":4},{"damage":0,"enemies":"Jaw Worm Horde","floor":45,"turns":3},{"damage":0,"enemies":"downfall:FleeingMerchant","floor":46,"turns":4},{"damage":15,"enemies":"Nightmare","floor":47,"turns":7},{"damage":6,"enemies":"3 Darklings","floor":49,"turns":4},{"damage":50,"enemies":"DF_ARCHETYPE_ORBS","floor":50,"turns":6}],"seed_played":"-8787035060726669041","potions_obtained":[{"floor":2,"key":"AttackPotion"},{"floor":10,"key":"SteroidPotion"},{"floor":11,"key":"LifebloodPotion"},{"floor":14,"key":"AttackPotion"},{"floor":19,"key":"ColorlessPotion"},{"floor":20,"key":"Energy Potion"},{"floor":23,"key":"Fruit Juice"},{"floor":23,"key":"SkillPotion"},{"floor":23,"key":"LiquidBronze"},{"floor":29,"key":"Death Potion"},{"floor":33,"key":"Languid Potion"},{"floor":37,"key":"Fire Potion"},{"floor":38,"key":"bronze:BurnAndBuffPotion"},{"floor":44,"key":"Block Potion"},{"floor":47,"key":"Swift Potion"},{"floor":49,"key":"Strength Potion"}],"is_trial":false,"path_per_floor":["R","M","M","M","?","R","T","R","M","M","E","R","?","M","M","B",null,"R","M","M","?","AVR","?","T","R","M","R","M","M","R","?","M","B",null,"R","M","?","M","?","M","T","E","?","M","M","$","NM","?","M","B",null],"character_chosen":"THE_SNECKO","items_purchased":["aspiration:Lifesprig","hubris:TenFootPole","aspiration:Nostalgia","expansioncontent:StudyTheSpire","hexamod:SoulburnPotion","Regen Potion","sneckomod:CheapStock","sneckomod:ImprovisedGuard"],"campfire_rested":5,"item_purchase_floors":[46,46,46,46,46,46,46,46],"current_hp_per_floor":[60,60,49,49,49,73,73,83,81,66,55,83,88,90,83,54,97,97,81,79,79,79,79,79,99,71,100,58,44,76,76,77,37,109,109,110,64,65,65,25,25,26,26,28,29,57,64,119,120,77],"gold":258,"neow_bonus":"ONE_RARE_RELIC","is_daily":false,"chose_seed":false,"campfire_upgraded":0,"win_rate":0.0,"timestamp":1612167905,"path_taken":["R","M","M","M","?","R","T","R","M","?","E","R","?","?","M","BOSS","R","M","M","?","AVR","?","T","R","?","R","M","M","R","?","M","BOSS","R","M","?","M","?","M","T","E","?","?","M","$","NM","?","M","BOSS"],"items_purchased_type":["Relic","Relic","Relic","Card","Potion","Potion","Card","Card"],"build_version":"2020-12-22","purchased_purges":2,"victory":true,"max_hp_per_floor":[81,81,81,81,81,81,81,91,92,93,94,94,94,95,96,97,97,97,98,99,99,99,99,99,99,100,100,106,107,107,107,108,109,109,109,110,112,113,113,114,114,115,115,116,117,118,119,119,120,121],"card_choices":[{"not_picked":["sneckomod:UnknownClassINFINITE_BLACK","sneckomod:SoulRoll"],"picked":"sneckomod:UnknownClassTHE_BRONZE_AUTOMATON","floor":2},{"not_picked":["sneckomod:Unknown0Cost","sneckomod:Memorize"],"picked":"sneckomod:QuickBite","floor":3},{"not_picked":["sneckomod:UnknownUncommonSkill","sneckomod:UnknownClassTHE_CURSED_PURPLE"],"picked":"sneckomod:SerpentIdol","floor":4},{"not_picked":["sneckomod:UnknownClassCHRONO_GOLD","sneckomod:UnknownClassGREEN"],"picked":"sneckomod:UnknownClassFIREFLY_COLOR","floor":9},{"not_picked":["sneckomod:UnknownClassWORDO_MOD_COLOR","sneckomod:Unknown1Cost"],"picked":"sneckomod:UnknownClassJESTER_ORANGE","floor":10},{"not_picked":["sneckomod:UnknownClassWORDO_MOD_COLOR","sneckomod:TrashToTreasure"],"picked":"sneckomod:UnknownRareAttack","floor":11},{"not_picked":["sneckomod:UnknownX","sneckomod:UnknownClassHIEROPHANT_GOLD_COLOR"],"picked":"sneckomod:DiceCrush","floor":14},{"not_picked":["sneckomod:UnknownX","sneckomod:UnknownBlock"],"picked":"sneckomod:QuickBite","floor":15},{"not_picked":["sneckomod:Restock","sneckomod:UnlimitedRolls"],"picked":"sneckomod:UnknownRareSkill","floor":16},{"not_picked":["sneckomod:UnknownClassCHRONO_GOLD","sneckomod:UnknownUncommonSkill"],"picked":"sneckomod:UnknownClassBLUE+1","floor":19},{"not_picked":["sneckomod:Unknown2Cost+1","sneckomod:DefensiveFlair+1"],"picked":"sneckomod:WideSting","floor":20},{"not_picked":["sneckomod:DiceCrush","sneckomod:UnknownClassFIREFLY_COLOR"],"picked":"sneckomod:UnknownClassCHRONO_GOLD","floor":20},{"not_picked":["sneckomod:UnknownClassBLUE+1","sneckomod:DiceBlock+1"],"picked":"sneckomod:PureSnecko+1","floor":21},{"not_picked":["sneckomod:SlitherStrike","sneckomod:UnknownClassGUARDIAN"],"picked":"sneckomod:UnknownClassMARISA_DERIVATIONS+1","floor":21},{"not_picked":["hierophant:ChurchCoffers","Cure"],"picked":"jesterMod:Sickle","floor":22},{"not_picked":["sneckomod:SerpentMind","sneckomod:SoulExchange"],"picked":"sneckomod:UnknownRareSkill","floor":22},{"not_picked":["Dark Shackles","Replay:Sssssssssstrike"],"picked":"Jack Of All Trades","floor":22},{"not_picked":["infinitespire:Oblivion","infinitespire:DeathsTouch"],"picked":"ReplayTheSpireMod:Black Plague","floor":22},{"not_picked":["sneckomod:UnknownClassTHE_CURSED_PURPLE","sneckomod:UnknownClassCHRONO_GOLD"],"picked":"sneckomod:UnknownClassPURPLE+1","floor":26},{"not_picked":["sneckomod:Rotation","sneckomod:ImprovisedGuard"],"picked":"sneckomod:UnknownRareSkill","floor":26},{"not_picked":["sneckomod:UnknownClassLAVENDER","sneckomod:SerpentIdol"],"picked":"sneckomod:UnknownClassCULL_RED_COLOR+1","floor":28},{"not_picked":["sneckomod:DefensiveFlair","sneckomod:UnknownDraw"],"picked":"sneckomod:MasterEye+1","floor":28},{"not_picked":["sneckomod:QuickBite","sneckomod:SoulDraw"],"picked":"sneckomod:UnknownClassFIREFLY_COLOR","floor":29},{"not_picked":["sneckomod:UnknownClassDEFAULT_GRAY_COLOR","sneckomod:UnknownClassSLIMEBOUND"],"picked":"sneckomod:UnknownBoss","floor":29},{"not_picked":["sneckomod:UnknownClassTHE_BRONZE_AUTOMATON","sneckomod:UnknownDraw"],"picked":"sneckomod:UnknownWeak+1","floor":32},{"not_picked":["sneckomod:UnknownClassGREEN","sneckomod:DiceBlock"],"picked":"sneckomod:MasterEye+1","floor":32},{"not_picked":["sneckomod:Cheat","sneckomod:UnlimitedRolls"],"picked":"sneckomod:UnknownRarePower","floor":33},{"not_picked":["sneckomod:MasterEye","sneckomod:UnknownClassTHE_BRONZE_AUTOMATON+1"],"picked":"sneckomod:UnknownWeak+1","floor":36},{"not_picked":["sneckomod:UnknownClassDEFAULT_GRAY_COLOR","sneckomod:QuickBite"],"picked":"sneckomod:UnknownWeak+1","floor":36},{"not_picked":["sneckomod:Memorize+1","sneckomod:UnknownClassMARISA_DERIVATIONS+1"],"picked":"sneckomod:UnknownCommonSkill+1","floor":36},{"not_picked":["infinitespire:Gouge","ReplayTheSpireMod:Haul"],"picked":"infinitespire:SealOfDarkness+","floor":37},{"not_picked":["sneckomod:Cheat","sneckomod:QuickMove"],"picked":"sneckomod:IronFang","floor":37},{"not_picked":["sneckomod:UnknownClassGUARDIAN","sneckomod:IronFang"],"picked":"sneckomod:QuickBite","floor":38},{"not_picked":["sneckomod:SoulRoll+1","sneckomod:UnknownDraw"],"picked":"sneckomod:GlitteringGambit","floor":38},{"not_picked":["sneckomod:UnknownClassJESTER_ORANGE+1","sneckomod:QuickBite"],"picked":"sneckomod:QuickMove+1","floor":38},{"not_picked":["sneckomod:UnknownClassJESTER_ORANGE+1","sneckomod:UnknownClassWORDO_MOD_COLOR+1"],"picked":"sneckomod:UnknownBlock+1","floor":40},{"not_picked":["sneckomod:UnknownCommonAttack","sneckomod:SoulDraw+1"],"picked":"sneckomod:UnknownClassINFINITE_BLACK+1","floor":40},{"not_picked":["sneckomod:UnknownClassFIREFLY_COLOR","sneckomod:DiceCrush+1"],"picked":"sneckomod:UnknownClassDEFAULT_GRAY_COLOR+1","floor":40},{"not_picked":["sneckomod:MasterEye","sneckomod:UnlimitedRolls"],"picked":"sneckomod:UnknownVulnerable+1","floor":42},{"not_picked":["sneckomod:UnknownClassPURPLE+1","sneckomod:UnknownClassRED+1"],"picked":"sneckomod:UnknownClassTHE_BRONZE_AUTOMATON+1","floor":44},{"not_picked":["sneckomod:UnknownClassTHE_CHAMP_GRAY","sneckomod:UnknownCommonAttack"],"picked":"sneckomod:UnknownClassBLESSING+1","floor":44},{"not_picked":["sneckomod:UnknownClassGUARDIAN","sneckomod:UnknownClassBLESSING"],"picked":"sneckomod:TrashToTreasure","floor":44},{"not_picked":["sneckomod:UnknownCommonAttack","sneckomod:UnknownClassINFINITE_BLACK"],"picked":"sneckomod:MasterEye+1","floor":45},{"not_picked":["sneckomod:UnknownClassWORDO_MOD_COLOR","sneckomod:DiceBoulder+1"],"picked":"sneckomod:WideSting+1","floor":45},{"not_picked":["sneckomod:MasterEye","sneckomod:UnknownRareAttack"],"picked":"sneckomod:UnknownStrike+1","floor":45},{"not_picked":["sneckomod:TrashToTreasure","sneckomod:DefensiveFlair"],"picked":"sneckomod:UnknownStrike+1","floor":46},{"not_picked":["sneckomod:SoulDraw+1","sneckomod:SoulCleanse"],"picked":"sneckomod:UnknownCommonAttack+1","floor":47},{"not_picked":["sneckomod:UnknownCommonSkill","sneckomod:UnknownBlock"],"picked":"bronze:Allocate","floor":49},{"not_picked":["sneckomod:UnknownClassCHRONO_GOLD","sneckomod:UnknownColorless"],"picked":"sneckomod:UnknownClassDEFAULT_GRAY_COLOR+1","floor":49},{"not_picked":["sneckomod:UnknownClassHEXA_GHOST_PURPLE","sneckomod:PureSnecko"],"picked":"Metallicize+1","floor":49}],"player_experience":533843,"relics_obtained":[{"floor":11,"key":"MealTicket"},{"floor":21,"key":"infinitespire:WardingShard"},{"floor":24,"key":"Replay:Accelerometer"},{"floor":31,"key":"Ring of Greed"},{"floor":31,"key":"Ring of Misfortune"},{"floor":31,"key":"Golden Egg"},{"floor":31,"key":"Replay:Wax Seal"},{"floor":37,"key":"infinitespire:Golems Mask"},{"floor":41,"key":"hubris:DuctTape"},{"floor":42,"key":"Replay:Bandana"},{"floor":47,"key":"Gremlin Food"}],"event_choices":[{"damage_healed":0,"gold_gain":0,"player_choice":"Trade","damage_taken":0,"relics_obtained":["FaceOfCleric"],"max_hp_gain":0,"max_hp_loss":0,"event_name":"FaceTrader","floor":5,"gold_loss":0},{"cards_removed":["sneckomod:UnknownClassFIREFLY_COLOR"],"damage_healed":5,"gold_gain":0,"player_choice":"Offered Common","damage_taken":0,"max_hp_gain":0,"max_hp_loss":0,"event_name":"Bonfire Elementals","floor":13,"gold_loss":0},{"cards_removed":["sneckomod:UnknownClassFIREFLY_COLOR"],"damage_healed":5,"gold_gain":0,"player_choice":"Offered Special","damage_taken":0,"max_hp_gain":0,"max_hp_loss":0,"event_name":"Bonfire Elementals","floor":13,"gold_loss":0},{"damage_healed":0,"gold_gain":0,"player_choice":"Got Potions","damage_taken":0,"max_hp_gain":0,"max_hp_loss":0,"event_name":"Lab","floor":23,"gold_loss":0},{"cards_removed":["sneckomod:TailWhip"],"damage_healed":0,"gold_gain":0,"player_choice":"Removed Attack","damage_taken":0,"max_hp_gain":0,"max_hp_loss":0,"event_name":"Falling","floor":39,"gold_loss":0}],"is_beta":false,"boss_relics":[{"not_picked":["ReplayTheSpireMod:DimensionalGlitch","Runic Pyramid"],"picked":"aspiration:SecretTechniqueScroll"},{"not_picked":["Painkiller Herb","StuffTheSpire:ModemDavis"],"picked":"Replay:Fungal Core"}],"items_purged_floors":[22,46],"is_endless":false,"potions_floor_spawned":[2,10,11,14,19,20,29,33,37,38,44,47,49],"ascension_level":1}}