{"host":"8a3jzv7qxg3y7b6t","time":1612173475,"event":{"mods":["BaseMod","Better Third Choice","Downfall","Hermit","Minty Spire (QoL Compilation)","Relic Stats","StSLib","The Bug Knight","The Cursed"],"gold_per_floor":[114,114,64,87,87,87,121,121,121,156,168,200,228,275,287,429,441,471,483,520,555,582,637,649,649],"floor_reached":24,"language":"ENG","playtime":1193,"items_purged":[],"score":287,"play_id":"84478640-16ff-4e6d-a535-32ec1beecf27","local_time":"20210201015755","is_ascension_mode":true,"campfire_choices":[{"floor":6.0,"key":"RECALL"},{"data":"HollowMod:MantisMark","floor":8.0,"key":"SMITH"},{"floor":11.0,"key":"REST"},{"floor":15.0,"key":"REST"}],"circlet_count":0,"master_deck":["HollowMod:NailStrikeStart","HollowMod:NailStrikeStart","HollowMod:NailStrikeStart","HollowMod:NailStrikeStart","HollowMod:QuickDashStart","HollowMod:QuickDashStart","HollowMod:QuickDashStart","HollowMod:QuickDashStart","HollowMod:FocusHealStart","HollowMod:PogoStrike","HollowMod:ChannelNail","HollowMod:DashSlash","HollowMod:MantisMark+1","HollowMod:GreatSlash","HollowMod:SoulStrike","HollowMod:Weaversong","HollowMod:DescendingDark+1","HollowMod:ZotesMagnificence","HollowMod:SoulSplash","HollowMod:HuntersJournal","HollowMod:LifebloodCore"],"relics":["HollowMod:VesselMask","Golden Idol","Regal Pillow","MawBank","TungstenRod","Philosopher\u0027s Stone","MutagenicStrength","CaptainsWheel"],"acts_visited":["Exordium","TheCity"],"potions_floor_usage":[],"damage_taken":[{"damage":2.0,"enemies":"Small Slimes","floor":1.0,"turns":3.0},{"damage":2.0,"enemies":"Jaw Worm","floor":4.0,"turns":3.0},{"damage":10.0,"enemies":"Gremlin Nob","floor":7.0,"turns":3.0},{"damage":35.0,"enemies":"3 Sentries","floor":10.0,"turns":10.0},{"damage":1.0,"enemies":"2 Louse","floor":12.0,"turns":2.0},{"damage":16.0,"enemies":"Blue Slaver","floor":13.0,"turns":4.0},{"damage":23.0,"enemies":"Lagavulin","floor":14.0,"turns":5.0},{"damage":40.0,"enemies":"HollowMod:FalseKnight","floor":16.0,"turns":9.0},{"damage":18.0,"enemies":"2 Thieves","floor":18.0,"turns":4.0},{"damage":30.0,"enemies":"Shell Parasite","floor":20.0,"turns":3.0},{"damage":25.0,"enemies":"Centurion and Healer","floor":21.0,"turns":5.0},{"damage":0.0,"enemies":"Sentry and Sphere","floor":22.0,"turns":2.0},{"damage":0.0,"enemies":"Gremlin Leader","floor":23.0,"turns":5.0},{"damage":0,"enemies":"Snake Plant","floor":24,"turns":2}],"seed_played":"4531940675922095230","potions_obtained":[{"floor":4.0,"key":"AttackPotion"},{"floor":13.0,"key":"sneckomod:MuddlingPotion"},{"floor":14.0,"key":"BlessingOfTheForge"},{"floor":16.0,"key":"SpeedPotion"},{"floor":18.0,"key":"Swift Potion"},{"floor":23.0,"key":"hexamod:SoulburnPotion"}],"is_trial":false,"path_per_floor":["M","?","?","M","$","R","E","R","T","E","R","M","M","E","R","B",null,"M","?","M","M","M","E","M"],"character_chosen":"THE_BUGKNIGHT","items_purchased":[],"campfire_rested":2,"item_purchase_floors":[],"current_hp_per_floor":[80,80,80,78,78,78,74,74,74,45,82,81,71,48,82,52,82,70,70,40,15,15,15,15,15],"gold":649,"neow_bonus":"TEN_PERCENT_HP_BONUS","is_daily":false,"chose_seed":false,"campfire_upgraded":1,"win_rate":0.0,"timestamp":1612173475,"path_taken":["M","?","?","M","$","R","E","R","T","E","R","M","M","E","R","BOSS","M","?","M","M","M","E","M"],"items_purchased_type":[],"build_version":"2020-12-22","purchased_purges":0,"victory":false,"max_hp_per_floor":[82,82,82,82,82,82,82,82,82,82,82,82,82,82,82,82,82,82,82,82,82,82,82,82,82],"relic_stats":{"Regal Pillow":23,"counters":[14,60],"Golden Idol":85,"MawBank":168,"obtain_stats":[{"Regal Pillow":7,"CaptainsWheel":23,"Golden Idol":2,"MutagenicStrength":19,"HollowMod:VesselMask":0,"Philosopher\u0027s Stone":17,"MawBank":10,"TungstenRod":14},{"Regal Pillow":3,"CaptainsWheel":13,"Golden Idol":1,"MutagenicStrength":9,"HollowMod:VesselMask":0,"Philosopher\u0027s Stone":8,"MawBank":4,"TungstenRod":7},{"Regal Pillow":9,"CaptainsWheel":58,"Golden Idol":3,"MutagenicStrength":43,"HollowMod:VesselMask":0,"Philosopher\u0027s Stone":39,"MawBank":19,"TungstenRod":30}],"TungstenRod":17},"card_choices":[{"not_picked":["HollowMod:SharpenedNail","HollowMod:DreamGate"],"picked":"HollowMod:ChannelNail","floor":1.0},{"not_picked":["HollowMod:GoodIntentions","HollowMod:SharpenedNail"],"picked":"HollowMod:DashSlash","floor":4.0},{"not_picked":["HollowMod:ShapeofUnn","HollowMod:ChannelNail"],"picked":"HollowMod:MantisMark","floor":7.0},{"not_picked":["HollowMod:NewLittleFool","HollowMod:DescendingDark","HollowMod:InfectedAttack"],"picked":"SKIP","floor":10.0},{"not_picked":["HollowMod:SharpenedShadows","HollowMod:CornifersMapStart"],"picked":"HollowMod:GreatSlash","floor":12.0},{"not_picked":["HollowMod:LifebloodCocoon","HollowMod:WhiteLadysBlessing"],"picked":"HollowMod:SoulStrike","floor":13.0},{"not_picked":["HollowMod:SiblingsShadow","HollowMod:DoubleDash","HollowMod:GoodIntentions"],"picked":"SKIP","floor":14.0},{"not_picked":["HollowMod:HerrahsAnger","HollowMod:NewInfectedGuardian"],"picked":"HollowMod:Weaversong","floor":16.0},{"not_picked":["HollowMod:LifebloodCocoon","HollowMod:GoodIntentions"],"picked":"HollowMod:DescendingDark+1","floor":18.0},{"not_picked":["HollowMod:DashSlash","HollowMod:SiblingsSouls"],"picked":"HollowMod:ZotesMagnificence","floor":20.0},{"not_picked":["HollowMod:MothsMistake","HollowMod:ShadowDash"],"picked":"HollowMod:SoulSplash","floor":21.0},{"not_picked":["HollowMod:TaintedHusks+1","HollowMod:NewJinnsSoul"],"picked":"HollowMod:HuntersJournal","floor":22.0},{"not_picked":["HollowMod:GoodIntentions","HollowMod:MonomonsArchive"],"picked":"HollowMod:LifebloodCore","floor":23.0}],"player_experience":657593,"relics_obtained":[{"floor":7.0,"key":"Regal Pillow"},{"floor":10.0,"key":"MawBank"},{"floor":14.0,"key":"TungstenRod"},{"floor":23.0,"key":"CaptainsWheel"}],"event_choices":[{"damage_healed":0.0,"max_hp_gain":0.0,"max_hp_loss":0.0,"gold_gain":0.0,"event_name":"Golden Idol","player_choice":"Take Wound","floor":2.0,"gold_loss":0.0,"damage_taken":0.0,"relics_obtained":["Golden Idol"],"cards_obtained":["Injury"]},{"cards_removed":["Injury"],"damage_healed":0.0,"max_hp_gain":0.0,"max_hp_loss":0.0,"gold_gain":0.0,"event_name":"The Cleric","player_choice":"Card Removal","floor":3.0,"gold_loss":50.0,"damage_taken":0.0},{"damage_healed":0.0,"max_hp_gain":0.0,"max_hp_loss":0.0,"gold_gain":0.0,"event_name":"Drug Dealer","player_choice":"Inject Mutagens","floor":19.0,"gold_loss":0.0,"damage_taken":0.0,"relics_obtained":["MutagenicStrength"]}],"is_beta":false,"boss_relics":[{"not_picked":["Pandora\u0027s Box","Empty Cage"],"picked":"Philosopher\u0027s Stone"}],"items_purged_floors":[],"is_endless":false,"potions_floor_spawned":[4,13,14,16,18,23],"killed_by":"Snake Plant","ascension_level":2}}