{"host":"vt6dr1xq3iy14a3e","time":1612222829,"event":{"mods":["AchievementEnabler","BaseMod","Colored Map","DeckTracker","Minty Spire (QoL Compilation)","StSLib","SuperFastMode"],"gold_per_floor":[110,122,122,141,141,141,175,175,221,255,273,307,307,338,338,439,439,450,466,392,404,260,288,288,388,413,427,456,469,489,506,506,610,660,680,695,695,709,535,535,104,104,104,116,116,129,142,155,155,155,155],"floor_reached":50,"language":"KOR","playtime":3558,"items_purged":[],"score":970,"play_id":"0f2200ba-8709-476d-aeb0-78426f0d3ffc","local_time":"20210202084029","is_ascension_mode":true,"campfire_choices":[{"data":"Eruption","floor":6.0,"key":"SMITH"},{"data":"Blasphemy","floor":8.0,"key":"SMITH"},{"data":"ConjureBlade","floor":13.0,"key":"SMITH"},{"data":"Collect","floor":15.0,"key":"SMITH"},{"floor":24.0,"key":"REST"},{"floor":32.0,"key":"REST"},{"floor":42.0,"key":"REST"},{"floor":45.0,"key":"REST"},{"floor":49,"key":"REST"}],"circlet_count":0,"master_deck":["Eruption+1","Vigilance","Swivel+1","Adaptation+1","Protect","Evaluate","ConjureBlade+1","Blasphemy+1","DeceiveReality+1","FearNoEvil","FlurryOfBlows","Consecrate+1","Halt","Collect+1","InnerPeace","Indignation","Vengeance","Halt+1","Crescendo","Crescendo","MentalFortress","FlurryOfBlows","Crescendo+1","Secret Technique","Madness","EmptyBody+1"],"relics":["Pandora\u0027s Box","Vajra","Art of War","Tiny Chest","Oddly Smooth Stone","Ice Cream","VioletLotus","PreservedInsect","Ornamental Fan","Pen Nib","Darkstone Periapt","Tiny House","Membership Card","Lantern","Regal Pillow","Shuriken"],"acts_visited":["Exordium","TheCity","TheBeyond"],"potions_floor_usage":[48,50,50],"damage_taken":[{"damage":0.0,"enemies":"Cultist","floor":1.0,"turns":6.0},{"damage":4.0,"enemies":"Jaw Worm","floor":2.0,"turns":2.0},{"damage":16.0,"enemies":"Small Slimes","floor":4.0,"turns":5.0},{"damage":0.0,"enemies":"Lagavulin","floor":7.0,"turns":4.0},{"damage":0.0,"enemies":"Gremlin Nob","floor":10.0,"turns":2.0},{"damage":0.0,"enemies":"Exordium Thugs","floor":11.0,"turns":6.0},{"damage":0.0,"enemies":"Lagavulin","floor":12.0,"turns":3.0},{"damage":4.0,"enemies":"Gremlin Nob","floor":14.0,"turns":4.0},{"damage":2.0,"enemies":"The Guardian","floor":16.0,"turns":4.0},{"damage":22.0,"enemies":"3 Byrds","floor":18.0,"turns":5.0},{"damage":1.0,"enemies":"Shell Parasite","floor":19.0,"turns":4.0},{"damage":24.0,"enemies":"Snake Plant","floor":21.0,"turns":3.0},{"damage":22.0,"enemies":"Slavers","floor":23.0,"turns":3.0},{"damage":5.0,"enemies":"Chosen and Byrds","floor":27.0,"turns":4.0},{"damage":0.0,"enemies":"Gremlin Leader","floor":28.0,"turns":3.0},{"damage":3.0,"enemies":"3 Cultists","floor":29.0,"turns":4.0},{"damage":3.0,"enemies":"Sentry and Sphere","floor":30.0,"turns":4.0},{"damage":2.0,"enemies":"Snake Plant","floor":31.0,"turns":3.0},{"damage":0.0,"enemies":"Collector","floor":33.0,"turns":4.0},{"damage":20.0,"enemies":"3 Shapes","floor":35.0,"turns":5.0},{"damage":29.0,"enemies":"3 Darklings","floor":36.0,"turns":5.0},{"damage":18.0,"enemies":"Spire Growth","floor":38.0,"turns":4.0},{"damage":2.0,"enemies":"Giant Head","floor":40.0,"turns":5.0},{"damage":1.0,"enemies":"4 Shapes","floor":44.0,"turns":6.0},{"damage":4.0,"enemies":"Transient","floor":46.0,"turns":5.0},{"damage":16.0,"enemies":"Sphere and 2 Shapes","floor":47.0,"turns":6.0},{"damage":40,"enemies":"4 Shapes","floor":48,"turns":7},{"damage":57,"enemies":"Awakened One","floor":50,"turns":3}],"seed_played":"2808975866731992423","potions_obtained":[{"floor":1.0,"key":"Swift Potion"},{"floor":4.0,"key":"Swift Potion"},{"floor":12.0,"key":"FairyPotion"},{"floor":16.0,"key":"PowerPotion"},{"floor":21.0,"key":"Block Potion"},{"floor":23.0,"key":"SpeedPotion"},{"floor":28.0,"key":"SmokeBomb"},{"floor":29.0,"key":"PowerPotion"},{"floor":34.0,"key":"Regen Potion"},{"floor":44.0,"key":"Weak Potion"},{"floor":47.0,"key":"ColorlessPotion"},{"floor":48,"key":"Explosive Potion"}],"is_trial":false,"path_per_floor":["M","M","?","M","?","R","E","R","T","E","M","E","R","E","R","B",null,"M","M","$","M","$","E","R","?","T","M","E","M","M","M","R","B",null,"M","M","?","M","$","E","$","R","T","M","R","M","M","M","R","B"],"character_chosen":"WATCHER","items_purchased":["Vengeance","PreservedInsect","EntropicBrew","DistilledChaos","Membership Card","Secret Technique","Lantern","Regal Pillow","Madness"],"campfire_rested":5,"item_purchase_floors":[20,22,39,39,41,41,41,41,41],"current_hp_per_floor":[65,61,61,45,31,31,31,31,31,31,31,31,31,27,27,25,60,38,37,37,13,13,21,42,42,42,37,37,34,31,29,50,50,72,52,32,32,14,14,12,12,50,50,49,77,73,57,17,55,0,0],"gold":155,"neow_bonus":"BOSS_RELIC","is_daily":false,"chose_seed":false,"campfire_upgraded":4,"win_rate":0.0,"timestamp":1612222829,"path_taken":["M","M","?","?","?","R","E","R","T","E","M","E","R","E","R","BOSS","M","M","$","M","$","E","R","?","T","M","E","M","M","M","R","BOSS","M","M","?","M","$","E","$","R","T","M","R","M","M","M","R","BOSS"],"items_purchased_type":["Card","Relic","Potion","Potion","Relic","Card","Relic","Relic","Card"],"build_version":"2020-12-22","purchased_purges":0,"victory":false,"max_hp_per_floor":[72,72,72,72,72,72,72,72,72,72,72,72,72,72,72,72,72,72,72,72,72,72,72,72,72,72,72,72,72,72,72,72,72,77,77,77,77,77,77,77,77,77,77,77,77,77,77,77,77,77,77],"card_choices":[{"not_picked":["Meditate","ThirdEye"],"picked":"FlurryOfBlows","floor":1.0},{"not_picked":["Study","SignatureMove"],"picked":"Consecrate","floor":2.0},{"not_picked":["Nirvana","InnerPeace","EmptyFist"],"picked":"SKIP","floor":4.0},{"not_picked":["ThirdEye","CrushJoints"],"picked":"Halt","floor":7.0},{"not_picked":["Consecrate","Judgement","BowlingBash"],"picked":"SKIP","floor":10.0},{"not_picked":["ForeignInfluence","Consecrate"],"picked":"Collect","floor":11.0},{"not_picked":["EmptyBody","Worship","LikeWater"],"picked":"SKIP","floor":12.0},{"not_picked":["ThirdEye","Pray"],"picked":"InnerPeace","floor":14.0},{"not_picked":["PathToVictory","ThirdEye+1","LikeWater"],"picked":"SKIP","floor":18.0},{"not_picked":["Evaluate+1","PathToVictory+1"],"picked":"Indignation","floor":19.0},{"not_picked":["Prostrate","Wallop","Consecrate"],"picked":"SKIP","floor":21.0},{"not_picked":["Prostrate+1","FlyingSleeves"],"picked":"Halt+1","floor":23.0},{"not_picked":["FearNoEvil+1","Omniscience"],"picked":"Crescendo","floor":27.0},{"not_picked":["Indignation","Weave","Wireheading"],"picked":"SKIP","floor":28.0},{"not_picked":["CutThroughFate","TalkToTheHand+1"],"picked":"Crescendo","floor":29.0},{"not_picked":["InnerPeace","Worship+1","ClearTheMind"],"picked":"SKIP","floor":30.0},{"not_picked":["InnerPeace","SashWhip"],"picked":"MentalFortress","floor":31.0},{"not_picked":["EmptyFist","BowlingBash"],"picked":"FlurryOfBlows","floor":34.0},{"not_picked":["CrushJoints+1","BowlingBash+1"],"picked":"Crescendo+1","floor":35.0},{"not_picked":["LikeWater+1","CrushJoints+1","Nirvana"],"picked":"SKIP","floor":36.0},{"not_picked":["BowlingBash","PathToVictory+1","CutThroughFate+1"],"picked":"SKIP","floor":38.0},{"not_picked":["BowlingBash+1","FlyingSleeves","Perseverance"],"picked":"SKIP","floor":44.0},{"not_picked":["Alpha","Protect","WaveOfTheHand"],"picked":"SKIP","floor":46.0},{"not_picked":["BowlingBash+1","EmptyFist"],"picked":"EmptyBody+1","floor":47.0},{"not_picked":["CarveReality","Consecrate+1","Halt"],"picked":"SKIP","floor":48}],"player_experience":1012710,"relics_obtained":[{"floor":7.0,"key":"Vajra"},{"floor":9.0,"key":"Art of War"},{"floor":10.0,"key":"Tiny Chest"},{"floor":12.0,"key":"Oddly Smooth Stone"},{"floor":14.0,"key":"Ice Cream"},{"floor":23.0,"key":"Ornamental Fan"},{"floor":26.0,"key":"Pen Nib"},{"floor":28.0,"key":"Darkstone Periapt"},{"floor":43.0,"key":"Shuriken"}],"event_choices":[{"damage_healed":0.0,"max_hp_gain":0.0,"max_hp_loss":0.0,"gold_gain":0.0,"event_name":"Upgrade Shrine","player_choice":"Upgraded","floor":3.0,"gold_loss":0.0,"damage_taken":0.0,"cards_upgraded":["Adaptation"]},{"damage_healed":0.0,"max_hp_gain":0.0,"max_hp_loss":0.0,"gold_gain":0.0,"event_name":"Shining Light","player_choice":"Entered Light","floor":5.0,"gold_loss":0.0,"damage_taken":14.0,"cards_upgraded":["DeceiveReality","Swivel"]},{"damage_healed":0.0,"max_hp_gain":0.0,"max_hp_loss":0.0,"gold_gain":100.0,"event_name":"Golden Shrine","player_choice":"Pray","floor":25.0,"gold_loss":0.0,"damage_taken":0.0},{"damage_healed":0.0,"max_hp_gain":0.0,"max_hp_loss":0.0,"gold_gain":0.0,"event_name":"Match and Keep!","player_choice":"0 cards matched","floor":37.0,"gold_loss":0.0,"damage_taken":0.0,"cards_obtained":[]}],"is_beta":false,"boss_relics":[{"not_picked":["Busted Crown","SlaversCollar"],"picked":"VioletLotus"},{"not_picked":["Fusion Hammer","Runic Dome"],"picked":"Tiny House"}],"items_purged_floors":[],"is_endless":false,"potions_floor_spawned":[1,4,12,16,21,23,28,29,40,44,47,48],"killed_by":"Awakened One","ascension_level":6}}