{"host":"exyz3r55z4kt6m9o","time":1612177075,"event":{"mods":["100% Spire Juice","2.2 Compatiblity","AchievementEnabler","Aspiration","BaseMod","Better Altar","Better Match","Better Note","Better Sensory Stone","Better Skull","Better Third Choice","BetterRewards","Colored Powertips","Energized Spire","Friendly Minions","GifTheSpireLib","Infinite Spire","Ironclad Rager","Jorbs\u0027s Wanderer Trilogy","Luminous","Marisa????????","Minty Spire (QoL Compilation)","Permanent Neow","Rare Cards Sparkle","Reimu??????","Relic Filter","Reliquary","Replay The Spire","Spicy Shops","StSLib","The Bladedancer","The Blue Laboratory","The Gatherer","The Hayseed","The Mystic","The Runesmith","TheSurvivalist","Treasure Hunter","Wandering Minibosses","yUi"],"gold_per_floor":[66,66,80,80,98,98,129,140,140,65,76,88,88,88],"floor_reached":13,"language":"ENG","playtime":365,"items_purged":["Fiend Fire"],"score":139,"play_id":"b2f189c1-ac35-43d0-b503-a965b2fe41a1","local_time":"20210201055755","is_ascension_mode":true,"campfire_choices":[{"floor":6,"key":"REST"}],"circlet_count":0,"master_deck":["AscendersBane","Strike_R","Strike_R","Strike_R","Strike_R","Defend_R","Defend_R","Defend_R","Defend_R","Bash","Strike_R","Spot Weakness","Disarm","TH:TreasureMap","Inflame"],"relics":["energizedSpire:HugeHouse","Lantern","Mastiff:ReiMu","Pear"],"acts_visited":["Exordium"],"potions_floor_usage":[7,13,13],"damage_taken":[{"damage":9,"enemies":"2 Louse","floor":1,"turns":3},{"damage":3,"enemies":"Small Slimes","floor":3,"turns":2},{"damage":0,"enemies":"Cultist","floor":5,"turns":2},{"damage":12,"enemies":"Gremlin Nob","floor":7,"turns":4},{"damage":21,"enemies":"3 Louse","floor":8,"turns":3},{"damage":9,"enemies":"Blue Slaver","floor":11,"turns":3},{"damage":9,"enemies":"Exordium Thugs","floor":12,"turns":5},{"damage":22,"enemies":"Lagavulin","floor":13,"turns":5}],"seed_played":"5810268776458022156","potions_obtained":[{"floor":4,"key":"Weak Potion"},{"floor":4,"key":"ColorlessPotion"},{"floor":11,"key":"SkillPotion"}],"is_trial":false,"path_per_floor":["M","?","M","?","M","R","E","M","T","$","M","M","E"],"character_chosen":"IRONCLAD","items_purchased":[],"campfire_rested":1,"item_purchase_floors":[],"current_hp_per_floor":[63,38,35,35,35,57,45,24,34,34,25,16,0,0],"gold":88,"neow_bonus":"BOSS_RELIC","is_daily":false,"chose_seed":false,"campfire_upgraded":0,"win_rate":0.0,"timestamp":1612177075,"path_taken":["M","?","M","?","?","R","E","M","T","$","M","M","E"],"items_purchased_type":[],"build_version":"2020-12-22","purchased_purges":1,"victory":false,"max_hp_per_floor":[75,75,75,75,75,75,75,75,85,85,85,85,85,85],"card_choices":[{"not_picked":["Havoc","Iron Wave","True Grit"],"picked":"SKIP","floor":1},{"not_picked":["Bloodletting","Rupture","Searing Blow"],"picked":"SKIP","floor":3},{"not_picked":["True Grit","ReplayTheSpireMod:Limb From Limb","Havoc"],"picked":"SKIP","floor":5},{"not_picked":["Flex","Sentinel"],"picked":"Spot Weakness","floor":7},{"not_picked":["TH:CopperCoins","TH:Mimic"],"picked":"SKIP","floor":7},{"not_picked":["Warcry","Shrug It Off"],"picked":"Disarm","floor":8},{"not_picked":["TH:EnergyPotion"],"picked":"TH:TreasureMap","floor":9},{"not_picked":["Heavy Blade","Abandon"],"picked":"Inflame","floor":11},{"not_picked":["Clothesline","Ghostly Armor","Clash"],"picked":"SKIP","floor":12}],"player_experience":701504,"relics_obtained":[{"floor":7,"key":"Mastiff:ReiMu"},{"floor":9,"key":"Pear"}],"event_choices":[{"damage_healed":0,"gold_gain":0,"player_choice":"Relic ","damage_taken":25,"max_hp_gain":0,"max_hp_loss":0,"event_name":"betterThird:BetterScrap","floor":2,"gold_loss":0,"cards_obtained":["Glacier"]},{"damage_healed":0,"gold_gain":0,"player_choice":"Got Potions","damage_taken":0,"max_hp_gain":0,"max_hp_loss":0,"event_name":"Lab","floor":4,"gold_loss":0}],"is_beta":false,"boss_relics":[],"items_purged_floors":[10],"is_endless":false,"potions_floor_spawned":[11,12],"killed_by":"Lagavulin","ascension_level":12}}