{"host":"1z4hbl9vfqrhg136","time":1612215307,"event":{"mods":["BaseMod","Minty Spire (QoL Compilation)"],"gold_per_floor":[110,129,129,15,27,27,57,57,57,57,70,45,45,61,61,133,133,148,167,179,179,179,179],"floor_reached":22,"language":"ENG","playtime":1398,"items_purged":[],"score":372,"play_id":"d5ed7b02-a241-47e2-b9b5-ff57f554683f","local_time":"20210201213507","is_ascension_mode":true,"campfire_choices":[{"data":"Beam Cell","floor":6,"key":"SMITH"},{"floor":13,"key":"REST"},{"data":"Rip and Tear","floor":15,"key":"SMITH"}],"circlet_count":0,"master_deck":["AscendersBane","Strike_B","Strike_B","Defend_B","Defend_B","Defend_B","Zap","Dualcast","Ball Lightning","Rip and Tear+1","Hologram","Undo","Beam Cell+1","Capacitor","Compile Driver+1","Conserve Battery","Fission","Coolheaded","Cold Snap+1","Cold Snap+1","Turbo","Blizzard+1"],"relics":["Cracked Core","Molten Egg 2","Anchor","Cursed Key"],"acts_visited":["Exordium","TheCity"],"potions_floor_usage":[16,18,22],"damage_taken":[{"damage":1,"enemies":"2 Louse","floor":1,"turns":3},{"damage":2,"enemies":"Jaw Worm","floor":2,"turns":3},{"damage":3,"enemies":"Small Slimes","floor":5,"turns":3},{"damage":39,"enemies":"3 Sentries","floor":7,"turns":7},{"damage":8,"enemies":"Exordium Thugs","floor":11,"turns":4},{"damage":2,"enemies":"Lots of Slimes","floor":14,"turns":4},{"damage":12,"enemies":"Slime Boss","floor":16,"turns":6},{"damage":20,"enemies":"2 Thieves","floor":18,"turns":5},{"damage":21,"enemies":"Spheric Guardian","floor":19,"turns":4},{"damage":19,"enemies":"Shelled Parasite and Fungi","floor":20,"turns":7},{"damage":10,"enemies":"Snecko","floor":22,"turns":4}],"seed_played":"6141240409650128355","potions_obtained":[{"floor":2,"key":"ColorlessPotion"},{"floor":16,"key":"Explosive Potion"},{"floor":20,"key":"Block Potion"}],"is_trial":false,"path_per_floor":["M","M","?","$","M","R","E","?","T","?","M","$","R","M","R","B",null,"M","M","M","?","M"],"character_chosen":"DEFECT","items_purchased":["Hologram","Undo","Conserve Battery"],"campfire_rested":1,"item_purchase_floors":[4,4,12],"current_hp_per_floor":[70,68,61,61,58,58,19,19,19,19,11,11,34,32,32,20,64,44,23,4,4,0,0],"gold":179,"neow_bonus":"TEN_PERCENT_HP_BONUS","is_daily":false,"chose_seed":false,"campfire_upgraded":2,"win_rate":0.0,"timestamp":1612215307,"path_taken":["M","M","?","$","M","R","E","?","T","?","?","?","R","M","R","BOSS","M","?","M","?","M"],"items_purchased_type":["Card","Card","Card"],"build_version":"2020-12-22","purchased_purges":0,"victory":false,"max_hp_per_floor":[78,78,78,78,78,78,78,78,78,78,78,78,78,78,78,78,78,78,78,78,78,78,78],"card_choices":[{"not_picked":["Leap","Steam Power"],"picked":"Ball Lightning","floor":1},{"not_picked":["Gash","Compile Driver"],"picked":"Rip and Tear","floor":2},{"not_picked":["FTL","Lockon"],"picked":"Beam Cell","floor":5},{"not_picked":["Fusion","Amplify"],"picked":"Capacitor","floor":7},{"not_picked":["Coolheaded","Redo"],"picked":"Compile Driver+1","floor":11},{"not_picked":["Stack","Barrage+1","Conserve Battery"],"picked":"SKIP","floor":14},{"not_picked":["Reboot","Meteor Strike+1"],"picked":"Fission","floor":16},{"not_picked":["Conserve Battery","Storm"],"picked":"Coolheaded","floor":18},{"not_picked":["Go for the Eyes+1","Beam Cell+1"],"picked":"Cold Snap+1","floor":19},{"not_picked":["Compile Driver+1","Conserve Battery"],"picked":"Cold Snap+1","floor":20}],"player_experience":1943216,"relics_obtained":[{"floor":7,"key":"Molten Egg 2"},{"floor":9,"key":"Anchor"}],"event_choices":[{"cards_removed":["Strike_B"],"damage_healed":0,"gold_gain":0,"player_choice":"Card Removal","damage_taken":7,"max_hp_gain":0,"max_hp_loss":0,"event_name":"Golden Wing","floor":3,"gold_loss":0},{"damage_healed":0,"gold_gain":0,"player_choice":"Ignored","damage_taken":0,"max_hp_gain":0,"max_hp_loss":0,"event_name":"Shining Light","floor":8,"gold_loss":0},{"damage_healed":0,"gold_gain":0,"player_choice":"0 cards matched","damage_taken":0,"max_hp_gain":0,"max_hp_loss":0,"event_name":"Match and Keep!","floor":10,"gold_loss":0,"cards_obtained":[]},{"damage_healed":0,"gold_gain":0,"cards_transformed":["Strike_B","Defend_B"],"player_choice":"Became Test Subject","damage_taken":0,"max_hp_gain":0,"max_hp_loss":0,"event_name":"Drug Dealer","floor":21,"gold_loss":0,"cards_obtained":["Turbo","Blizzard"]}],"is_beta":false,"boss_relics":[{"not_picked":["Black Star","Busted Crown"],"picked":"Cursed Key"}],"items_purged_floors":[],"is_endless":false,"potions_floor_spawned":[2,16,20],"killed_by":"Snecko","ascension_level":20}}