{"host":"syozzdlzcqop4jia","time":1612209759,"event":{"mods":["BaseMod","Colored Map","Colored Powertips","Minty Spire (QoL Compilation)","Quick Restart"],"gold_per_floor":[111,130,141,187,207,240,240,240,264,264,1,18,18,34,34,131,131,151,76,96,107,121,121,135,135,135],"floor_reached":25,"language":"ENG","playtime":1354,"items_purged":["Strike_R"],"score":248,"play_id":"076e93ee-168e-49a5-ab73-0fdb1030dbb8","local_time":"20210201210239","is_ascension_mode":true,"campfire_choices":[{"data":"Armaments","floor":8,"key":"SMITH"},{"data":"Dark Shackles","floor":10,"key":"SMITH"},{"data":"Pummel","floor":15,"key":"SMITH"},{"data":"Mayhem","floor":23,"key":"SMITH"}],"circlet_count":0,"master_deck":["Strike_R","Strike_R","Strike_R","Strike_R","Defend_R","Defend_R","Defend_R","Defend_R","Bash","Dark Shackles+1","Cleave","Carnage","Uppercut","Dropkick","Armaments+1","Pummel+1","Mayhem+1","Perfected Strike","Shrug It Off","Immolate","Headbutt","Pommel Strike","Shrug It Off+1","Battle Trance","Ghostly Armor+1"],"relics":["Burning Blood","Anchor","Red Skull","Lantern","Happy Flower","InkBottle","Cursed Key"],"acts_visited":["Exordium","TheCity"],"potions_floor_usage":[],"damage_taken":[{"damage":6,"enemies":"Cultist","floor":1,"turns":5},{"damage":0,"enemies":"Jaw Worm","floor":2,"turns":3},{"damage":3,"enemies":"Small Slimes","floor":3,"turns":3},{"damage":0,"enemies":"2 Fungi Beasts","floor":5,"turns":3},{"damage":16,"enemies":"Gremlin Nob","floor":6,"turns":4},{"damage":0,"enemies":"Large Slime","floor":12,"turns":3},{"damage":0,"enemies":"Looter","floor":14,"turns":1},{"damage":32,"enemies":"The Guardian","floor":16,"turns":9},{"damage":16,"enemies":"3 Byrds","floor":18,"turns":5},{"damage":7,"enemies":"2 Thieves","floor":20,"turns":3},{"damage":18,"enemies":"Snecko","floor":21,"turns":4},{"damage":13,"enemies":"Cultist and Chosen","floor":22,"turns":6},{"damage":11,"enemies":"Shelled Parasite and Fungi","floor":24,"turns":3},{"damage":58,"enemies":"Gremlin Leader","floor":25,"turns":6}],"seed_played":"-3964668258264616183","potions_obtained":[{"floor":3,"key":"BlessingOfTheForge"},{"floor":5,"key":"LiquidMemories"},{"floor":12,"key":"DuplicationPotion"},{"floor":18,"key":"Energy Potion"},{"floor":22,"key":"Energy Potion"}],"is_trial":false,"path_per_floor":["M","M","M","T","M","E","?","R","T","R","$","M","?","M","R","B",null,"M","$","M","M","M","R","M","E"],"character_chosen":"IRONCLAD","items_purchased":["Pummel","Mayhem"],"campfire_rested":0,"item_purchase_floors":[11,11],"current_hp_per_floor":[80,80,80,80,80,70,63,63,63,63,63,69,69,75,75,49,80,70,70,69,57,50,50,45,0,0],"gold":135,"neow_bonus":"RANDOM_COLORLESS","is_daily":false,"chose_seed":false,"campfire_upgraded":4,"win_rate":0.0,"timestamp":1612209759,"path_taken":["M","M","?","?","M","E","?","R","T","R","?","M","?","M","R","BOSS","M","$","M","M","?","R","M","E"],"items_purchased_type":["Card","Card"],"build_version":"2020-12-22","purchased_purges":1,"victory":false,"max_hp_per_floor":[80,80,80,80,80,80,80,80,80,80,80,80,80,80,80,80,80,80,80,80,80,80,80,80,80,80],"card_choices":[{"not_picked":["Finesse","Purity"],"picked":"Dark Shackles","floor":0},{"not_picked":["Warcry","Spot Weakness"],"picked":"Cleave","floor":1},{"not_picked":["True Grit","Sever Soul"],"picked":"Carnage","floor":2},{"not_picked":["Rampage","Clash"],"picked":"Uppercut","floor":3},{"not_picked":["Burning Pact","Thunderclap"],"picked":"Dropkick","floor":5},{"not_picked":["Rupture","Brutality"],"picked":"Armaments","floor":6},{"not_picked":["Cleave","Havoc"],"picked":"Perfected Strike","floor":12},{"not_picked":["Sever Soul","Second Wind"],"picked":"Shrug It Off","floor":14},{"not_picked":["Reaper","Barricade"],"picked":"Immolate","floor":16},{"not_picked":["True Grit","Hemokinesis"],"picked":"Headbutt","floor":18},{"not_picked":["Armaments+1","Heavy Blade"],"picked":"Pommel Strike","floor":20},{"not_picked":["Twin Strike+1","Wild Strike"],"picked":"Shrug It Off+1","floor":21},{"not_picked":["Dropkick","Shrug It Off"],"picked":"Battle Trance","floor":22},{"not_picked":["Shrug It Off","Fiend Fire"],"picked":"Ghostly Armor+1","floor":24}],"player_experience":496801,"relics_obtained":[{"floor":4,"key":"Anchor"},{"floor":6,"key":"Red Skull"},{"floor":9,"key":"Happy Flower"}],"event_choices":[{"damage_healed":0,"gold_gain":0,"player_choice":"Success","damage_taken":7,"relics_obtained":["Lantern"],"max_hp_gain":0,"max_hp_loss":0,"event_name":"Scrap Ooze","floor":7,"gold_loss":0},{"damage_healed":0,"gold_gain":0,"player_choice":"Gave Potion","damage_taken":0,"relics_obtained":["InkBottle"],"max_hp_gain":0,"max_hp_loss":0,"event_name":"WeMeetAgain","floor":13,"gold_loss":0}],"is_beta":false,"boss_relics":[{"not_picked":["Calling Bell","Sozu"],"picked":"Cursed Key"}],"items_purged_floors":[19],"is_endless":false,"potions_floor_spawned":[3,5,12,18,22,24],"killed_by":"Gremlin Leader","ascension_level":4}}