{"host":"h0xw20cia6ppa69g","time":1612170665,"event":{"mods":["AchievementEnabler","BaseMod","Colored Map","Filter the Spire","Googly Eyes","Minty Spire (QoL Compilation)","Relic Stats","StSLib","The Awakened One except there are too many feathers","everything is the same but u backflip on backflip"],"gold_per_floor":[117,132,151,151,162,162,187,187,187,218,2,29,6,25,25,122,122,133,93,112,127,217,236,236,246,246,39,73,86,96,126,126,231,231,249,249,249,96,146,146,146],"floor_reached":40,"language":"ENG","playtime":2753,"items_purged":["Zap","Auto Shields+1"],"score":680,"play_id":"f15de644-b8bc-41ae-b55c-e8598c0ed647","local_time":"20210201031105","is_ascension_mode":true,"campfire_choices":[{"data":"Redo","floor":6.0,"key":"SMITH"},{"data":"Machine Learning","floor":8.0,"key":"SMITH"},{"data":"Skim","floor":15.0,"key":"SMITH"},{"floor":24,"key":"RECALL"},{"data":"Loop","floor":32,"key":"SMITH"}],"circlet_count":0,"master_deck":["Dualcast","FTL+1","Capacitor","Reboot+1","Doom and Gloom","Machine Learning+1","Turbo","Storm","Leap","Conserve Battery","Redo+1","Melter","Skim+1","Steam","Echo Form","Undo","Turbo","Turbo","Reboot","CurseOfTheBell","BootSequence","Leap+1","Chill","Reinforced Body+1","Loop","Biased Cognition","Loop+1","Hologram+1","Glacier","Core Surge","Redo+1","Panacea","Skim+1","Stack"],"relics":["Pandora\u0027s Box","Sundial","Prayer Wheel","FossilizedHelix","Potion Belt","Tiny Chest","Calling Bell","Blood Vial","StrikeDummy","Peace Pipe","Kunai","Membership Card","Nunchaku","Ornamental Fan","Runic Pyramid","DollysMirror","Juzu Bracelet","Shovel"],"acts_visited":["Exordium","TheCity","TheBeyond"],"potions_floor_usage":[28,31,40],"damage_taken":[{"damage":6.0,"enemies":"Cultist","floor":1.0,"turns":3.0},{"damage":11.0,"enemies":"Jaw Worm","floor":2.0,"turns":2.0},{"damage":2.0,"enemies":"2 Louse","floor":3.0,"turns":2.0},{"damage":3.0,"enemies":"Exordium Thugs","floor":5.0,"turns":4.0},{"damage":11.0,"enemies":"Lagavulin","floor":7.0,"turns":4.0},{"damage":0.0,"enemies":"3 Sentries","floor":10.0,"turns":4.0},{"damage":0.0,"enemies":"Lagavulin","floor":12.0,"turns":6.0},{"damage":0.0,"enemies":"Large Slime","floor":14.0,"turns":3.0},{"damage":0.0,"enemies":"The Guardian","floor":16.0,"turns":8.0},{"damage":0.0,"enemies":"Shell Parasite","floor":18.0,"turns":5.0},{"damage":0.0,"enemies":"3 Byrds","floor":20.0,"turns":5.0},{"damage":20.0,"enemies":"Snecko","floor":21.0,"turns":7.0},{"damage":0.0,"enemies":"3 Cultists","floor":22.0,"turns":8.0},{"damage":9,"enemies":"Gremlin Leader","floor":23,"turns":7},{"damage":4,"enemies":"3 Cultists","floor":25,"turns":7},{"damage":0,"enemies":"Slavers","floor":28,"turns":9},{"damage":0,"enemies":"Snake Plant","floor":29,"turns":5},{"damage":0,"enemies":"Centurion and Healer","floor":30,"turns":10},{"damage":9,"enemies":"Gremlin Leader","floor":31,"turns":8},{"damage":0,"enemies":"Automaton","floor":33,"turns":13},{"damage":0,"enemies":"Orb Walker","floor":35,"turns":7},{"damage":32,"enemies":"2 Orb Walkers","floor":39,"turns":4},{"damage":39,"enemies":"Reptomancer","floor":40,"turns":3}],"seed_played":"4540937847109112265","potions_obtained":[{"floor":2.0,"key":"PotionOfCapacity"},{"floor":3.0,"key":"Swift Potion"},{"floor":7.0,"key":"Block Potion"},{"floor":14.0,"key":"Fire Potion"},{"floor":21.0,"key":"LiquidBronze"},{"floor":22,"key":"PotionOfCapacity"},{"floor":28,"key":"LiquidMemories"},{"floor":30,"key":"SkillPotion"},{"floor":31,"key":"Dexterity Potion"},{"floor":33,"key":"SteroidPotion"}],"is_trial":false,"path_per_floor":["M","M","M","?","M","R","E","R","T","E","$","E","$","M","R","B",null,"M","?","M","M","M","E","R","M","T","$","E","M","M","E","R","B",null,"M","?","?","$","?","E"],"character_chosen":"DEFECT","items_purchased":["Echo Form","Undo","Turbo","Membership Card","DollysMirror","Juzu Bracelet"],"campfire_rested":0,"item_purchase_floors":[11,11,13,27,38,38],"current_hp_per_floor":[69,58,56,44,41,41,30,30,30,30,30,30,30,30,30,30,75,75,75,75,55,57,50,50,48,48,48,50,52,54,47,47,49,75,75,75,65,65,35,0,0],"gold":146,"neow_bonus":"BOSS_RELIC","is_daily":false,"chose_seed":false,"campfire_upgraded":4,"win_rate":0.0,"timestamp":1612170665,"path_taken":["M","?","M","?","M","R","E","R","T","E","$","E","?","M","R","BOSS","M","?","M","M","?","E","R","M","T","$","E","M","M","E","R","BOSS","M","?","?","$","?","E"],"items_purchased_type":["Card","Card","Card","Relic","Relic","Relic"],"build_version":"2020-12-22","purchased_purges":2,"victory":false,"max_hp_per_floor":[75,75,75,75,75,75,75,75,75,75,75,75,75,75,75,75,75,75,75,75,75,75,75,75,75,75,75,75,75,75,75,75,75,75,75,75,75,75,75,75,75],"relic_stats":{"counters":[23,132],"Juzu Bracelet":0,"Blood Vial":20,"Peace Pipe":0,"Nunchaku":[4],"Shovel":0,"Sundial":[46],"Ornamental Fan":[0],"Pandora\u0027s Box":["FTL","Capacitor","Reboot","Doom and Gloom","Machine Learning","Turbo","Storm","Leap"],"Prayer Wheel":9,"Tiny Chest":1,"Kunai":[2],"obtain_stats":[{"Potion Belt":10,"Juzu Bracelet":38,"Calling Bell":17,"Blood Vial":17,"Peace Pipe":17,"Nunchaku":28,"Shovel":39,"Sundial":4,"Ornamental Fan":31,"DollysMirror":38,"Pandora\u0027s Box":0,"Prayer Wheel":7,"Tiny Chest":12,"Kunai":26,"Membership Card":27,"Cracked Core":0,"StrikeDummy":17,"FossilizedHelix":9,"Runic Pyramid":34},{"Potion Belt":6,"Juzu Bracelet":21,"Calling Bell":9,"Blood Vial":9,"Peace Pipe":9,"Nunchaku":16,"Shovel":22,"Sundial":3,"Ornamental Fan":19,"DollysMirror":21,"Pandora\u0027s Box":0,"Prayer Wheel":5,"Tiny Chest":7,"Kunai":15,"Membership Card":15,"Cracked Core":0,"StrikeDummy":9,"FossilizedHelix":5,"Runic Pyramid":20},{"Potion Belt":19,"Juzu Bracelet":126,"Calling Bell":36,"Blood Vial":36,"Peace Pipe":36,"Nunchaku":84,"Shovel":129,"Sundial":7,"Ornamental Fan":107,"DollysMirror":126,"Pandora\u0027s Box":0,"Prayer Wheel":15,"Tiny Chest":25,"Kunai":75,"Membership Card":75,"Cracked Core":0,"StrikeDummy":36,"FossilizedHelix":15,"Runic Pyramid":120}]},"card_choices":[{"not_picked":["Cold Snap","Aggregate"],"picked":"Conserve Battery","floor":1.0},{"not_picked":["Reprogram","Blizzard","Sweeping Beam"],"picked":"SKIP","floor":2.0},{"not_picked":["Compile Driver","Hello World"],"picked":"Redo","floor":3.0},{"not_picked":["Rebound","Beam Cell"],"picked":"Melter","floor":5.0},{"not_picked":["Static Discharge","Conserve Battery"],"picked":"Skim","floor":7.0},{"not_picked":["Redo","Barrage"],"picked":"Steam","floor":10.0},{"not_picked":["Beam Cell","Sweeping Beam","Tempest"],"picked":"SKIP","floor":12.0},{"not_picked":["Storm","Gash"],"picked":"Turbo","floor":14.0},{"not_picked":["Lockon","Steam","Leap"],"picked":"SKIP","floor":14.0},{"not_picked":["Hyperbeam","Seek"],"picked":"Reboot","floor":16.0},{"not_picked":["Coolheaded","Hologram"],"picked":"BootSequence","floor":18.0},{"not_picked":["Compile Driver","Blizzard","Storm"],"picked":"SKIP","floor":18.0},{"not_picked":["Sweeping Beam","Ball Lightning"],"picked":"Leap+1","floor":20.0},{"not_picked":["Sunder","Sweeping Beam"],"picked":"Chill","floor":20.0},{"not_picked":["Stack+1","Rebound+1"],"picked":"Auto Shields+1","floor":21.0},{"not_picked":["Gash","Undo+1","Coolheaded"],"picked":"SKIP","floor":21.0},{"not_picked":["Reboot","Rip and Tear+1","Cold Snap"],"picked":"SKIP","floor":23},{"not_picked":["Go for the Eyes","Turbo+1"],"picked":"Reinforced Body+1","floor":25},{"not_picked":["Sweeping Beam","Go for the Eyes","Conserve Battery+1"],"picked":"SKIP","floor":25},{"not_picked":["Auto Shields","Beam Cell"],"picked":"Loop","floor":28},{"not_picked":["Storm","BootSequence+1"],"picked":"Biased Cognition","floor":29},{"not_picked":["Rebound","Scrape"],"picked":"Loop","floor":29},{"not_picked":["Barrage","Hello World"],"picked":"Hologram+1","floor":30},{"not_picked":["Redo+1","Compile Driver"],"picked":"Glacier","floor":30},{"not_picked":["Fusion","Go for the Eyes","Chaos"],"picked":"SKIP","floor":31},{"not_picked":["All For One","Meteor Strike"],"picked":"Core Surge","floor":33},{"not_picked":["Rip and Tear+1","Cold Snap"],"picked":"Redo+1","floor":35},{"not_picked":["Compile Driver+1","Streamline","Static Discharge"],"picked":"SKIP","floor":35},{"not_picked":["PanicButton","Transmutation"],"picked":"Panacea","floor":37},{"not_picked":["Melter+1","Ball Lightning+1"],"picked":"Stack","floor":39}],"player_experience":3802423,"relics_obtained":[{"floor":7.0,"key":"Prayer Wheel"},{"floor":9.0,"key":"FossilizedHelix"},{"floor":10.0,"key":"Potion Belt"},{"floor":12.0,"key":"Tiny Chest"},{"floor":17.0,"key":"Blood Vial"},{"floor":17.0,"key":"StrikeDummy"},{"floor":17.0,"key":"Peace Pipe"},{"floor":26,"key":"Kunai"},{"floor":28,"key":"Nunchaku"},{"floor":31,"key":"Ornamental Fan"},{"floor":39,"key":"Shovel"}],"event_choices":[{"damage_healed":0.0,"max_hp_gain":0.0,"max_hp_loss":0.0,"gold_gain":0.0,"event_name":"Scrap Ooze","player_choice":"Success","floor":4.0,"gold_loss":0.0,"damage_taken":12.0,"relics_obtained":["Sundial"]},{"damage_healed":0.0,"max_hp_gain":0.0,"max_hp_loss":0.0,"gold_gain":0.0,"event_name":"Designer","player_choice":"Upgraded Two","floor":19.0,"gold_loss":40.0,"damage_taken":0.0,"cards_upgraded":["FTL","Reboot"]},{"damage_healed":0,"gold_gain":0,"player_choice":"Ignored","damage_taken":0,"max_hp_gain":0,"max_hp_loss":0,"event_name":"Tomb of Lord Red Mask","floor":36,"gold_loss":0},{"damage_healed":0,"gold_gain":0,"player_choice":"Memory 3","damage_taken":10,"max_hp_gain":0,"max_hp_loss":0,"event_name":"SensoryStone","floor":37,"gold_loss":0},{"damage_healed":0,"gold_gain":0,"player_choice":"Fight","damage_taken":0,"max_hp_gain":0,"max_hp_loss":0,"event_name":"Mysterious Sphere","floor":39,"gold_loss":0}],"is_beta":false,"boss_relics":[{"not_picked":["Snecko Eye","Ectoplasm"],"picked":"Calling Bell"},{"not_picked":["Runic Dome","Tiny House"],"picked":"Runic Pyramid"}],"items_purged_floors":[11,27],"is_endless":false,"potions_floor_spawned":[2,3,7,14,21,22,28,30,31,33],"killed_by":"Reptomancer","ascension_level":1}}