{"host":"syozzdlzcqop4jia","time":1612217501,"event":{"mods":["BaseMod","Colored Map","Colored Powertips","Minty Spire (QoL Compilation)","Quick Restart"],"gold_per_floor":[16,29,29,29,45,73,73,108,133,133,165,184,61,81,81,177,177,192,192,208,225,139,139,168,168,168,197,222,246,278,290,290],"floor_reached":31,"language":"ENG","playtime":1669,"items_purged":["Evolve"],"score":381,"play_id":"1b696c83-0a9a-4642-a125-0a951136885e","local_time":"20210201231141","is_ascension_mode":true,"campfire_choices":[{"data":"Infernal Blade","floor":7,"key":"SMITH"},{"floor":15,"key":"REST"},{"data":"Carnage","floor":23,"key":"SMITH"},{"floor":25,"key":"REST"}],"circlet_count":0,"master_deck":["Strike_R","Strike_R","Strike_R","Strike_R","Defend_R","Defend_R","Bash","Reckless Charge","Pommel Strike","Perfected Strike+1","Infernal Blade+1","Carnage+1","Inflame","Battle Trance","Shrug It Off","Demon Form","Headbutt","Perfected Strike+1","Reckless Charge","Flex","Heavy Blade+1","Sword Boomerang","Seeing Red+1"],"relics":["Burning Blood","PreservedInsect","Strawberry","Akabeko","Nunchaku","Pear","Busted Crown","Pocketwatch","Toxic Egg 2","MawBank"],"acts_visited":["Exordium","TheCity"],"potions_floor_usage":[16,24,28,31],"damage_taken":[{"damage":7,"enemies":"2 Louse","floor":1,"turns":2},{"damage":2,"enemies":"Jaw Worm","floor":2,"turns":3},{"damage":0,"enemies":"Cultist","floor":5,"turns":2},{"damage":16,"enemies":"Gremlin Nob","floor":6,"turns":3},{"damage":15,"enemies":"3 Sentries","floor":8,"turns":4},{"damage":15,"enemies":"Lagavulin","floor":11,"turns":3},{"damage":0,"enemies":"Exordium Wildlife","floor":12,"turns":2},{"damage":0,"enemies":"Looter","floor":14,"turns":1},{"damage":34,"enemies":"Slime Boss","floor":16,"turns":7},{"damage":2,"enemies":"Spheric Guardian","floor":18,"turns":2},{"damage":11,"enemies":"2 Thieves","floor":20,"turns":3},{"damage":24,"enemies":"Snake Plant","floor":21,"turns":2},{"damage":22,"enemies":"Slavers","floor":24,"turns":3},{"damage":25,"enemies":"Book of Stabbing","floor":27,"turns":3},{"damage":29,"enemies":"Centurion and Healer","floor":28,"turns":3},{"damage":6,"enemies":"3 Cultists","floor":29,"turns":3},{"damage":12,"enemies":"Chosen and Byrds","floor":30,"turns":4},{"damage":40,"enemies":"Snake Plant","floor":31,"turns":3}],"seed_played":"973690605567320898","potions_obtained":[{"floor":2,"key":"PowerPotion"},{"floor":5,"key":"BlessingOfTheForge"},{"floor":8,"key":"Explosive Potion"},{"floor":16,"key":"GamblersBrew"},{"floor":24,"key":"Swift Potion"},{"floor":27,"key":"LiquidBronze"},{"floor":28,"key":"PowerPotion"}],"is_trial":false,"path_per_floor":["M","M","?","?","M","E","R","E","T","?","E","M","$","M","R","B",null,"M","?","M","M","$","R","E","R","T","E","M","M","M","M"],"character_chosen":"IRONCLAD","items_purchased":["Shrug It Off","Reckless Charge","Flex"],"campfire_rested":2,"item_purchase_floors":[13,22,22],"current_hp_per_floor":[79,80,80,55,61,58,58,49,49,49,50,56,56,62,91,63,97,97,97,92,74,74,74,58,87,87,68,45,45,39,0,0],"gold":290,"neow_bonus":"TRANSFORM_TWO_CARDS","is_daily":false,"chose_seed":false,"campfire_upgraded":2,"win_rate":0.0,"timestamp":1612217501,"path_taken":["M","M","?","?","M","E","R","E","T","?","E","M","$","?","R","BOSS","M","?","M","M","$","R","E","R","T","E","M","M","M","M"],"items_purchased_type":["Card","Card","Card"],"build_version":"2020-12-22","purchased_purges":1,"victory":false,"max_hp_per_floor":[80,80,80,80,80,87,87,87,87,87,97,97,97,97,97,97,97,97,97,97,97,97,97,97,97,97,97,97,97,97,97,97],"card_choices":[{"not_picked":["Infernal Blade","Clash"],"picked":"Pommel Strike","floor":1},{"not_picked":["Armaments","Body Slam"],"picked":"Perfected Strike","floor":2},{"not_picked":["Sentinel","Combust","Second Wind"],"picked":"SKIP","floor":5},{"not_picked":["Barricade","Fire Breathing"],"picked":"Infernal Blade","floor":6},{"not_picked":["Body Slam","Sentinel"],"picked":"Carnage","floor":8},{"not_picked":["Clothesline","True Grit"],"picked":"Inflame","floor":11},{"not_picked":["Wild Strike","Clash"],"picked":"Battle Trance","floor":12},{"not_picked":["Rampage","Whirlwind","Havoc"],"picked":"SKIP","floor":14},{"not_picked":["Immolate","Bludgeon"],"picked":"Demon Form","floor":16},{"not_picked":["Evolve+1"],"picked":"SKIP","floor":18},{"not_picked":[],"picked":"Headbutt","floor":20},{"not_picked":[],"picked":"Perfected Strike+1","floor":21},{"not_picked":["Shrug It Off+1"],"picked":"SKIP","floor":24},{"not_picked":[],"picked":"Heavy Blade+1","floor":27},{"not_picked":[],"picked":"Sword Boomerang","floor":28},{"not_picked":[],"picked":"Seeing Red+1","floor":29},{"not_picked":["Metallicize"],"picked":"SKIP","floor":30}],"player_experience":496801,"relics_obtained":[{"floor":6,"key":"Strawberry"},{"floor":8,"key":"Akabeko"},{"floor":9,"key":"Nunchaku"},{"floor":11,"key":"Pear"},{"floor":24,"key":"Pocketwatch"},{"floor":26,"key":"Toxic Egg 2"},{"floor":27,"key":"MawBank"}],"event_choices":[{"damage_healed":0,"gold_gain":0,"player_choice":"Grow","damage_taken":0,"max_hp_gain":0,"max_hp_loss":0,"event_name":"Living Wall","floor":3,"gold_loss":0,"cards_upgraded":["Perfected Strike"]},{"damage_healed":0,"gold_gain":0,"player_choice":"Success","damage_taken":25,"relics_obtained":["PreservedInsect"],"max_hp_gain":0,"max_hp_loss":0,"event_name":"Scrap Ooze","floor":4,"gold_loss":0},{"damage_healed":0,"gold_gain":0,"player_choice":"Ignored","damage_taken":0,"max_hp_gain":0,"max_hp_loss":0,"event_name":"Liars Game","floor":10,"gold_loss":0},{"cards_removed":["Defend_R"],"damage_healed":0,"gold_gain":0,"player_choice":"Purged","damage_taken":0,"max_hp_gain":0,"max_hp_loss":0,"event_name":"Purifier","floor":19,"gold_loss":0}],"is_beta":false,"boss_relics":[{"not_picked":["Sozu","Black Blood"],"picked":"Busted Crown"}],"items_purged_floors":[13],"is_endless":false,"potions_floor_spawned":[2,5,8,14,16,21,24,27,28],"killed_by":"Snake Plant","ascension_level":4}}