{"host":"yans4pr1zf0lm9bx","time":1612207421,"event":{"mods":["AchievementEnabler","BaseMod","Downfall","Minty Spire (QoL Compilation)","StSLib","SuperFastMode","slay the spire mod where everything is the same but ironclad has a cowboy hat"],"gold_per_floor":[99,119,119,119,119,119,142,142,168,168,168,186,186,202,213,315,315,215,232,232,248,448,448,473,486,503,517,529,529,329,346,365,464,464,464,484,496,511,529,561,561,561,586,586,586,586],"floor_reached":44,"language":"ENG","playtime":2409,"items_purged":[],"score":597,"play_id":"1b501ead-a431-4871-87d3-7cef3683c62d","local_time":"20210201142341","is_ascension_mode":false,"campfire_choices":[{"data":"Slimebound:OneTwoCombo","floor":1.0,"key":"SMITH"},{"data":"Slimebound:Split","floor":8,"key":"SMITH"},{"data":"Madness","floor":11,"key":"SMITH"},{"data":"Slimebound:SpikyOuterGoop","floor":13,"key":"SMITH"},{"data":"Slimebound:SpikyOuterGoop","floor":18,"key":"SMITH"},{"floor":23,"key":"RECALL"},{"data":"Slimebound:Darklings","floor":30,"key":"SMITH"},{"floor":35,"key":"REST"}],"circlet_count":0,"master_deck":["Slimebound:Strike_Slimebound","Slimebound:Tackle+1","Slimebound:Defend_Slimebound","Slimebound:Defend_Slimebound","Slimebound:Defend_Slimebound","Slimebound:Defend_Slimebound+1","Slimebound:Split+1","Slimebound:CorrosiveSpit","Slimebound:OneTwoCombo+1","Slimebound:SplitMire+1","downfall:Malfunctioning","Slimebound:SpikyOuterGoop+1","Slimebound:LivingWall","Madness+1","Slimebound:SamplingLick","Slimebound:SpikyOuterGoop+1","Slimebound:LeechingTouch","Slimebound:FirmFortitude","Slimebound:LeechEnergy+1","Slimebound:OneTwoCombo+1","Slimebound:SplitLeeching+1","Slimebound:Schlurp","Slimebound:SamplingLick+1","Slimebound:RainOfGoop","Slimebound:TongueLash","Slimebound:Darklings+1","Slimebound:SpikyOuterGoop+1","Slimebound:Darklings","Slimebound:Recycling","Slimebound:ServeAndProtect","Slimebound:SpikyOuterGoop+1","Parasite","Slimebound:SlimeTap+1","Slimebound:Nibble+1","Slimebound:LeechEnergy+1","expansioncontent:Chronoboost","Slimebound:SlimeTap"],"relics":["Slimebound:AbsorbEndCombat","Oddly Smooth Stone","Ancient Tea Set","Empty Cage","downfall:HeartBlessingGreen","downfall:HeartBlessingBlue","downfall:HeartBlessingRed","Fusion Hammer","Kunai","StrikeDummy","Blood Vial"],"acts_visited":["Exordium","TheCity","TheBeyond"],"potions_floor_usage":[28,43],"damage_taken":[{"damage":6.0,"enemies":"Jaw Worm","floor":2.0,"turns":4.0},{"damage":29,"enemies":"Gremlin Nob","floor":9,"turns":4},{"damage":0,"enemies":"2 Louse","floor":12,"turns":2},{"damage":1,"enemies":"Small Slimes","floor":14,"turns":2},{"damage":7,"enemies":"3 Louse","floor":15,"turns":4},{"damage":45,"enemies":"WA_ARCHETYPE_RETAIN","floor":16,"turns":10},{"damage":15,"enemies":"3 Byrds","floor":19,"turns":4},{"damage":2,"enemies":"Spheric Guardian","floor":21,"turns":4},{"damage":0,"enemies":"3 Cultists","floor":25,"turns":4},{"damage":12,"enemies":"Snecko","floor":26,"turns":5},{"damage":7,"enemies":"Snake Plant","floor":27,"turns":4},{"damage":8,"enemies":"3 Cultists","floor":28,"turns":4},{"damage":0,"enemies":"Sentry and Sphere","floor":31,"turns":3},{"damage":9,"enemies":"Snecko","floor":32,"turns":4},{"damage":46,"enemies":"DF_ARCHETYPE_CLAW","floor":33,"turns":8},{"damage":27,"enemies":"3 Shapes","floor":36,"turns":3},{"damage":0,"enemies":"Orb Walker","floor":37,"turns":5},{"damage":3,"enemies":"Writhing Mass","floor":38,"turns":4},{"damage":27,"enemies":"3 Darklings","floor":39,"turns":5},{"damage":0,"enemies":"Giant Head","floor":40,"turns":7},{"damage":28,"enemies":"Reptomancer","floor":43,"turns":5},{"damage":47,"enemies":"Jaw Worm Horde","floor":44,"turns":2}],"seed_played":"7392863469848724444","potions_obtained":[{"floor":9,"key":"Dexterity Potion"},{"floor":12,"key":"SpeedPotion"},{"floor":16,"key":"PowerPotion"},{"floor":26,"key":"Dexterity Potion"},{"floor":28,"key":"Ancient Potion"},{"floor":38,"key":"Swift Potion"},{"floor":43,"key":"Swift Potion"}],"is_trial":false,"path_per_floor":["R","M","?","?","?","T","T","R","E","?","R","M","R","M","M","B",null,"R","M","?","M","?","R","T","M","M","M","M","?","R","M","M","B",null,"R","M","M","M","M","E","T","?","E","M"],"character_chosen":"SLIMEBOUND","items_purchased":[],"campfire_rested":1,"item_purchase_floors":[],"current_hp_per_floor":[65,65,70,70,70,70,70,70,48,48,48,52,52,57,56,19,70,70,61,61,67,67,67,67,70,60,59,59,59,69,71,70,32,80,80,59,65,70,47,55,55,55,35,0,0,0],"gold":586,"neow_bonus":"ONE_RANDOM_RARE_CARD","is_daily":false,"chose_seed":false,"campfire_upgraded":6,"win_rate":0.0,"timestamp":1612207421,"path_taken":["R","M","?","?","?","?","T","R","E","?","R","?","R","?","M","BOSS","R","M","?","?","?","R","T","?","M","M","M","?","R","M","M","BOSS","R","?","?","M","M","E","T","?","E","M"],"items_purchased_type":[],"build_version":"2020-12-22","purchased_purges":0,"victory":false,"max_hp_per_floor":[65,65,70,70,70,70,70,70,70,70,70,70,70,70,70,70,70,70,70,70,70,70,70,70,70,70,70,70,70,80,80,80,80,80,80,80,80,80,80,80,80,80,80,80,80,80],"card_choices":[{"not_picked":["Slimebound:ComboTackle","Slimebound:BestDefense"],"picked":"Slimebound:SplitMire","floor":2.0},{"not_picked":["Slimebound:ItLooksTasty","Slimebound:MegaLick"],"picked":"Slimebound:SpikyOuterGoop","floor":9},{"not_picked":["Slimebound:FinishingTackle","Slimebound:ViciousTackle"],"picked":"Slimebound:SamplingLick","floor":12},{"not_picked":["Slimebound:GoopTackle","Slimebound:SamplingLick"],"picked":"Slimebound:SpikyOuterGoop","floor":14},{"not_picked":["Slimebound:SplitMire","Slimebound:SplitBruiser"],"picked":"Slimebound:LeechingTouch","floor":15},{"not_picked":["Slimebound:TagTeam","Slimebound:Teamwork"],"picked":"Slimebound:FirmFortitude","floor":16},{"not_picked":["Slimebound:ForwardTackle+1","Slimebound:GoopSpray"],"picked":"Slimebound:LeechEnergy+1","floor":19},{"not_picked":["Slimebound:LeechingTouch","Slimebound:GoopSpray"],"picked":"Slimebound:SplitLeeching+1","floor":21},{"not_picked":["Slimebound:Prepare","Slimebound:SamplingLick"],"picked":"Slimebound:Schlurp","floor":25},{"not_picked":["Slimebound:GoopTackle","Slimebound:LeechEnergy"],"picked":"Slimebound:SamplingLick+1","floor":26},{"not_picked":["Slimebound:RollThrough","Slimebound:SplitSpecialist"],"picked":"Slimebound:RainOfGoop","floor":27},{"not_picked":["Slimebound:SplitAcid","Slimebound:SamplingLick"],"picked":"Slimebound:TongueLash","floor":28},{"not_picked":["Slimebound:Repurpose","Slimebound:DivideAndConquer"],"picked":"Slimebound:SpikyOuterGoop+1","floor":31},{"not_picked":["Slimebound:ComboTackle","Slimebound:TongueLash"],"picked":"Slimebound:Darklings","floor":32},{"not_picked":["Slimebound:TagTeam","Slimebound:LeechLife"],"picked":"Slimebound:Recycling","floor":33},{"not_picked":["Slimebound:LeechEnergy+1","Slimebound:RollThrough+1"],"picked":"Slimebound:ServeAndProtect","floor":36},{"not_picked":["Slimebound:Recollect+1","Slimebound:Replication"],"picked":"Slimebound:SpikyOuterGoop+1","floor":37},{"not_picked":["Slimebound:Equalize","Slimebound:SplitLeeching"],"picked":"Slimebound:SlimeTap+1","floor":38},{"not_picked":["Slimebound:LeechingTouch+1","Slimebound:Recollect+1"],"picked":"Slimebound:Nibble+1","floor":39},{"not_picked":["Slimebound:ComboTackle","Slimebound:GoopSpray+1"],"picked":"Slimebound:LeechEnergy+1","floor":40},{"not_picked":["expansioncontent:Hexaburn","expansioncontent:YouAreMine"],"picked":"expansioncontent:Chronoboost","floor":42},{"not_picked":["Slimebound:ProtectTheBoss","Slimebound:LivingWall+1"],"picked":"Slimebound:SlimeTap","floor":43}],"player_experience":289406,"relics_obtained":[{"floor":6,"key":"Centennial Puzzle"},{"floor":7,"key":"Oddly Smooth Stone"},{"floor":9,"key":"Ancient Tea Set"},{"floor":40,"key":"Kunai"},{"floor":41,"key":"StrikeDummy"},{"floor":43,"key":"Blood Vial"}],"event_choices":[{"damage_healed":0.0,"max_hp_gain":5.0,"max_hp_loss":0.0,"gold_gain":0.0,"event_name":"Big Fish","player_choice":"Donut","floor":3.0,"gold_loss":0.0,"damage_taken":0.0}],"is_beta":false,"boss_relics":[{"not_picked":["Snecko Eye","Astrolabe"],"picked":"Empty Cage"},{"not_picked":["bronze:MakeshiftBattery","Runic Pyramid"],"picked":"Fusion Hammer"}],"items_purged_floors":[],"is_endless":false,"potions_floor_spawned":[9,12,16,26,27,28,32,33,37,38,43],"killed_by":"Jaw Worm Horde","ascension_level":0}}