{"host":"eaiphzh066bwqdh7","time":1612148728,"event":{"mods":["BaseMod","Better Note","Halation","Hubris","Minty Spire (QoL Compilation)","Reliquary","Replay The Spire","StSLib"],"gold_per_floor":[115,131,206,219,233,233,268,268,291,261,261,186,186,206,206,304,304,291,291,291,291,309,309,309],"floor_reached":23,"language":"ENG","playtime":944,"items_purged":["Strike_B"],"score":217,"play_id":"9846ec3c-4afd-45dc-bfa7-283d255b9a17","local_time":"20210131220528","is_ascension_mode":true,"campfire_choices":[{"floor":6,"key":"REST"},{"floor":8,"key":"REST"},{"floor":13,"key":"REST"},{"floor":15,"key":"REST"}],"circlet_count":0,"master_deck":["Strike_B","Strike_B","Strike_B","Defend_B+1","Defend_B","Defend_B","Defend_B","Zap","Dualcast","BasicCrystalCard+1","BasicCrystalCard","Mirror Shield","FIFO Queue","Panic Button","Reboot","Self Repair+1","Chaos"],"relics":["Cracked Core","War Paint","Strawberry","reliquary:OuijaBoard","Odd Mushroom","Nuclear Battery","halation:PinkSoulGem"],"acts_visited":["Exordium","TheCity"],"potions_floor_usage":[16,16],"damage_taken":[{"damage":0,"enemies":"Small Slimes","floor":1,"turns":2},{"damage":8,"enemies":"2 Louse","floor":2,"turns":3},{"damage":2,"enemies":"Jaw Worm","floor":4,"turns":3},{"damage":7,"enemies":"Looter","floor":5,"turns":3},{"damage":36,"enemies":"Replay:BlueRogue","floor":7,"turns":8},{"damage":23,"enemies":"Exordium Thugs","floor":10,"turns":5},{"damage":8,"enemies":"The Mushroom Lair","floor":14,"turns":8},{"damage":95,"enemies":"Slime Boss","floor":16,"turns":16},{"damage":23,"enemies":"2 Thieves","floor":18,"turns":4},{"damage":45,"enemies":"Shell Parasite","floor":22,"turns":10},{"damage":70,"enemies":"Gremlin Leader","floor":23,"turns":7}],"seed_played":"-9147996884583551951","potions_obtained":[{"floor":1,"key":"FairyPotion"},{"floor":7,"key":"Explosive Potion"},{"floor":14,"key":"ColorlessPotion"},{"floor":18,"key":"FairyPotion"}],"is_trial":false,"path_per_floor":["M","M","?","M","M","R","E","R","T","M","?","$","R","?","R","B",null,"M","?","?","?","M","E"],"character_chosen":"DEFECT","items_purchased":[],"campfire_rested":4,"item_purchase_floors":[],"current_hp_per_floor":[82,74,63,61,54,78,42,66,73,50,38,38,64,56,82,24,89,66,66,66,60,25,0,0],"gold":309,"neow_bonus":"TEN_PERCENT_HP_BONUS","is_daily":false,"chose_seed":false,"campfire_upgraded":0,"win_rate":0.0,"timestamp":1612148728,"path_taken":["M","M","?","M","M","R","E","R","T","M","?","$","R","?","R","BOSS","M","?","?","?","?","E"],"items_purchased_type":[],"build_version":"2020-12-22","purchased_purges":1,"victory":false,"max_hp_per_floor":[82,82,82,82,82,82,82,82,89,89,89,89,89,89,89,89,89,89,89,89,89,89,89,89],"card_choices":[{"not_picked":["ReplayGash","Compile Driver","Coolheaded"],"picked":"SKIP","floor":1},{"not_picked":["Sweeping Beam","Go for the Eyes","Turbo"],"picked":"SKIP","floor":2},{"not_picked":["ReplaySolidLightProjector","Leap"],"picked":"BasicCrystalCard","floor":4},{"not_picked":["Compile Driver","Cold Snap"],"picked":"BasicCrystalCard","floor":5},{"not_picked":["Stack","Go for the Eyes"],"picked":"Mirror Shield","floor":7},{"not_picked":["Chaos","BasicCrystalCard"],"picked":"FIFO Queue","floor":10},{"not_picked":["Cold Snap","Rebound"],"picked":"Panic Button","floor":14},{"not_picked":["ReplayRNGCard","hubris:DoWhile"],"picked":"Reboot","floor":16},{"not_picked":["Sweeping Beam+1","Beam Cell"],"picked":"Self Repair+1","floor":18},{"not_picked":["Steam Power+1","hubris:PowerSurge"],"picked":"Chaos","floor":22}],"player_experience":220515,"relics_obtained":[{"floor":7,"key":"War Paint"},{"floor":9,"key":"Strawberry"},{"floor":14,"key":"Odd Mushroom"}],"event_choices":[{"damage_healed":0,"gold_gain":75,"player_choice":"Gather Gold","damage_taken":11,"max_hp_gain":0,"max_hp_loss":0,"event_name":"World of Goop","floor":3,"gold_loss":0},{"damage_healed":0,"gold_gain":0,"player_choice":"Success","damage_taken":12,"relics_obtained":["reliquary:OuijaBoard"],"max_hp_gain":0,"max_hp_loss":0,"event_name":"Scrap Ooze","floor":11,"gold_loss":0},{"damage_healed":0,"gold_gain":0,"player_choice":"Fought Mushrooms","damage_taken":0,"max_hp_gain":0,"max_hp_loss":0,"event_name":"Mushrooms","floor":14,"gold_loss":0},{"damage_healed":0,"gold_gain":0,"player_choice":"","damage_taken":6,"max_hp_gain":0,"max_hp_loss":0,"event_name":"Knowing Skull","floor":21,"potions_obtained":[],"gold_loss":0,"cards_obtained":[]}],"is_beta":false,"boss_relics":[{"not_picked":["Honey Jar","halation:SmartPhone"],"picked":"Nuclear Battery"}],"items_purged_floors":[12],"is_endless":false,"potions_floor_spawned":[1,7,14,18],"killed_by":"Gremlin Leader","ascension_level":3}}