{"host":"axfrvsjjk5s5yo6k","time":1612221434,"event":{"mods":["2.2 Compatiblity","Act Like it!","Aspiration","BaseMod","Better Vampires","Colored Map","Conspire","Custom Start","DeckTracker","Defuse TimeMaze Blight","Energized Spire","Friendly Minions","Halation","Highlight Path","Hubris","Infinite Spire","Minty Spire (QoL Compilation)","Random Character Button","Relic Sorter","Replay The Spire","StSLib","The Disciple","The Jungle","Unceasing Turn Reminder"],"gold_per_floor":[116,116,116,116,116,116,116,116],"floor_reached":7,"language":"ENG","playtime":448,"items_purged":[],"score":74,"play_id":"1dbd0248-28a9-45fb-a04d-5fa77efb0abf","local_time":"20210201181714","daily_mods":["DeadlyEvents","Elite Swarm"],"is_ascension_mode":true,"campfire_choices":[{"data":"After Image","floor":6,"key":"SMITH"}],"circlet_count":0,"master_deck":["Envenom","After Image+1","Infinite Blades","Infinite Blades","Accuracy","Accuracy","Noxious Fumes","Noxious Fumes","Blur","Blur","Deflect","Deflect"],"relics":["Unceasing Top","Gremlin Food","Unceasing Top","Mummified Hand","Gremlin Horn"],"acts_visited":["Exordium"],"potions_floor_usage":[],"damage_taken":[{"damage":3.0,"enemies":"Jaw Worm","floor":1.0,"turns":4.0},{"damage":73,"enemies":"Gremlin Nob","floor":7,"turns":4}],"seed_played":"3088346267906295533","potions_obtained":[],"is_trial":true,"path_per_floor":["M","?","?","?","$","R","E"],"character_chosen":"THE_SILENT","items_purchased":[],"campfire_rested":0,"item_purchase_floors":[],"current_hp_per_floor":[56,56,56,56,56,56,0,0],"gold":116,"neow_bonus":"","is_daily":false,"chose_seed":false,"campfire_upgraded":1,"win_rate":0.0,"timestamp":1612221434,"path_taken":["M","?","?","?","?","R","E"],"items_purchased_type":[],"build_version":"2020-12-22","purchased_purges":0,"victory":false,"max_hp_per_floor":[66,66,66,66,66,66,66,66],"card_choices":[{"not_picked":["ReplayTheSpireMod:Scrap Shanks","Deadly Poison","Sucker Punch"],"picked":"SKIP","floor":1}],"player_experience":798146,"relics_obtained":[],"event_choices":[{"damage_healed":0,"gold_gain":0,"player_choice":"Leave","damage_taken":0,"max_hp_gain":0,"max_hp_loss":0,"event_name":"The Cleric","floor":2,"gold_loss":0},{"damage_healed":0,"gold_gain":0,"player_choice":"Ignored","damage_taken":0,"max_hp_gain":0,"max_hp_loss":0,"event_name":"Golden Wing","floor":3,"gold_loss":0}],"is_beta":false,"boss_relics":[],"items_purged_floors":[],"is_endless":false,"potions_floor_spawned":[],"killed_by":"Gremlin Nob","ascension_level":20}}