{"host":"815dqs41i1y8uxms","time":1612199939,"event":{"mods":["Act Like it!","BaseMod","GungeonMod","Minty Spire (QoL Compilation)","Shop Mod","StSLib"],"gold_per_floor":[115,131,131,142,154,154,154],"floor_reached":6,"language":"ENG","playtime":511,"items_purged":[],"score":38,"play_id":"f6d68fd8-a923-4048-b5b2-7a535b030975","local_time":"20210201181859","is_ascension_mode":false,"campfire_choices":[],"circlet_count":0,"master_deck":["DemoMod:Strike_Huntress","DemoMod:Strike_Huntress","DemoMod:Strike_Huntress","DemoMod:Defend_Huntress","DemoMod:Defend_Huntress","DemoMod:Defend_Huntress","DemoMod:Defend_Huntress","DemoMod:Roll","DemoMod:ManualReload+1","DemoMod:RustySidearm","DemoMod:CrossBow","DemoMod:RadGun","DemoMod:SniperShot","DemoMod:DarkMarker","DemoMod:PotionOfGunFriendShip"],"relics":["DemoMod:Dog","Mango"],"acts_visited":["Exordium"],"potions_floor_usage":[6],"damage_taken":[{"damage":5,"enemies":"Small Slimes","floor":1,"turns":3},{"damage":12,"enemies":"Cultist","floor":2,"turns":5},{"damage":2,"enemies":"Jaw Worm","floor":4,"turns":4},{"damage":21,"enemies":"Exordium Wildlife","floor":5,"turns":8},{"damage":57,"enemies":"Gremlin Nob","floor":6,"turns":4}],"seed_played":"-4258600332470030378","potions_obtained":[{"floor":5,"key":"AttackPotion"}],"is_trial":false,"path_per_floor":["M","M","?","M","M","E"],"character_chosen":"HUNTRESS","items_purchased":[],"campfire_rested":0,"item_purchase_floors":[],"current_hp_per_floor":[72,60,60,58,37,0,0],"gold":154,"neow_bonus":"ONE_RARE_RELIC","is_daily":false,"chose_seed":false,"campfire_upgraded":0,"win_rate":0.0,"timestamp":1612199939,"path_taken":["M","M","?","M","M","E"],"items_purchased_type":[],"build_version":"2020-12-22","purchased_purges":0,"victory":false,"max_hp_per_floor":[77,77,77,77,77,77,77],"card_choices":[{"not_picked":["DemoMod:PotionOfGunFriendShip","DemoMod:AC15"],"picked":"DemoMod:RadGun","floor":1},{"not_picked":["DemoMod:AC15","DemoMod:Ejector"],"picked":"DemoMod:SniperShot","floor":2},{"not_picked":["DemoMod:GunstockTap","DemoMod:ChanceBullets"],"picked":"DemoMod:DarkMarker","floor":4},{"not_picked":["DemoMod:StickyCrossBow","DemoMod:BattleInHaste"],"picked":"DemoMod:PotionOfGunFriendShip","floor":5}],"player_experience":3715494,"relics_obtained":[],"event_choices":[{"damage_healed":0,"gold_gain":0,"player_choice":"Upgraded","damage_taken":0,"max_hp_gain":0,"max_hp_loss":0,"event_name":"Upgrade Shrine","floor":3,"gold_loss":0,"cards_upgraded":["DemoMod:ManualReload"]}],"is_beta":false,"boss_relics":[],"items_purged_floors":[],"is_endless":false,"potions_floor_spawned":[5],"killed_by":"Gremlin Nob","ascension_level":0}}