{"host":"dn6kke80v5f7isus","time":1612222999,"event":{"mods":["AchievementEnabler","Act Like it!","BaseMod","Colored Powertips","Custom Start","Defuse TimeMaze Blight","Gremlin Skip","Highlight Path","Hubris","Infinite Spire","Marisa????????","Minty Spire (QoL Compilation)","Rare Cards Sparkle","Reliquary","Replay The Spire","StSLib","The Servant 0.9.4","Uncapped","Unceasing Turn Reminder"],"gold_per_floor":[111,130,130,130,150,168,168,197,249,249,249,249,260,270,270,373,373,384,384,401,414,414,414,414],"floor_reached":23,"language":"ENG","playtime":641,"items_purged":["Defend_MRS"],"score":203,"play_id":"5d303a41-5e5f-475b-9331-7a40fb47a505","local_time":"20210201184319","is_ascension_mode":true,"campfire_choices":[{"data":"MasterSpark","floor":7.0,"key":"SMITH"},{"data":"UpSweep","floor":10.0,"key":"SMITH"},{"data":"PropBag","floor":12.0,"key":"SMITH"},{"floor":15.0,"key":"REST"}],"circlet_count":0,"master_deck":["Strike_MRS","Defend_MRS","Defend_MRS","Defend_MRS","MasterSpark+1","UpSweep+1","ShootingEcho+1","PropBag+1","EnergyFlow","WitchLeyline","SuperNova","MagicChant+1","ShootingEcho"],"relics":["MiniHakkero","hubris:MysteriousPyramids","Orichalcum","ExperimentalFamiliar","reliquary:WritOfMandamus","Strawberry","Ornamental Fan"],"acts_visited":["Exordium","TheCity"],"potions_floor_usage":[],"damage_taken":[{"damage":1.0,"enemies":"2 Louse","floor":1.0,"turns":2.0},{"damage":0.0,"enemies":"Small Slimes","floor":2.0,"turns":3.0},{"damage":1.0,"enemies":"Cultist","floor":5.0,"turns":3.0},{"damage":6.0,"enemies":"2 Fungi Beasts","floor":6.0,"turns":3.0},{"damage":11.0,"enemies":"Gremlin Nob","floor":8.0,"turns":3.0},{"damage":8.0,"enemies":"Gremlin Gang","floor":13.0,"turns":3.0},{"damage":3.0,"enemies":"Large Slime","floor":14.0,"turns":2.0},{"damage":37.0,"enemies":"The Guardian","floor":16.0,"turns":7.0},{"damage":16.0,"enemies":"2 Thieves","floor":18.0,"turns":3.0},{"damage":4.0,"enemies":"Chosen","floor":20.0,"turns":4.0},{"damage":17.0,"enemies":"Sentry and Sphere","floor":21.0,"turns":4.0},{"damage":48,"enemies":"Book of Stabbing","floor":23,"turns":4}],"seed_played":"677707027868027283","potions_obtained":[{"floor":5.0,"key":"SkillPotion"},{"floor":8.0,"key":"Weak Potion"},{"floor":14.0,"key":"SkillPotion"}],"is_trial":false,"path_per_floor":["M","M","?","?","M","M","R","E","T","R","?","R","M","M","R","B",null,"M","?","M","M","AVR","E"],"character_chosen":"MARISA","items_purchased":[],"campfire_rested":1,"item_purchase_floors":[],"current_hp_per_floor":[74,74,74,74,73,67,67,56,56,56,56,56,48,45,67,30,75,59,59,55,38,45,0,0],"gold":414,"neow_bonus":"REMOVE_CARD","is_daily":false,"chose_seed":false,"campfire_upgraded":3,"win_rate":0.0,"timestamp":1612222999,"path_taken":["M","M","?","?","M","M","R","E","T","R","?","R","?","M","R","BOSS","M","?","M","M","AVR","E"],"items_purchased_type":[],"build_version":"2020-12-22","purchased_purges":1,"victory":false,"max_hp_per_floor":[75,75,75,75,75,75,75,75,75,75,75,75,75,75,75,75,75,75,75,75,75,82,82,82],"card_choices":[{"not_picked":["ManaConvection","MeteoricShower"],"picked":"ShootingEcho","floor":1.0},{"not_picked":["OpenUniverse","MysteriousBeam","ShootingEcho"],"picked":"SKIP","floor":2.0},{"not_picked":["StarlightTyphoon","Acceleration","GravityBeat"],"picked":"SKIP","floor":5.0},{"not_picked":["GravityBeat","LuminesStrike","6A"],"picked":"SKIP","floor":6.0},{"not_picked":["Orbital","PowerUp"],"picked":"PropBag","floor":8.0},{"not_picked":["Robbery","MilkyWay"],"picked":"EnergyFlow","floor":13.0},{"not_picked":["PowerUp","NonDirectionalLaser"],"picked":"WitchLeyline","floor":14.0},{"not_picked":["BigCrunch","MaximisePower"],"picked":"SuperNova","floor":16.0},{"not_picked":["StarlightTyphoon","DarkMatter"],"picked":"MagicChant","floor":18.0},{"not_picked":["AsteroidBelt","Acceleration+1"],"picked":"ShootingEcho","floor":20.0},{"not_picked":["WitchOfGreed","EnergyRecoil+1","MysteriousBeam"],"picked":"SKIP","floor":21.0}],"player_experience":419285,"relics_obtained":[{"floor":8.0,"key":"hubris:MysteriousPyramids"},{"floor":9.0,"key":"Orichalcum"}],"event_choices":[{"cards_removed":["Strike_MRS"],"damage_healed":0.0,"max_hp_gain":0.0,"max_hp_loss":0.0,"gold_gain":0.0,"event_name":"Living Wall","player_choice":"Forget","floor":4.0,"gold_loss":0.0,"damage_taken":0.0},{"cards_removed":["Strike_MRS"],"damage_healed":0.0,"max_hp_gain":0.0,"max_hp_loss":0.0,"gold_gain":0.0,"event_name":"Bonfire Elementals","player_choice":"Offered Basic","floor":11.0,"gold_loss":0.0,"damage_taken":0.0},{"damage_healed":0.0,"max_hp_gain":0.0,"max_hp_loss":0.0,"gold_gain":0.0,"event_name":"Upgrade Shrine","player_choice":"Upgraded","floor":19.0,"gold_loss":0.0,"damage_taken":0.0,"cards_upgraded":["MagicChant"]}],"is_beta":false,"boss_relics":[{"not_picked":["Runic Pyramid","Runic Dome"],"picked":"ExperimentalFamiliar"}],"items_purged_floors":[22],"is_endless":false,"potions_floor_spawned":[5,8,14],"killed_by":"Book of Stabbing","ascension_level":1}}