{"host":"uonldg9uriwfhjjx","time":1612205232,"event":{"mods":["AchievementEnabler","BaseMod","Colored Map","Colored Powertips","Curses Come First","Highlight Path","Minty Spire (QoL Compilation)","Rare Cards Sparkle","Relic Stats","StSLib","The Cursed","The Marked"],"gold_per_floor":[359,72,91,91,106,140,140,10,37,70,70,145,156,156,156,156,156],"floor_reached":16,"language":"ENG","playtime":457,"items_purged":["Strike_B"],"score":187,"play_id":"900dc01a-d11d-4c5e-bda3-1b1a6c56e099","local_time":"20210201134712","is_ascension_mode":true,"campfire_choices":[{"data":"Redo","floor":7,"key":"SMITH"},{"floor":11,"key":"REST"},{"floor":15,"key":"REST"}],"circlet_count":0,"master_deck":["AscendersBane","Strike_B","Strike_B+1","Strike_B+1","Defend_B","Defend_B","Defend_B","Defend_B","Zap","Dualcast+1","Darkness","Heatsinks","Double Energy","Coolheaded","BootSequence","Redo+1","Conserve Battery","Static Discharge","Echo Form","Hello World"],"relics":["Cracked Core","Whetstone","Nunchaku","Shuriken"],"acts_visited":["Exordium"],"potions_floor_usage":[3,6,14,16],"damage_taken":[{"damage":2,"enemies":"Jaw Worm","floor":1,"turns":3},{"damage":10,"enemies":"Cultist","floor":3,"turns":5},{"damage":10,"enemies":"Small Slimes","floor":5,"turns":4},{"damage":21,"enemies":"3 Sentries","floor":6,"turns":9},{"damage":13,"enemies":"Lagavulin","floor":10,"turns":7},{"damage":10,"enemies":"3 Louse","floor":13,"turns":4},{"damage":0,"enemies":"Exordium Thugs","floor":14,"turns":1},{"damage":34,"enemies":"Slime Boss","floor":16,"turns":6}],"seed_played":"8998425454735543877","potions_obtained":[{"floor":1,"key":"SmokeBomb"},{"floor":5,"key":"FocusPotion"},{"floor":10,"key":"EssenceOfDarkness"}],"is_trial":false,"path_per_floor":["M","$","M","?","M","E","R","$","T","E","R","?","M","M","R","B"],"character_chosen":"DEFECT","items_purchased":["Heatsinks","Double Energy","Fruit Juice","Conserve Battery","Static Discharge"],"campfire_rested":2,"item_purchase_floors":[2,2,2,8,8],"current_hp_per_floor":[62,62,57,57,47,26,26,26,26,13,33,22,12,12,32,0,0],"gold":156,"neow_bonus":"TWO_FIFTY_GOLD","is_daily":false,"chose_seed":false,"campfire_upgraded":1,"win_rate":0.0,"timestamp":1612205232,"path_taken":["M","$","M","?","?","E","R","$","T","E","R","?","M","M","R","BOSS"],"items_purchased_type":["Card","Card","Potion","Card","Card"],"build_version":"2020-12-22","purchased_purges":1,"victory":false,"max_hp_per_floor":[64,64,69,69,69,69,69,69,69,69,69,69,69,69,69,69,69],"relic_stats":{"Nunchaku":[0],"counters":[8,39],"Shuriken":[0],"Whetstone":["Strike_B","Strike_B"],"obtain_stats":[{"Nunchaku":9,"Shuriken":10,"Whetstone":6,"Cracked Core":0},{"Nunchaku":4,"Shuriken":5,"Whetstone":4,"Cracked Core":0},{"Nunchaku":21,"Shuriken":28,"Whetstone":21,"Cracked Core":0}]},"card_choices":[{"not_picked":["Aggregate","FTL"],"picked":"Darkness","floor":1},{"not_picked":["Aggregate","Steam"],"picked":"Coolheaded","floor":3},{"not_picked":["Cold Snap","Barrage"],"picked":"BootSequence","floor":5},{"not_picked":["Rip and Tear","Thunder Strike"],"picked":"Redo","floor":6},{"not_picked":["Fission","Undo"],"picked":"Echo Form","floor":10},{"not_picked":["Streamline","Melter"],"picked":"Hello World","floor":13}],"player_experience":829846,"relics_obtained":[{"floor":6,"key":"Whetstone"},{"floor":9,"key":"Nunchaku"},{"floor":10,"key":"Shuriken"}],"event_choices":[{"damage_healed":0,"gold_gain":0,"player_choice":"Upgraded","damage_taken":0,"max_hp_gain":0,"max_hp_loss":0,"event_name":"Upgrade Shrine","floor":4,"gold_loss":0,"cards_upgraded":["Dualcast"]},{"damage_healed":0,"gold_gain":75,"player_choice":"Gather Gold","damage_taken":11,"max_hp_gain":0,"max_hp_loss":0,"event_name":"World of Goop","floor":12,"gold_loss":0}],"is_beta":false,"boss_relics":[],"items_purged_floors":[2],"is_endless":false,"potions_floor_spawned":[1,5,10,14],"killed_by":"Slime Boss","ascension_level":14}}