{"host":"neeznpvpgo0qgfkd","time":1612199010,"event":{"mods":["AchievementEnabler","BaseMod","BetterRewards","Colored Map","Colored Powertips","Exacting","Minty Spire (QoL Compilation)","Permanent Neow","Quick Restart","Shop Mod"],"gold_per_floor":[114,8,8,22,40,69,95,95,144,211,273,307,307,375,375,464,464,498,551,582,582,341,341,375,409,455,489,489,531,320,354,354,433,433,443,458,483,483,313,345,294,294,294,244,244,277,277,316,316,316,316],"floor_reached":50,"language":"ENG","playtime":2590,"items_purged":[],"score":1886,"play_id":"39f835d3-7616-4227-8ca8-59e90ed8ebed","local_time":"20210201120330","is_ascension_mode":true,"campfire_choices":[{"floor":8.0,"key":"RECALL"},{"floor":15,"key":"REST"},{"data":"Apotheosis","floor":23,"key":"SMITH"},{"data":"Tools of the Trade","floor":28,"key":"SMITH"},{"data":"1","floor":32,"key":"LIFT"},{"data":"2","floor":42,"key":"LIFT"},{"data":"3","floor":49,"key":"LIFT"}],"circlet_count":0,"master_deck":["AscendersBane","Strike_G+1","Strike_G","Strike_G","Strike_G+1","Strike_G","Defend_G","Defend_G","Defend_G+1","Defend_G","Defend_G","Survivor","Neutralize","Mayhem+1","Noxious Fumes","A Thousand Cuts","Noxious Fumes","Blade Dance","Dodge and Roll","Apotheosis+1","Finisher+1","Dodge and Roll","Cloak And Dagger","Bane","Riddle With Holes","Flying Knee","Neutralize","Corpse Explosion","Bouncing Flask","Dodge and Roll","Tools of the Trade+1","Cloak And Dagger","Burst","Dramatic Entrance","Cloak And Dagger+1","Glass Knife","Terror+1","Madness+1","Madness","Die Die Die","Footwork+1","Dagger Spray"],"relics":["Ring of the Snake","Membership Card","Mummified Hand","Bag of Marbles","HandDrill","The Specimen","Lizard Tail","Eternal Feather","Mango","Omamori","TwistedFunnel","Paper Crane","Juzu Bracelet","Regal Pillow","HornCleat","Bottled Flame","WristBlade","Boot","Snake Skull","Frozen Egg 2","Akabeko","Meat on the Bone","Singing Bowl","MealTicket","Girya","Sozu","Du-Vu Doll","Vajra","Ancient Tea Set","Lantern","CeramicFish","MerchantsRug","War Paint","Pantograph"],"acts_visited":["Exordium","TheCity","TheBeyond"],"potions_floor_usage":[12,33,33],"damage_taken":[{"damage":0.0,"enemies":"2 Louse","floor":1.0,"turns":2.0},{"damage":0.0,"enemies":"Small Slimes","floor":4.0,"turns":2.0},{"damage":0.0,"enemies":"Cultist","floor":5.0,"turns":2.0},{"damage":8.0,"enemies":"Lagavulin","floor":6.0,"turns":5.0},{"damage":23.0,"enemies":"Gremlin Nob","floor":7.0,"turns":4.0},{"damage":14,"enemies":"3 Sentries","floor":10,"turns":4},{"damage":3,"enemies":"Lagavulin Event","floor":11,"turns":4},{"damage":6,"enemies":"Lagavulin","floor":12,"turns":3},{"damage":7,"enemies":"3 Sentries","floor":14,"turns":4},{"damage":18,"enemies":"Slime Boss","floor":16,"turns":7},{"damage":0,"enemies":"Chosen","floor":18,"turns":3},{"damage":0,"enemies":"3 Byrds","floor":20,"turns":1},{"damage":1,"enemies":"Snecko","floor":24,"turns":4},{"damage":0,"enemies":"Slavers","floor":25,"turns":1},{"damage":0,"enemies":"Gremlin Leader","floor":27,"turns":3},{"damage":12,"enemies":"Slavers","floor":29,"turns":4},{"damage":0,"enemies":"3 Cultists","floor":31,"turns":1},{"damage":44,"enemies":"Automaton","floor":33,"turns":7},{"damage":2,"enemies":"Orb Walker","floor":35,"turns":2},{"damage":10,"enemies":"3 Shapes","floor":36,"turns":1},{"damage":0,"enemies":"Mind Bloom Boss Battle","floor":37,"turns":3},{"damage":0,"enemies":"Reptomancer","floor":40,"turns":2},{"damage":18,"enemies":"Nemesis","floor":46,"turns":3},{"damage":0,"enemies":"Reptomancer","floor":48,"turns":2},{"damage":167,"enemies":"Time Eater","floor":50,"turns":12}],"seed_played":"-8369328184751569780","potions_obtained":[{"floor":1.0,"key":"Explosive Potion"},{"floor":5.0,"key":"GamblersBrew"},{"floor":11,"key":"SteroidPotion"},{"floor":14,"key":"Ancient Potion"},{"floor":14,"key":"Ancient Potion"},{"floor":20,"key":"Energy Potion"},{"floor":27,"key":"DistilledChaos"}],"is_trial":false,"path_per_floor":["M","$","?","M","M","E","E","R","T","E","?","E","?","E","R","B",null,"M","T","M","?","$","R","M","E","T","E","R","E","$","M","R","B",null,"M","M","?","?","$","E","$","R","T","?","?","E","?","E","R","B"],"character_chosen":"THE_SILENT","items_purchased":["Membership Card","Mummified Hand","Bag of Marbles","Mayhem","Noxious Fumes","HandDrill","Eternal Feather","A Thousand Cuts","Noxious Fumes","Omamori","TwistedFunnel","Blade Dance","Apotheosis","Frozen Egg 2","Akabeko","Cloak And Dagger","Girya","Dramatic Entrance","Vajra","Ancient Tea Set","Lantern","Lee\u0027s Waffle","CeramicFish","MerchantsRug","Footwork+1"],"campfire_rested":1,"item_purchase_floors":[0,0,0,0,0,0,0,0,0,0,0,0,2,22,22,22,30,30,39,39,41,41,41,41,41],"current_hp_per_floor":[73,73,73,73,73,65,42,54,54,40,37,31,31,24,78,60,75,75,75,75,75,75,80,79,79,79,88,89,77,89,89,89,45,78,78,68,70,53,68,68,100,100,100,100,100,84,84,84,102,0,0],"gold":316,"neow_bonus":"","is_daily":false,"chose_seed":false,"campfire_upgraded":2,"win_rate":0.0,"timestamp":1612199010,"path_taken":["M","$","?","M","M","E","E","R","T","E","?","E","?","E","R","BOSS","M","?","M","?","$","R","M","E","T","E","R","E","$","M","R","BOSS","M","M","?","?","?","E","$","R","T","?","?","E","?","E","R","BOSS"],"items_purchased_type":["Relic","Relic","Relic","Card","Card","Relic","Relic","Card","Card","Relic","Relic","Card","Card","Relic","Relic","Card","Relic","Card","Relic","Relic","Relic","Relic","Relic","Relic","Card"],"build_version":"2020-12-22","purchased_purges":0,"victory":false,"max_hp_per_floor":[80,80,80,80,80,80,80,80,80,80,80,80,80,80,80,80,80,80,80,80,80,80,80,80,80,80,89,89,89,89,89,89,89,89,91,91,93,93,93,93,100,100,100,100,100,102,102,102,102,102,102],"card_choices":[{"not_picked":["Deflect","Concentrate"],"picked":"Dodge and Roll","floor":1.0},{"not_picked":["Choke","Quick Slash"],"picked":"Finisher","floor":4.0},{"not_picked":["PiercingWail","Bouncing Flask"],"picked":"Dodge and Roll","floor":5.0},{"not_picked":["Die Die Die","Backflip"],"picked":"Cloak And Dagger","floor":6.0},{"not_picked":["Acrobatics","Predator"],"picked":"Bane","floor":7.0},{"not_picked":["Dagger Throw","Heel Hook"],"picked":"Riddle With Holes","floor":10},{"not_picked":["Dagger Throw","Setup"],"picked":"Flying Knee","floor":11},{"not_picked":["Sucker Punch","Backflip","Finisher"],"picked":"SKIP","floor":12},{"not_picked":["Slice","All Out Attack","Doppelganger"],"picked":"SKIP","floor":14},{"not_picked":["Venomology","Burst"],"picked":"Corpse Explosion","floor":16},{"not_picked":["Outmaneuver","Cloak And Dagger"],"picked":"Bouncing Flask","floor":18},{"not_picked":["PiercingWail","Quick Slash"],"picked":"Dodge and Roll","floor":20},{"not_picked":["Eviscerate","Quick Slash"],"picked":"Backstab","floor":24},{"not_picked":["Bullet Time","Flying Knee","Backflip"],"picked":"SKIP","floor":25},{"not_picked":["Well Laid Plans+1","Poisoned Stab","Concentrate+1"],"picked":"Singing Bowl","floor":27},{"not_picked":["Deadly Poison","Blade Dance+1"],"picked":"Burst","floor":29},{"not_picked":["Deflect","Catalyst"],"picked":"Cloak And Dagger+1","floor":31},{"not_picked":["Bullet Time","Grand Finale"],"picked":"Glass Knife","floor":33},{"not_picked":["Expertise+1","PiercingWail","Catalyst+1"],"picked":"Singing Bowl","floor":35},{"not_picked":["Dagger Throw","Deadly Poison+1"],"picked":"Terror+1","floor":36},{"not_picked":["Quick Slash","Underhanded Strike","Dash"],"picked":"Singing Bowl","floor":37},{"not_picked":["Skewer","Dash"],"picked":"Die Die Die","floor":40},{"not_picked":["Poisoned Stab+1","PiercingWail+1","Flying Knee"],"picked":"Singing Bowl","floor":46},{"not_picked":["Choke+1","Cloak And Dagger"],"picked":"Dagger Spray","floor":48}],"player_experience":1965803,"relics_obtained":[{"floor":6.0,"key":"Paper Crane"},{"floor":7.0,"key":"Juzu Bracelet"},{"floor":9.0,"key":"Regal Pillow"},{"floor":10,"key":"HornCleat"},{"floor":11,"key":"Matryoshka"},{"floor":12,"key":"Bottled Flame"},{"floor":14,"key":"Art of War"},{"floor":19,"key":"Boot"},{"floor":19,"key":"Snake Skull"},{"floor":25,"key":"Meat on the Bone"},{"floor":26,"key":"Singing Bowl"},{"floor":26,"key":"MealTicket"},{"floor":27,"key":"Strawberry"},{"floor":29,"key":"Whetstone"},{"floor":37,"key":"Du-Vu Doll"},{"floor":40,"key":"Peace Pipe"},{"floor":46,"key":"War Paint"},{"floor":48,"key":"Pantograph"}],"event_choices":[{"damage_healed":0.0,"max_hp_gain":0.0,"max_hp_loss":0.0,"gold_gain":0.0,"event_name":"Golden Wing","player_choice":"Ignored","floor":3.0,"gold_loss":0.0,"damage_taken":0.0},{"damage_healed":0,"gold_gain":30,"player_choice":"Searched \u00273\u0027 times","damage_taken":0,"max_hp_gain":0,"max_hp_loss":0,"event_name":"Dead Adventurer","floor":11,"gold_loss":0},{"damage_healed":0,"gold_gain":0,"player_choice":"1 cards matched","damage_taken":0,"max_hp_gain":0,"max_hp_loss":0,"event_name":"Match and Keep!","floor":13,"gold_loss":0,"cards_obtained":["Neutralize"]},{"damage_healed":0,"gold_gain":0,"player_choice":"Read","damage_taken":0,"max_hp_gain":0,"max_hp_loss":0,"event_name":"The Library","floor":21,"gold_loss":0,"cards_obtained":["Tools of the Trade"]},{"damage_healed":0,"gold_gain":0,"player_choice":"Fight","damage_taken":0,"max_hp_gain":0,"max_hp_loss":0,"event_name":"MindBloom","floor":37,"gold_loss":0},{"damage_healed":0,"gold_gain":0,"player_choice":"Embrace Madness","damage_taken":17,"max_hp_gain":0,"max_hp_loss":0,"event_name":"Winding Halls","floor":38,"gold_loss":0,"cards_obtained":["Madness","Madness"]},{"damage_healed":0,"gold_gain":0,"player_choice":"Upgraded Two","damage_taken":0,"max_hp_gain":0,"max_hp_loss":0,"event_name":"Designer","floor":44,"gold_loss":50,"cards_upgraded":["Mayhem","Finisher"]},{"damage_healed":0,"gold_gain":0,"player_choice":"Ignored","damage_taken":0,"max_hp_gain":0,"max_hp_loss":0,"event_name":"Purifier","floor":45,"gold_loss":0},{"cards_removed":["Backstab"],"damage_healed":0,"gold_gain":0,"player_choice":"Removed Attack","damage_taken":0,"max_hp_gain":0,"max_hp_loss":0,"event_name":"Falling","floor":47,"gold_loss":0}],"is_beta":false,"boss_relics":[{"not_picked":["Runic Pyramid","Runic Dome"],"picked":"WristBlade"},{"not_picked":["Busted Crown","Philosopher\u0027s Stone"],"picked":"Sozu"}],"items_purged_floors":[],"is_endless":false,"potions_floor_spawned":[1,5,11,14,20,24,31,36,40],"killed_by":"Time Eater","ascension_level":20}}