{"host":"hbel9g7s7ibv8po6","time":1612155018,"event":{"mods":["Act Like it!","BaseMod","Duelist Mod","Minty Spire (QoL Compilation)","StSLib"],"gold_per_floor":[135,135,210,210,55,55,85,97,163,204,236,110,141,159,159,159,159],"floor_reached":16,"language":"ENG","playtime":361,"items_purged":["Regret","theDuelist:Sparks"],"score":203,"play_id":"e21ad4ea-8cd8-4f7a-b8b3-24d68ac5d5a5","local_time":"20210201125018","is_ascension_mode":true,"campfire_choices":[{"data":"theDuelist:SuperheavySoulshield","floor":6,"key":"SMITH"},{"data":"theDuelist:LegendHeart","floor":8,"key":"SMITH"},{"data":"theDuelist:CommandKnight","floor":15,"key":"SMITH"}],"circlet_count":0,"master_deck":["AscendersBane","theDuelist:CastleWalls","theDuelist:CastleWalls","theDuelist:ColossalFighter","theDuelist:CommandKnight+1","theDuelist:FeedbackWarrior","theDuelist:FeedbackWarrior","theDuelist:MightyWarrior","theDuelist:SuperheavySoulbuster","theDuelist:LegendHeart+1","theDuelist:MightyWarrior","theDuelist:SuperheavySoulshield+1","theDuelist:BladeKnight","theDuelist:Sogen","theDuelist:Sogen","theDuelist:GridRod+1"],"relics":["theDuelist:MillenniumPuzzle","theDuelist:CardPoolRelic","theDuelist:CardPoolBasicRelic","theDuelist:BoosterPackPoolRelic","theDuelist:CardPoolAddRelic","theDuelist:CardPoolMinusRelic","theDuelist:CardPoolSaveRelic","theDuelist:CardPoolOptionsRelic","NeowsBlessing","theDuelist:YugiMirror","theDuelist:CursedHealer","MawBank","Snake Skull","theDuelist:MetronomeRelicB"],"acts_visited":["Exordium"],"potions_floor_usage":[],"damage_taken":[{"damage":0,"enemies":"Small Slimes","floor":1,"turns":1},{"damage":0,"enemies":"Lagavulin","floor":7,"turns":1},{"damage":0,"enemies":"2 Louse","floor":11,"turns":1},{"damage":23,"enemies":"3 Sentries","floor":13,"turns":6},{"damage":0,"enemies":"Cultist","floor":14,"turns":2},{"damage":0,"enemies":"The Guardian","floor":16,"turns":1}],"seed_played":"-4957603715057351274","potions_obtained":[{"floor":11,"key":"theDuelist:FusionPotion"},{"floor":13,"key":"Dexterity Potion"},{"floor":14,"key":"theDuelist:BurningPotion"}],"is_trial":false,"path_per_floor":["M","?","?","?","$","R","E","R","T","?","M","$","E","M","R","B"],"character_chosen":"THE_DUELIST","items_purchased":["theDuelist:SuperheavySoulshield","theDuelist:Sogen"],"campfire_rested":0,"item_purchase_floors":[5,12],"current_hp_per_floor":[72,72,61,80,80,80,80,80,80,80,80,80,57,57,57,57,57],"gold":159,"neow_bonus":"THREE_ENEMY_KILL","is_daily":false,"chose_seed":false,"campfire_upgraded":3,"win_rate":0.0,"timestamp":1612155018,"path_taken":["M","?","?","?","?","R","E","R","T","?","?","$","E","M","R","BOSS"],"items_purchased_type":["Card","Card"],"build_version":"2020-12-22","purchased_purges":2,"victory":false,"max_hp_per_floor":[80,80,80,80,80,80,80,80,80,80,80,80,80,80,80,80,80],"card_choices":[{"not_picked":["theDuelist:CyberRaider","theDuelist:MagneticField","theDuelist:Mudballman","theDuelist:SuperheavySoulpiercer"],"picked":"theDuelist:LegendHeart","floor":1},{"not_picked":["theDuelist:FeedbackWarrior","theDuelist:Downbeat","theDuelist:MagnumShield","theDuelist:HardArmor"],"picked":"theDuelist:BladeKnight","floor":7},{"not_picked":["theDuelist:BladeKnight","theDuelist:SuperheavyMagnet","theDuelist:SoldierLady","theDuelist:SuperheavySoulbuster","theDuelist:SuperheavyFlutist"],"picked":"SKIP","floor":11},{"not_picked":["theDuelist:ImperialOrder","theDuelist:WeaponChange","theDuelist:CommanderSwords"],"picked":"theDuelist:Sogen","floor":13},{"not_picked":["theDuelist:ElectromagneticShield+1","theDuelist:WeaponChange+1","theDuelist:Flint+1","theDuelist:CrystalTree+1"],"picked":"theDuelist:GridRod+1","floor":14}],"player_experience":184534,"relics_obtained":[{"floor":7,"key":"MawBank"},{"floor":9,"key":"Snake Skull"},{"floor":13,"key":"theDuelist:MetronomeRelicB"}],"event_choices":[{"damage_healed":0,"gold_gain":0,"player_choice":"Box","damage_taken":0,"relics_obtained":["theDuelist:YugiMirror"],"max_hp_gain":0,"max_hp_loss":0,"event_name":"Big Fish","floor":2,"gold_loss":0,"cards_obtained":["Regret"]},{"damage_healed":0,"gold_gain":75,"player_choice":"Gather Gold","damage_taken":11,"max_hp_gain":0,"max_hp_loss":0,"event_name":"World of Goop","floor":3,"gold_loss":0},{"damage_healed":0,"gold_gain":0,"player_choice":"Succumb - +25HP/Cursed Relic","duelist":true,"damage_taken":0,"max_hp_gain":0,"max_hp_loss":0,"event_name":"Tomb of the Nameless","floor":4,"gold_loss":0},{"damage_healed":0,"gold_gain":0,"player_choice":"Sold Sparks for 29 Gold.","duelist":true,"damage_taken":0,"max_hp_gain":0,"max_hp_loss":0,"event_name":"Card Trader","floor":10,"gold_loss":0}],"is_beta":false,"boss_relics":[],"items_purged_floors":[5,12],"is_endless":false,"potions_floor_spawned":[11,13,14],"killed_by":"The Guardian","ascension_level":11}}