{"host":"yqw1zpryoutrnocq","time":1612210245,"event":{"mods":["2.2 Compatiblity","AchievementEnabler","BaseMod","Colored Map","Custom Start","DeckTracker","Minty Spire (QoL Compilation)","StSLib","SuperFastMode"],"gold_per_floor":[112,187,203,17,34,67,67,78,78,178,205,219,235,246,246,349,349,369,53,53,67,67,99,99,99,123,0,99,99,110,29,29,29,29],"floor_reached":33,"language":"KOR","playtime":795,"items_purged":["Strike_G"],"score":345,"play_id":"ca5b2f4e-86d6-4991-bce6-464ea25d437f","local_time":"20210201141045","is_ascension_mode":true,"campfire_choices":[{"data":"Apotheosis","floor":7.0,"key":"SMITH"},{"floor":15.0,"key":"REST"},{"floor":24.0,"key":"REST"},{"floor":32,"key":"REST"}],"circlet_count":0,"master_deck":["Strike_G","Strike_G","Defend_G","Defend_G","Defend_G","Defend_G","Defend_G","Survivor","Neutralize","Backflip","Backstab","Apotheosis+1","Cloak And Dagger","Cloak And Dagger","Dodge and Roll","Cloak And Dagger","Poisoned Stab","Sucker Punch","A Thousand Cuts","Blur","Noxious Fumes","PiercingWail","Flying Knee","Accuracy","Acrobatics","Acrobatics+1","Dagger Spray","Footwork"],"relics":["Ring of the Serpent","Tiny Chest","Omamori","Boot","Juzu Bracelet","StrikeDummy","Du-Vu Doll","Potion Belt","Gremlin Horn"],"acts_visited":["Exordium","TheCity"],"potions_floor_usage":[],"damage_taken":[{"damage":6.0,"enemies":"Jaw Worm","floor":1.0,"turns":4.0},{"damage":5.0,"enemies":"Cultist","floor":3.0,"turns":5.0},{"damage":0.0,"enemies":"2 Louse","floor":5.0,"turns":2.0},{"damage":13.0,"enemies":"Gremlin Nob","floor":6.0,"turns":3.0},{"damage":0.0,"enemies":"Red Slaver","floor":8.0,"turns":2.0},{"damage":14.0,"enemies":"Exordium Thugs","floor":12.0,"turns":5.0},{"damage":0.0,"enemies":"Lots of Slimes","floor":13.0,"turns":4.0},{"damage":0.0,"enemies":"Large Slime","floor":14.0,"turns":5.0},{"damage":16.0,"enemies":"Hexaghost","floor":16.0,"turns":11.0},{"damage":17.0,"enemies":"3 Byrds","floor":18.0,"turns":3.0},{"damage":13.0,"enemies":"Spheric Guardian","floor":21.0,"turns":5.0},{"damage":25.0,"enemies":"Slavers","floor":23.0,"turns":6.0},{"damage":5,"enemies":"Chosen and Byrds","floor":30,"turns":7},{"damage":37,"enemies":"Collector","floor":33,"turns":3}],"seed_played":"5562622480677844696","potions_obtained":[{"floor":1.0,"key":"AttackPotion"},{"floor":3.0,"key":"DistilledChaos"},{"floor":13.0,"key":"Dexterity Potion"},{"floor":16.0,"key":"Explosive Potion"},{"floor":21.0,"key":"Block Potion"}],"is_trial":false,"path_per_floor":["M","?","M","$","M","E","R","M","T","?","T","M","M","M","R","B",null,"M","$","?","M","T","E","R","?","T","?","?","T","M","$","R","B"],"character_chosen":"THE_SILENT","items_purchased":["Apotheosis","Juzu Bracelet","Noxious Fumes","PiercingWail","Footwork"],"campfire_rested":3,"item_purchase_floors":[4,19,19,19,31],"current_hp_per_floor":[57,50,45,45,45,32,32,32,32,32,32,18,18,18,39,23,58,41,41,41,28,28,3,24,11,11,11,11,11,6,6,28,0,0],"gold":29,"neow_bonus":"RANDOM_COMMON_RELIC","is_daily":false,"chose_seed":false,"campfire_upgraded":1,"win_rate":0.0,"timestamp":1612210245,"path_taken":["M","?","M","$","?","E","R","M","T","?","?","M","?","M","R","BOSS","M","?","?","M","?","E","R","?","T","?","?","?","M","?","R","BOSS"],"items_purchased_type":["Card","Relic","Card","Card","Card"],"build_version":"2020-12-22","purchased_purges":1,"victory":false,"max_hp_per_floor":[70,70,70,70,70,70,70,70,70,70,70,70,70,70,70,70,70,70,70,70,70,70,70,70,75,75,75,75,75,75,75,75,75,75],"card_choices":[{"not_picked":["Deadly Poison","Slice"],"picked":"Backflip","floor":1.0},{"not_picked":["Prepared","Expertise"],"picked":"Backstab","floor":3.0},{"not_picked":["Backflip","Finisher"],"picked":"Cloak And Dagger","floor":5.0},{"not_picked":["Deadly Poison","Dagger Throw"],"picked":"Cloak And Dagger","floor":6.0},{"not_picked":["Outmaneuver","Well Laid Plans"],"picked":"Dodge and Roll","floor":8.0},{"not_picked":["Underhanded Strike","Endless Agony"],"picked":"Cloak And Dagger","floor":12.0},{"not_picked":["Deadly Poison","Accuracy"],"picked":"Poisoned Stab","floor":13.0},{"not_picked":["Deadly Poison","Outmaneuver"],"picked":"Sucker Punch","floor":14.0},{"not_picked":["Doppelganger","Envenom"],"picked":"A Thousand Cuts","floor":16.0},{"not_picked":["Dodge and Roll","Prepared"],"picked":"Blur","floor":18.0},{"not_picked":["Predator","Infinite Blades"],"picked":"Acrobatics","floor":21.0},{"not_picked":["Concentrate","Reflex"],"picked":"Acrobatics+1","floor":23.0},{"not_picked":["Sucker Punch","PiercingWail"],"picked":"Dagger Spray","floor":30}],"player_experience":254983,"relics_obtained":[{"floor":6.0,"key":"Omamori"},{"floor":11.0,"key":"Boot"},{"floor":22.0,"key":"StrikeDummy"},{"floor":23.0,"key":"Du-Vu Doll"},{"floor":26.0,"key":"Potion Belt"},{"floor":29,"key":"Gremlin Horn"}],"event_choices":[{"damage_healed":0.0,"max_hp_gain":0.0,"max_hp_loss":0.0,"gold_gain":75.0,"event_name":"FaceTrader","player_choice":"Touch","floor":2.0,"gold_loss":0.0,"damage_taken":7.0},{"damage_healed":0.0,"max_hp_gain":0.0,"max_hp_loss":0.0,"gold_gain":100.0,"event_name":"Golden Shrine","player_choice":"Pray","floor":10.0,"gold_loss":0.0,"damage_taken":0.0},{"damage_healed":0.0,"max_hp_gain":0.0,"max_hp_loss":0.0,"gold_gain":0.0,"cards_transformed":["Strike_G","Strike_G"],"event_name":"Drug Dealer","player_choice":"Became Test Subject","floor":20.0,"gold_loss":0.0,"damage_taken":0.0,"cards_obtained":["Flying Knee","Accuracy"]},{"damage_healed":0.0,"max_hp_gain":5.0,"max_hp_loss":0.0,"gold_gain":0.0,"event_name":"Forgotten Altar","player_choice":"Shed Blood","floor":25.0,"gold_loss":0.0,"damage_taken":18.0},{"damage_healed":0,"gold_gain":0,"player_choice":"Paid Fearfully","damage_taken":0,"max_hp_gain":0,"max_hp_loss":0,"event_name":"Masked Bandits","floor":27,"gold_loss":123},{"damage_healed":0,"gold_gain":99,"player_choice":"Stole From Cult","damage_taken":0,"max_hp_gain":0,"max_hp_loss":0,"event_name":"Nest","floor":28,"gold_loss":0}],"is_beta":false,"boss_relics":[{"not_picked":["Cursed Key","HoveringKite"],"picked":"Ring of the Serpent"}],"items_purged_floors":[19],"is_endless":false,"potions_floor_spawned":[1,3,13,16,21],"killed_by":"Collector","ascension_level":6}}