{"host":"w8jq41i5zn1fudf9","time":1612207445,"event":{"mods":["AchievementEnabler","BaseMod","Colored Map","Colored Powertips","Curses Come First","GifTheSpireLib","Googly Eyes","Minty Spire (QoL Compilation)","Quick Restart","Rare Cards Sparkle","Relic Stats","StSLib","The Awakened One except there are too many feathers","egg","everything is the same but u backflip on backflip","slay the spire mod where everything is the same but ironclad has a cowboy hat"],"gold_per_floor":[118,137,312,312,322,322,354,354,354,380,62,76,76,76,76,76,76],"floor_reached":16,"language":"ENG","playtime":471,"items_purged":[],"score":130,"play_id":"d53435ba-5d44-4df8-9032-c030ab7bf796","local_time":"20210201122405","is_ascension_mode":true,"campfire_choices":[{"data":"Zap","floor":6,"key":"SMITH"},{"floor":8,"key":"REST"},{"floor":15,"key":"REST"}],"circlet_count":0,"master_deck":["Strike_B","Strike_B","Strike_B","Strike_B","Defend_B","Defend_B","Defend_B","Defend_B","Zap+1","Dualcast","Gash","Doubt","Fusion+1","Conserve Battery","Seek","Ball Lightning","Cold Snap"],"relics":["Cracked Core","Ginger","White Beast Statue","Lantern","Ornamental Fan","TungstenRod"],"acts_visited":["Exordium"],"potions_floor_usage":[7,10,12,16],"damage_taken":[{"damage":9,"enemies":"Jaw Worm","floor":1,"turns":3},{"damage":7,"enemies":"Small Slimes","floor":2,"turns":3},{"damage":1,"enemies":"Cultist","floor":5,"turns":3},{"damage":23,"enemies":"Gremlin Nob","floor":7,"turns":4},{"damage":62,"enemies":"Lagavulin","floor":10,"turns":8},{"damage":1,"enemies":"Exordium Thugs","floor":12,"turns":4},{"damage":56,"enemies":"Slime Boss","floor":16,"turns":8}],"seed_played":"-7450214505045278278","potions_obtained":[{"floor":2,"key":"Fire Potion"},{"floor":5,"key":"PotionOfCapacity"},{"floor":7,"key":"Regen Potion"},{"floor":10,"key":"DistilledChaos"},{"floor":12,"key":"CultistPotion"}],"is_trial":false,"path_per_floor":["M","M","?","?","M","R","E","R","T","E","$","M","?","?","R","B"],"character_chosen":"DEFECT","items_purchased":["TungstenRod","Ball Lightning"],"campfire_rested":2,"item_purchase_floors":[11,11],"current_hp_per_floor":[66,59,59,59,58,58,35,57,57,10,10,9,34,34,56,0,0],"gold":76,"neow_bonus":"ONE_RARE_RELIC","is_daily":false,"chose_seed":false,"campfire_upgraded":1,"win_rate":0.0,"timestamp":1612207445,"path_taken":["M","M","?","?","?","R","E","R","T","E","?","M","?","?","R","BOSS"],"items_purchased_type":["Relic","Card"],"build_version":"2020-12-22","purchased_purges":0,"victory":false,"max_hp_per_floor":[75,75,75,75,75,75,75,75,75,75,75,75,75,75,75,75,75],"relic_stats":{"counters":[7,33],"Ornamental Fan":[12],"Ginger":[9],"obtain_stats":[{"Lantern":9,"Ornamental Fan":10,"Ginger":0,"Cracked Core":0,"White Beast Statue":7,"TungstenRod":11},{"Lantern":4,"Ornamental Fan":5,"Ginger":0,"Cracked Core":0,"White Beast Statue":4,"TungstenRod":5},{"Lantern":13,"Ornamental Fan":21,"Ginger":0,"Cracked Core":0,"White Beast Statue":13,"TungstenRod":21}],"TungstenRod":7},"card_choices":[{"not_picked":["Beam Cell","Turbo"],"picked":"Gash","floor":1},{"not_picked":["Streamline","Steam Power","Redo"],"picked":"SKIP","floor":2},{"not_picked":["Beam Cell","Reprogram"],"picked":"Fusion","floor":5},{"not_picked":["Leap","Rip and Tear"],"picked":"Conserve Battery","floor":7},{"not_picked":["Undo","Turbo"],"picked":"Seek","floor":10},{"not_picked":["Blizzard","Doom and Gloom"],"picked":"Cold Snap","floor":12}],"player_experience":80248,"relics_obtained":[{"floor":7,"key":"White Beast Statue"},{"floor":9,"key":"Lantern"},{"floor":10,"key":"Ornamental Fan"}],"event_choices":[{"damage_healed":0,"gold_gain":175,"player_choice":"AGREE","damage_taken":0,"max_hp_gain":0,"max_hp_loss":0,"event_name":"Liars Game","floor":3,"gold_loss":0,"cards_obtained":["Doubt"]},{"cards_removed":["Regret"],"damage_healed":0,"gold_gain":0,"player_choice":"Purged","damage_taken":0,"max_hp_gain":0,"max_hp_loss":0,"event_name":"Purifier","floor":4,"gold_loss":0},{"damage_healed":25,"gold_gain":0,"player_choice":"Banana","damage_taken":0,"max_hp_gain":0,"max_hp_loss":0,"event_name":"Big Fish","floor":13,"gold_loss":0},{"damage_healed":0,"gold_gain":0,"player_choice":"Upgraded","damage_taken":0,"max_hp_gain":0,"max_hp_loss":0,"event_name":"Upgrade Shrine","floor":14,"gold_loss":0,"cards_upgraded":["Fusion"]}],"is_beta":false,"boss_relics":[],"items_purged_floors":[],"is_endless":false,"potions_floor_spawned":[2,5,7,10,12],"killed_by":"Slime Boss","ascension_level":4}}