{"host":"xltl1aroowo69o4n","time":1612206651,"event":{"mods":["BaseMod","Colored Map","Colored Powertips","Minty Spire (QoL Compilation)","StSLib"],"gold_per_floor":[119,119,79,99,17,17,30,30,30,30,97,107,122,142,142,237,237,254,271,9,59,78,78,78],"floor_reached":23,"language":"ENG","playtime":820,"items_purged":[],"score":183,"play_id":"0aac181b-9671-4cd9-9b87-bfa5ff2293d6","local_time":"20210201141051","is_ascension_mode":false,"campfire_choices":[{"data":"Stack","floor":6,"key":"SMITH"},{"floor":8,"key":"REST"},{"data":"Loop","floor":15,"key":"SMITH"}],"circlet_count":0,"master_deck":["Strike_B","Strike_B+1","Strike_B","Strike_B","Defend_B","Defend_B+1","Defend_B","Defend_B","Zap","Dualcast","Conserve Battery","Melter","Stack+1","Heatsinks","Sunder","Loop+1","Defragment","Rebound","Multi-Cast","Go for the Eyes","Conserve Battery+1","RitualDagger","Conserve Battery+1"],"relics":["Cracked Core","Omamori","Pantograph","SsserpentHead","Nuclear Battery","Kunai"],"acts_visited":["Exordium","TheCity"],"potions_floor_usage":[3,11,11,16,22,22,22,22,23],"damage_taken":[{"damage":1,"enemies":"Cultist","floor":1,"turns":4},{"damage":1,"enemies":"Small Slimes","floor":4,"turns":3},{"damage":1,"enemies":"Jaw Worm","floor":7,"turns":4},{"damage":25,"enemies":"Exordium Thugs","floor":11,"turns":5},{"damage":4,"enemies":"Looter","floor":12,"turns":4},{"damage":0,"enemies":"3 Louse","floor":14,"turns":2},{"damage":31,"enemies":"Slime Boss","floor":16,"turns":8},{"damage":10,"enemies":"Spheric Guardian","floor":18,"turns":4},{"damage":19,"enemies":"Shell Parasite","floor":19,"turns":4},{"damage":26,"enemies":"Centurion and Healer","floor":22,"turns":7},{"damage":24,"enemies":"Gremlin Leader","floor":23,"turns":5}],"seed_played":"-8410977996914479632","potions_obtained":[{"floor":3,"key":"EntropicBrew"},{"floor":3,"key":"PowerPotion"},{"floor":3,"key":"Fruit Juice"},{"floor":7,"key":"AttackPotion"},{"floor":11,"key":"BlessingOfTheForge"},{"floor":14,"key":"GamblersBrew"}],"is_trial":false,"path_per_floor":["M","?","?","M","$","R","M","R","T","?","M","M","?","M","R","B",null,"M","M","$","?","M","E"],"character_chosen":"DEFECT","items_purchased":["Stack","Heatsinks","Kunai"],"campfire_rested":1,"item_purchase_floors":[5,5,20],"current_hp_per_floor":[74,59,64,63,63,63,62,80,80,80,55,51,71,71,71,49,80,70,51,51,45,19,0,0],"gold":78,"neow_bonus":"RANDOM_COMMON_RELIC","is_daily":false,"chose_seed":false,"campfire_upgraded":2,"win_rate":0.0,"timestamp":1612206651,"path_taken":["M","?","?","?","?","R","M","R","T","?","?","M","?","M","R","BOSS","M","M","$","?","M","E"],"items_purchased_type":["Card","Card","Relic"],"build_version":"2020-12-13","purchased_purges":0,"victory":false,"max_hp_per_floor":[75,75,80,80,80,80,80,80,80,80,80,80,80,80,80,80,80,80,80,80,80,80,80,80],"card_choices":[{"not_picked":["Streamline","Rebound"],"picked":"Conserve Battery","floor":1},{"not_picked":["Static Discharge","Rip and Tear"],"picked":"Melter","floor":4},{"not_picked":["Streamline","Compile Driver"],"picked":"Sunder","floor":7},{"not_picked":["Leap","Barrage"],"picked":"Loop","floor":11},{"not_picked":["Turbo","Rebound"],"picked":"Defragment","floor":12},{"not_picked":["Stack","Redo"],"picked":"Rebound","floor":14},{"not_picked":["Thunder Strike","Hyperbeam"],"picked":"Multi-Cast","floor":16},{"not_picked":["Scrape","Stack"],"picked":"Go for the Eyes","floor":18},{"not_picked":["Gash","Go for the Eyes+1"],"picked":"Conserve Battery+1","floor":19},{"not_picked":["Leap","Hologram+1"],"picked":"Conserve Battery+1","floor":22}],"player_experience":67489,"relics_obtained":[{"floor":9,"key":"Pantograph"}],"event_choices":[{"damage_healed":0,"gold_gain":0,"player_choice":"Entered Light","damage_taken":15,"max_hp_gain":0,"max_hp_loss":0,"event_name":"Shining Light","floor":2,"gold_loss":0,"cards_upgraded":["Defend_B","Strike_B"]},{"damage_healed":0,"gold_gain":0,"player_choice":"Bought 3 Potions","damage_taken":0,"max_hp_gain":0,"max_hp_loss":0,"event_name":"The Woman in Blue","floor":3,"gold_loss":0},{"damage_healed":0,"gold_gain":0,"player_choice":"Trade","damage_taken":0,"relics_obtained":["SsserpentHead"],"max_hp_gain":0,"max_hp_loss":0,"event_name":"FaceTrader","floor":10,"gold_loss":0},{"damage_healed":20,"gold_gain":0,"player_choice":"Healed","damage_taken":0,"max_hp_gain":0,"max_hp_loss":0,"event_name":"The Cleric","floor":13,"gold_loss":35},{"damage_healed":0,"gold_gain":0,"player_choice":"Joined the Cult","damage_taken":6,"max_hp_gain":0,"max_hp_loss":0,"event_name":"Nest","floor":21,"gold_loss":0,"cards_obtained":["RitualDagger"]}],"is_beta":false,"boss_relics":[{"not_picked":["Runic Pyramid","Sozu"],"picked":"Nuclear Battery"}],"items_purged_floors":[],"is_endless":false,"potions_floor_spawned":[7,11,14],"killed_by":"Gremlin Leader","ascension_level":0}}