{"host":"1ecbliur7lfoj0sl","time":1612176945,"event":{"mods":["BaseMod","Minty Spire (QoL Compilation)","StSLib","The Alterego","Waifu the Spire"],"gold_per_floor":[212,223,239,249,19,52,65,65,65,4,30,30,64,80,80,177,177,192,192,192,192,206,236,236,256,311,40,51,79,96,109,109,211,211,227,243,39,50,69,69,98,98,98,116,116,116,126,158,158,158,158,158,9,34,34],"floor_reached":56,"language":"ZHS","playtime":5002,"items_purged":["alterego_mod:Strike","alterego_mod:Strike","alterego_mod:Strike","alterego_mod:Defend"],"score":1398,"play_id":"b0f4c13a-4f1a-4aba-8d3f-8c82a6e98534","local_time":"20210201185545","is_ascension_mode":true,"campfire_choices":[{"data":"alterego_mod:Mirror","floor":8.0,"key":"SMITH"},{"data":"alterego_mod:BigMeatyClaws","floor":12.0,"key":"SMITH"},{"data":"alterego_mod:DiscoLights","floor":15.0,"key":"SMITH"},{"data":"alterego_mod:TrashNCrash","floor":24.0,"key":"SMITH"},{"data":"alterego_mod:RingBreak","floor":32.0,"key":"SMITH"},{"data":"alterego_mod:DiscoLights","floor":40.0,"key":"SMITH"},{"data":"alterego_mod:DiscoLights","floor":42.0,"key":"SMITH"},{"data":"alterego_mod:MagicResistance","floor":45.0,"key":"SMITH"},{"floor":49.0,"key":"RECALL"},{"data":"alterego_mod:Punishment","floor":52.0,"key":"SMITH"}],"circlet_count":0,"master_deck":["alterego_mod:Defend","alterego_mod:Defend","alterego_mod:Defend","alterego_mod:Impale","alterego_mod:BigMeatyClaws+1","alterego_mod:BrynhildrsRune","alterego_mod:Mirror+1","alterego_mod:Punishment","Finesse","alterego_mod:PainIsPleasure","alterego_mod:TrashNCrash+1","alterego_mod:Support","alterego_mod:MagicResistance+1","alterego_mod:DiscoLights+1","alterego_mod:PainIsPleasure","Writhe","alterego_mod:DiscoLights+1","alterego_mod:Punishment+1","alterego_mod:Pet+1","alterego_mod:RingBreak+1","alterego_mod:DiscoLights+1","alterego_mod:Clones+1"],"relics":["alterego_mod:MasochisticConstitution","Membership Card","InkBottle","Thread and Needle","Letter Opener","Incense Burner","Runic Pyramid","Nunchaku","HornCleat","Oddly Smooth Stone","DollysMirror","Sundial","Shuriken","Philosopher\u0027s Stone","TheAbacus","Ornamental Fan","Torii","StoneCalendar","Pen Nib","Eternal Feather"],"acts_visited":["Exordium","TheCity","TheBeyond","TheEnding"],"potions_floor_usage":[55,55],"damage_taken":[{"damage":16.0,"enemies":"Cultist","floor":1.0,"turns":5.0},{"damage":1.0,"enemies":"2 Louse","floor":2.0,"turns":3.0},{"damage":8.0,"enemies":"Small Slimes","floor":3.0,"turns":7.0},{"damage":18.0,"enemies":"Exordium Thugs","floor":4.0,"turns":5.0},{"damage":31.0,"enemies":"Gremlin Nob","floor":6.0,"turns":5.0},{"damage":12.0,"enemies":"Looter","floor":7.0,"turns":4.0},{"damage":16.0,"enemies":"3 Sentries","floor":11.0,"turns":7.0},{"damage":16.0,"enemies":"Gremlin Nob","floor":13.0,"turns":3.0},{"damage":13.0,"enemies":"Exordium Wildlife","floor":14.0,"turns":7.0},{"damage":2.0,"enemies":"Hexaghost","floor":16.0,"turns":8.0},{"damage":0.0,"enemies":"Spheric Guardian","floor":18.0,"turns":5.0},{"damage":6.0,"enemies":"3 Byrds","floor":22.0,"turns":5.0},{"damage":26.0,"enemies":"Gremlin Leader","floor":23.0,"turns":6.0},{"damage":0.0,"enemies":"Snecko","floor":25.0,"turns":4.0},{"damage":4.0,"enemies":"Centurion and Healer","floor":28.0,"turns":4.0},{"damage":19.0,"enemies":"Slavers","floor":29.0,"turns":6.0},{"damage":7.0,"enemies":"Snake Plant","floor":30.0,"turns":4.0},{"damage":31.0,"enemies":"Shelled Parasite and Fungi","floor":31.0,"turns":6.0},{"damage":38.0,"enemies":"Champ","floor":33.0,"turns":7.0},{"damage":13.0,"enemies":"Orb Walker","floor":35.0,"turns":6.0},{"damage":5.0,"enemies":"3 Shapes","floor":36.0,"turns":6.0},{"damage":39.0,"enemies":"Spire Growth","floor":38.0,"turns":7.0},{"damage":15.0,"enemies":"Writhing Mass","floor":39.0,"turns":6.0},{"damage":19.0,"enemies":"Reptomancer","floor":41.0,"turns":5.0},{"damage":27.0,"enemies":"Transient","floor":44.0,"turns":5.0},{"damage":41.0,"enemies":"Spire Growth","floor":47.0,"turns":5.0},{"damage":20.0,"enemies":"Nemesis","floor":48.0,"turns":5.0},{"damage":43.0,"enemies":"Awakened One","floor":50.0,"turns":6.0},{"damage":10.0,"enemies":"Shield and Spear","floor":54.0,"turns":5.0},{"damage":129,"enemies":"The Heart","floor":55,"turns":30}],"seed_played":"-4161271443819363067","potions_obtained":[{"floor":1.0,"key":"DistilledChaos"},{"floor":4.0,"key":"FearPotion"},{"floor":13.0,"key":"Dexterity Potion"},{"floor":14.0,"key":"CultistPotion"},{"floor":30.0,"key":"LiquidMemories"}],"is_trial":false,"path_per_floor":["M","M","M","M","$","E","M","R","T","$","E","R","E","M","R","B",null,"M","?","?","?","M","E","R","M","T","$","M","E","M","M","R","B",null,"M","M","$","M","M","R","E","R","T","M","R","?","M","E","R","B",null,"R","$","E","B",null],"character_chosen":"The_Alterego","items_purchased":["Membership Card","Finesse","alterego_mod:TrashNCrash","alterego_mod:DiscoLights","DollysMirror","Sundial","TheAbacus","Ornamental Fan","Pen Nib"],"campfire_rested":0,"item_purchase_floors":[5,5,10,27,27,27,37,37,53],"current_hp_per_floor":[55,62,62,52,52,22,27,27,27,27,30,30,22,22,22,41,80,80,80,65,65,81,87,87,87,87,87,84,89,83,68,68,48,92,85,94,94,95,92,92,97,97,97,98,98,98,78,76,76,101,101,101,101,92,101],"gold":34,"neow_bonus":"HUNDRED_GOLD","is_daily":false,"chose_seed":false,"campfire_upgraded":9,"win_rate":0.0,"timestamp":1612176945,"path_taken":["M","?","M","M","$","E","M","R","T","?","E","R","E","M","R","BOSS","M","?","?","?","?","E","R","M","T","$","M","E","M","M","R","BOSS","M","M","$","M","M","R","E","R","T","M","R","?","M","E","R","BOSS","R","$","E","BOSS"],"items_purchased_type":["Relic","Card","Card","Card","Relic","Relic","Relic","Relic","Relic"],"build_version":"2020-12-22","purchased_purges":4,"victory":true,"max_hp_per_floor":[71,72,73,74,74,75,76,76,76,76,77,77,78,79,79,80,80,80,80,85,85,86,87,87,87,87,87,88,89,90,91,91,92,92,93,94,94,95,96,96,97,97,97,98,98,98,99,100,100,101,101,101,101,102,103],"card_choices":[{"not_picked":["alterego_mod:PresenceConcealment","alterego_mod:DiscoLights"],"picked":"alterego_mod:Mirror","floor":1.0},{"not_picked":["alterego_mod:GoddessCore","alterego_mod:BiFurious","alterego_mod:Bounce"],"picked":"SKIP","floor":2.0},{"not_picked":["alterego_mod:Mirror","alterego_mod:InsideBaseball"],"picked":"alterego_mod:Punishment","floor":3.0},{"not_picked":["alterego_mod:Table","alterego_mod:HighServant","alterego_mod:Skirt"],"picked":"SKIP","floor":4.0},{"not_picked":["alterego_mod:Lingerie","alterego_mod:DiscoLights"],"picked":"alterego_mod:PainIsPleasure","floor":6.0},{"not_picked":["alterego_mod:Pet","alterego_mod:HighServant","alterego_mod:Cooking"],"picked":"SKIP","floor":7.0},{"not_picked":["alterego_mod:GoddessCore","alterego_mod:BoobPocket"],"picked":"alterego_mod:Support","floor":11.0},{"not_picked":["alterego_mod:Complex","alterego_mod:Collar"],"picked":"alterego_mod:MagicResistance","floor":13.0},{"not_picked":["alterego_mod:1TonWallop","alterego_mod:TrashNCrash"],"picked":"alterego_mod:DiscoLights","floor":14.0},{"not_picked":["alterego_mod:GIGAMILK","alterego_mod:Venus"],"picked":"alterego_mod:PainIsPleasure","floor":16.0},{"not_picked":["alterego_mod:Cycle","alterego_mod:RocketPunch","alterego_mod:Exercise"],"picked":"SKIP","floor":18.0},{"not_picked":["alterego_mod:DeftHands","alterego_mod:Swimsuit","alterego_mod:GoddessCore"],"picked":"SKIP","floor":22.0},{"not_picked":["alterego_mod:BiFurious","alterego_mod:Cooking","alterego_mod:DeftHands"],"picked":"SKIP","floor":23.0},{"not_picked":["alterego_mod:Undulate","alterego_mod:BustOut","alterego_mod:ChallengeComplete+1"],"picked":"SKIP","floor":25.0},{"not_picked":["alterego_mod:Stockings+1","alterego_mod:TrashNCrash","alterego_mod:DestructionOfProperty"],"picked":"SKIP","floor":28.0},{"not_picked":["alterego_mod:Bounce","alterego_mod:PerceptionDisorder"],"picked":"alterego_mod:Pet+1","floor":29.0},{"not_picked":["alterego_mod:BiFurious","alterego_mod:Jiggle+1"],"picked":"alterego_mod:RingBreak","floor":30.0},{"not_picked":["alterego_mod:Rip+1","alterego_mod:1TonWallop"],"picked":"alterego_mod:DiscoLights","floor":31.0},{"not_picked":["alterego_mod:Valentines+1","alterego_mod:SuperDuperMasochism+1","alterego_mod:Cycle+1"],"picked":"SKIP","floor":35.0},{"not_picked":["alterego_mod:Mirror+1","alterego_mod:Pet"],"picked":"alterego_mod:Clones+1","floor":36.0},{"not_picked":["alterego_mod:RocketPunch","alterego_mod:Pet+1","alterego_mod:Bounce+1"],"picked":"SKIP","floor":38.0},{"not_picked":["alterego_mod:Cycle+1","alterego_mod:Maid+1","alterego_mod:Stockings+1"],"picked":"SKIP","floor":39.0},{"not_picked":["alterego_mod:Smother","alterego_mod:BoobPocket","alterego_mod:1TonWallop+1"],"picked":"SKIP","floor":41.0},{"not_picked":["alterego_mod:TrashNCrash","alterego_mod:DeftHands+1","alterego_mod:PurpleHair"],"picked":"SKIP","floor":44.0},{"not_picked":["alterego_mod:Antipathy","alterego_mod:PerceptionDisorder","alterego_mod:SakuraPetals+1"],"picked":"SKIP","floor":47.0},{"not_picked":["alterego_mod:MagicResistance","alterego_mod:Mirror","alterego_mod:GoddessCore"],"picked":"SKIP","floor":48.0},{"not_picked":["alterego_mod:Complex","alterego_mod:MagicResistance","alterego_mod:Support"],"picked":"SKIP","floor":54.0}],"player_experience":22383,"relics_obtained":[{"floor":6.0,"key":"InkBottle"},{"floor":9.0,"key":"Thread and Needle"},{"floor":11.0,"key":"Letter Opener"},{"floor":13.0,"key":"Incense Burner"},{"floor":23.0,"key":"HornCleat"},{"floor":26.0,"key":"Oddly Smooth Stone"},{"floor":29.0,"key":"Shuriken"},{"floor":41.0,"key":"Torii"},{"floor":48.0,"key":"StoneCalendar"},{"floor":54.0,"key":"Eternal Feather"}],"event_choices":[{"damage_healed":0.0,"max_hp_gain":0.0,"max_hp_loss":0.0,"gold_gain":0.0,"event_name":"Cursed Tome","player_choice":"Ignored","floor":19.0,"gold_loss":0.0,"damage_taken":0.0},{"damage_healed":0.0,"max_hp_gain":5.0,"max_hp_loss":0.0,"gold_gain":0.0,"event_name":"Forgotten Altar","player_choice":"Shed Blood","floor":20.0,"gold_loss":0.0,"damage_taken":20.0},{"damage_healed":0.0,"max_hp_gain":0.0,"max_hp_loss":0.0,"gold_gain":0.0,"event_name":"The Mausoleum","player_choice":"Opened","floor":21.0,"gold_loss":0.0,"damage_taken":0.0,"relics_obtained":["Nunchaku"],"cards_obtained":["Writhe"]},{"cards_removed":["alterego_mod:Strike"],"damage_healed":0.0,"max_hp_gain":0.0,"max_hp_loss":0.0,"gold_gain":0.0,"event_name":"Falling","player_choice":"Removed Attack","floor":46.0,"gold_loss":0.0,"damage_taken":0.0}],"is_beta":false,"boss_relics":[{"not_picked":["Fusion Hammer","Tiny House"],"picked":"Runic Pyramid"},{"not_picked":["Snecko Eye","Empty Cage"],"picked":"Philosopher\u0027s Stone"}],"items_purged_floors":[5,10,27,53],"is_endless":false,"potions_floor_spawned":[1,4,13,14,18,22,23,30,39,47,54],"ascension_level":1}}