{"host":"tgr1xoidyjfo4u0n","time":1612186943,"event":{"mods":["Act Like it!","Alarm Clock","BaseMod","CapriCore","Colored Powertips","Downfall","GifTheSpireLib","Highlight Path","Minty Spire (QoL Compilation)","StSLib"],"gold_per_floor":[99,114,132,152,162,180,180,200,220,120,134,134,148,148,162,266,266,266,279,291,9,109,119,119,4,19,19,53,253,253,253,269,269,269,269],"floor_reached":33,"language":"ZHS","playtime":3032,"items_purged":["bronze:Replicate","bronze:Strike"],"score":290,"play_id":"50430e80-a511-42ff-85b6-692ba63d5bd9","local_time":"20210201214223","is_ascension_mode":false,"campfire_choices":[{"data":"bronze:Goto","floor":1.0,"key":"SMITH"},{"data":"bronze:BitShift","floor":10.0,"key":"SMITH"},{"data":"bronze:Optimize","floor":12.0,"key":"SMITH"},{"data":"bronze:Repulsor","floor":18.0,"key":"SMITH"},{"data":"bronze:ItsAFeature","floor":27.0,"key":"SMITH"}],"circlet_count":0,"master_deck":["bronze:Strike","bronze:Strike","bronze:Strike","bronze:Defend","bronze:Defend","bronze:Defend","bronze:Defend","bronze:Goto+1","bronze:NullPointer","bronze:Iterate","bronze:Branch","bronze:Optimize+1","bronze:Branch","bronze:Repulsor+1","bronze:BitShift+1","bronze:Boost","bronze:Explode","bronze:CleanCode","bronze:AlphaBuild","bronze:BronzeOrb","bronze:BuggyMess","bronze:CutThrough+1","bronze:ItsAFeature+1","bronze:Philosophize","bronze:Turbo","bronze:Safeguard","bronze:BugBarrage","downfall:Haunted","Ghostly","Ghostly","Ghostly","Ghostly","Ghostly","bronze:Repulsor+1"],"relics":["bronze:BronzeCore","downfall:HeartBlessingBlue","Velvet Choker","CaptainsWheel","Akabeko"],"acts_visited":["Exordium","TheCity"],"potions_floor_usage":[33],"damage_taken":[{"damage":2.0,"enemies":"2 Louse","floor":2.0,"turns":3.0},{"damage":2.0,"enemies":"Cultist","floor":3.0,"turns":5.0},{"damage":2.0,"enemies":"Small Slimes","floor":4.0,"turns":4.0},{"damage":0.0,"enemies":"3 Louse","floor":5.0,"turns":3.0},{"damage":1.0,"enemies":"Large Slime","floor":6.0,"turns":6.0},{"damage":0.0,"enemies":"Gremlin Gang","floor":8.0,"turns":7.0},{"damage":8.0,"enemies":"Red Slaver","floor":9.0,"turns":4.0},{"damage":6.0,"enemies":"2 Fungi Beasts","floor":11.0,"turns":3.0},{"damage":0.0,"enemies":"Exordium Wildlife","floor":13.0,"turns":3.0},{"damage":0.0,"enemies":"Exordium Wildlife","floor":14.0,"turns":3.0},{"damage":0.0,"enemies":"Blue Slaver","floor":15.0,"turns":2.0},{"damage":49.0,"enemies":"SI_SHIV_ARCHETYPE","floor":16.0,"turns":11.0},{"damage":0.0,"enemies":"Spheric Guardian","floor":19.0,"turns":3.0},{"damage":0.0,"enemies":"3 Byrds","floor":20.0,"turns":4.0},{"damage":0.0,"enemies":"downfall:FleeingMerchant","floor":21.0,"turns":4.0},{"damage":21.0,"enemies":"Snake Plant","floor":23.0,"turns":3.0},{"damage":15.0,"enemies":"downfall:FleeingMerchant","floor":25.0,"turns":4.0},{"damage":10.0,"enemies":"Cultist and Chosen","floor":26.0,"turns":6.0},{"damage":29.0,"enemies":"Gremlin Leader","floor":28.0,"turns":8.0},{"damage":2,"enemies":"Chosen and Byrds","floor":32,"turns":6},{"damage":13,"enemies":"DF_ARCHETYPE_CLAW","floor":33,"turns":8}],"seed_played":"-2445320449231673581","potions_obtained":[{"floor":4.0,"key":"Fire Potion"},{"floor":5.0,"key":"FairyPotion"},{"floor":8.0,"key":"champ:CounterPotion"},{"floor":14.0,"key":"bronze:FreeFunctionsPotion"},{"floor":16.0,"key":"bronze:BurnAndBuffPotion"},{"floor":23.0,"key":"LiquidMemories"}],"is_trial":false,"path_per_floor":["R","M","M","M","M","M","T","M","M","R","M","R","M","?","M","B",null,"R","M","M","$","?","M","T","$","M","R","E","?","?","?","M","B"],"character_chosen":"THE_AUTOMATON","items_purchased":["bronze:ItsAFeature","bronze:Philosophize","bronze:Turbo"],"campfire_rested":0,"item_purchase_floors":[21,21,21],"current_hp_per_floor":[77,75,73,71,71,70,70,70,62,72,66,66,66,66,66,17,87,87,87,87,87,87,66,66,51,41,41,12,12,12,12,10,0,0,0],"gold":269,"neow_bonus":"TEN_PERCENT_HP_BONUS","is_daily":false,"chose_seed":false,"campfire_upgraded":5,"win_rate":0.0,"timestamp":1612186943,"path_taken":["R","M","M","M","M","M","T","M","M","R","M","R","M","?","M","BOSS","R","M","M","$","?","?","T","$","M","R","E","?","?","?","M","BOSS"],"items_purchased_type":["Card","Card","Card"],"build_version":"2020-12-22","purchased_purges":2,"victory":false,"max_hp_per_floor":[77,77,77,77,77,77,77,77,77,87,87,87,87,87,87,87,87,87,87,87,87,87,87,87,87,87,87,87,87,43,43,43,43,43,43],"card_choices":[{"not_picked":["bronze:BuggyMess","bronze:Overheat"],"picked":"bronze:NullPointer","floor":2.0},{"not_picked":["bronze:Turbo","bronze:MaxOutput"],"picked":"bronze:Iterate","floor":3.0},{"not_picked":["bronze:Allocate","bronze:ChildClass"],"picked":"bronze:Branch","floor":4.0},{"not_picked":["bronze:FollowUp","bronze:Deprecate"],"picked":"bronze:Optimize","floor":5.0},{"not_picked":["bronze:BuggyMess","bronze:Safeguard"],"picked":"bronze:Branch","floor":6.0},{"not_picked":["bronze:Iterate","bronze:BugBarrage"],"picked":"bronze:Repulsor","floor":8.0},{"not_picked":["bronze:CutThrough","bronze:ForceShield"],"picked":"bronze:BitShift","floor":9.0},{"not_picked":["bronze:OilSpill","bronze:Branch","bronze:FineTuning"],"picked":"SKIP","floor":11.0},{"not_picked":["bronze:FollowUp","bronze:Iterate"],"picked":"bronze:Boost","floor":13.0},{"not_picked":[],"picked":"bronze:Explode","floor":14.0},{"not_picked":["bronze:Invalidate","bronze:GetLatest"],"picked":"bronze:CleanCode","floor":15.0},{"not_picked":["bronze:CleanCode","bronze:HardenedForm"],"picked":"bronze:AlphaBuild","floor":16.0},{"not_picked":["bronze:FineTuning","bronze:DelayedGuard"],"picked":"bronze:BronzeOrb","floor":19.0},{"not_picked":["bronze:Backtrace","bronze:Branch"],"picked":"bronze:BuggyMess","floor":20.0},{"not_picked":["bronze:Overheat","bronze:DigitalCarnage+1"],"picked":"bronze:CutThrough+1","floor":21.0},{"not_picked":["bronze:Verify","bronze:OilSpill+1"],"picked":"bronze:Safeguard","floor":23.0},{"not_picked":["bronze:Deprecate+1","bronze:Branch","bronze:DarkDash+1"],"picked":"SKIP","floor":25.0},{"not_picked":["bronze:OilSpill","bronze:BitShift","bronze:Overload+1"],"picked":"SKIP","floor":26.0},{"not_picked":["bronze:FindAndReplace","bronze:DelayedGuard+1"],"picked":"bronze:BugBarrage","floor":28.0},{"not_picked":["bronze:Iterate","bronze:Boost","bronze:CutThrough"],"picked":"SKIP","floor":32}],"player_experience":507962,"relics_obtained":[{"floor":24.0,"key":"CaptainsWheel"},{"floor":28.0,"key":"Akabeko"}],"event_choices":[{"damage_healed":0.0,"max_hp_gain":0.0,"max_hp_loss":44.0,"gold_gain":0.0,"event_name":"Ghosts","player_choice":"Became a Ghost","floor":30.0,"gold_loss":0.0,"damage_taken":0.0,"cards_obtained":["Ghostly","Ghostly","Ghostly","Ghostly","Ghostly"]}],"is_beta":false,"boss_relics":[{"not_picked":["Tiny House","Calling Bell"],"picked":"Velvet Choker"}],"items_purged_floors":[21,25],"is_endless":false,"potions_floor_spawned":[4,5,8,14,15,16,19,23,26,28,32],"killed_by":"DF_ARCHETYPE_CLAW","ascension_level":0}}