{"host":"axuns55dzq466eei","time":1612177251,"event":{"mods":["BaseMod","Colored Map","Keyboard Shortcuts","Minty Spire (QoL Compilation)","StSLib","SuperFastMode"],"gold_per_floor":[119,119,137,156,156,189,204,204,204,238,250,280,293,218,218,291,291,301,66,66,66,66],"floor_reached":21,"language":"KOR","playtime":434,"items_purged":["Strike_R"],"score":398,"play_id":"defeaa96-bd31-488c-89be-8063025d9a36","local_time":"20210201200051","is_ascension_mode":true,"campfire_choices":[{"floor":8.0,"key":"REST"},{"data":"Fire Breathing","floor":15,"key":"SMITH"}],"circlet_count":0,"master_deck":["AscendersBane","Defend_R","Defend_R","Defend_R","Defend_R","Bash","Uppercut+1","Fire Breathing+1","Evolve","Wild Strike","Hemokinesis","Wild Strike","Burning Pact","Barricade","Inflame+1","Shrug It Off+1","Dark Embrace+1","Power Through"],"relics":["Burning Blood","Akabeko","Eternal Feather","Pantograph","Shuriken","Anchor","Astrolabe","Art of War"],"acts_visited":["Exordium","TheCity"],"potions_floor_usage":[21],"damage_taken":[{"damage":3.0,"enemies":"Small Slimes","floor":1.0,"turns":4.0},{"damage":0.0,"enemies":"Cultist","floor":3.0,"turns":2.0},{"damage":4.0,"enemies":"Jaw Worm","floor":4.0,"turns":2.0},{"damage":48.0,"enemies":"Gremlin Nob","floor":6.0,"turns":5.0},{"damage":9.0,"enemies":"Blue Slaver","floor":7.0,"turns":4.0},{"damage":20.0,"enemies":"3 Sentries","floor":10.0,"turns":4.0},{"damage":7.0,"enemies":"Looter","floor":11.0,"turns":4.0},{"damage":15.0,"enemies":"Lagavulin","floor":12.0,"turns":7.0},{"damage":2,"enemies":"3 Louse","floor":13,"turns":3},{"damage":64,"enemies":"The Guardian","floor":16,"turns":10},{"damage":37,"enemies":"Shell Parasite","floor":18,"turns":7},{"damage":13,"enemies":"3 Byrds","floor":21,"turns":2}],"seed_played":"973699727002910363","potions_obtained":[{"floor":1.0,"key":"Swift Potion"},{"floor":4.0,"key":"LiquidMemories"},{"floor":16,"key":"EssenceOfSteel"}],"is_trial":false,"path_per_floor":["M","?","M","M","?","E","M","R","T","E","M","E","M","?","R","B",null,"M","$","?","M"],"character_chosen":"IRONCLAD","items_purchased":["Art of War"],"campfire_rested":1,"item_purchase_floors":[19],"current_hp_per_floor":[71,71,75,75,75,33,30,61,61,47,46,37,41,41,50,17,61,30,30,9,0,0],"gold":66,"neow_bonus":"RANDOM_COMMON_RELIC","is_daily":false,"chose_seed":false,"campfire_upgraded":1,"win_rate":0.0,"timestamp":1612177251,"path_taken":["M","?","?","M","?","E","M","R","T","E","M","E","M","?","R","BOSS","M","$","?","M"],"items_purchased_type":["Relic"],"build_version":"2020-12-22","purchased_purges":1,"victory":false,"max_hp_per_floor":[75,75,75,75,75,75,75,75,75,75,75,75,75,75,75,75,75,75,75,80,80,80],"card_choices":[{"not_picked":["Heavy Blade","Second Wind"],"picked":"Uppercut","floor":1.0},{"not_picked":["Warcry","Perfected Strike","Clash"],"picked":"SKIP","floor":3.0},{"not_picked":["True Grit","Cleave"],"picked":"Fire Breathing","floor":4.0},{"not_picked":["Dropkick","Flame Barrier"],"picked":"Evolve","floor":6.0},{"not_picked":["Burning Pact","Inflame"],"picked":"Wild Strike","floor":7.0},{"not_picked":["Reaper","Clothesline","Metallicize"],"picked":"SKIP","floor":10.0},{"not_picked":["Evolve","Intimidate"],"picked":"Hemokinesis","floor":11.0},{"not_picked":["Infernal Blade","Havoc"],"picked":"Wild Strike","floor":12.0},{"not_picked":["Twin Strike","Headbutt"],"picked":"Burning Pact","floor":13},{"not_picked":["Corruption","Berserk"],"picked":"Barricade","floor":16},{"not_picked":["Searing Blow","Clothesline"],"picked":"Power Through","floor":18}],"player_experience":1102909,"relics_obtained":[{"floor":6.0,"key":"Eternal Feather"},{"floor":9.0,"key":"Pantograph"},{"floor":10.0,"key":"Shuriken"},{"floor":12.0,"key":"Anchor"}],"event_choices":[{"damage_healed":0.0,"max_hp_gain":0.0,"max_hp_loss":0.0,"gold_gain":0.0,"event_name":"Accursed Blacksmith","player_choice":"Forge","floor":2.0,"gold_loss":0.0,"damage_taken":0.0,"cards_upgraded":["Uppercut"]},{"damage_healed":0.0,"max_hp_gain":0.0,"max_hp_loss":0.0,"gold_gain":0.0,"event_name":"Liars Game","player_choice":"Ignored","floor":5.0,"gold_loss":0.0,"damage_taken":0.0},{"cards_removed":["Strike_R"],"damage_healed":0,"gold_gain":0,"player_choice":"Card Removal","damage_taken":0,"max_hp_gain":0,"max_hp_loss":0,"event_name":"The Cleric","floor":14,"gold_loss":75},{"damage_healed":0,"gold_gain":0,"player_choice":"Shed Blood","damage_taken":26,"max_hp_gain":5,"max_hp_loss":0,"event_name":"Forgotten Altar","floor":20,"gold_loss":0}],"is_beta":false,"boss_relics":[{"not_picked":["SacredBark","Black Star"],"picked":"Astrolabe"}],"items_purged_floors":[19],"is_endless":false,"potions_floor_spawned":[1,4,6,16],"killed_by":"3 Byrds","ascension_level":20}}