{"host":"xxyfyv4t3rs3ce5d","time":1612137694,"event":{"mods":["BaseMod","Hubris","Infinite Spire","Minty Spire (QoL Compilation)","Replay The Spire","Shop Mod","StSLib","The Jungle"],"gold_per_floor":[0,0,22,348,348,348,348,348,372,408,439,439,439,451,451,546,596,621,648,648,648,674,703,703,703,780,821,821,821,821],"floor_reached":29,"language":"ENG","playtime":680,"items_purged":["Bash"],"score":392,"play_id":"696893b1-8a8b-42fc-aa70-d44d9d36c44f","local_time":"20210131190134","daily_mods":["Chimera","Vintage","Diverse","Heirloom","Time Dilation","Flight","Diverse","Colorless Cards"],"is_ascension_mode":false,"campfire_choices":[{"data":"Zap","floor":6,"key":"SMITH"},{"data":"hubris:MerchantsHand","floor":7,"key":"SMITH"},{"data":"Study","floor":12,"key":"SMITH"},{"data":"hubris:MerchantsHand","floor":15,"key":"SMITH"},{"data":"Berserk","floor":25,"key":"SMITH"}],"circlet_count":0,"master_deck":["Strike_R","Strike_G+1","Strike_B","hubris:Strike_Merchant","Defend_R","Defend_B","hubris:Defend_Merchant","hubris:MerchantsHand+1","hubris:MerchantsHand+1","Survivor","Zap+1","Eruption","Strike_R","Strike_G","Strike_B","Defend_R","Defend_G","Defend_P","Mayhem+1","Study+1","Berserk+1"],"relics":["Unceasing Top","Smiling Mask","hubris:NiceRug","Turnip","StoneCalendar","Quantum Egg","Old Coin","NeowsBlessing","Oddly Smooth Stone","Bag of Preparation","infinitespire:Bottled Soul","Toy Ornithopter","Tiny House","Blue Candle","Potion Belt","NeowsBlessing","hubris:PeanutButter","Eternal Feather","OrangePellets","hubris:ScarierMask","hubris:DisguiseKit","infinitespire:EmpoweringShard"],"acts_visited":["Exordium","TheCity"],"potions_floor_usage":[16,16,18],"damage_taken":[{"damage":2,"enemies":"2 Louse","floor":3,"turns":3},{"damage":0,"enemies":"Cultist","floor":4,"turns":2},{"damage":0,"enemies":"Lagavulin","floor":10,"turns":1},{"damage":0,"enemies":"3 Sentries","floor":11,"turns":2},{"damage":0,"enemies":"Jaw Worm","floor":14,"turns":1},{"damage":0,"enemies":"Slime Boss","floor":16,"turns":5},{"damage":0,"enemies":"Spheric Guardian","floor":18,"turns":4},{"damage":51,"enemies":"Chosen","floor":19,"turns":5},{"damage":0,"enemies":"3 Cultists","floor":22,"turns":1},{"damage":0,"enemies":"Nightmare","floor":23,"turns":1},{"damage":0,"enemies":"Gremlin Leader","floor":27,"turns":1},{"damage":0,"enemies":"Shelled Parasite and Fungi","floor":29,"turns":1}],"seed_played":"7279820814985407443","potions_obtained":[{"floor":4,"key":"Elixir"},{"floor":11,"key":"GamblersBrew"},{"floor":14,"key":"DuplicationPotion"},{"floor":17,"key":"Block Potion"},{"floor":19,"key":"Adrenaline Potion"},{"floor":22,"key":"Weak Potion"}],"is_trial":true,"path_per_floor":["WH","?","M","M","WH","R","R","WH","T","E","E","R","WH","M","R","B",null,"M","M","WH","$","M","NM","AVR","R","T","E","WH","M"],"character_chosen":"WATCHER","items_purchased":[],"campfire_rested":0,"item_purchase_floors":[],"current_hp_per_floor":[75,75,73,73,80,80,80,80,80,80,80,80,88,88,88,90,95,95,44,44,44,44,44,44,56,56,56,56,56,56],"gold":821,"neow_bonus":"THREE_ENEMY_KILL","is_daily":false,"chose_seed":false,"campfire_upgraded":5,"win_rate":0.0,"timestamp":1612137694,"path_taken":["WH","?","M","M","WH","R","R","WH","T","E","E","R","WH","M","R","BOSS","M","M","WH","$","M","NM","AVR","R","T","E","WH","M"],"items_purchased_type":[],"build_version":"2020-12-22","purchased_purges":1,"victory":false,"max_hp_per_floor":[75,75,75,75,82,82,82,82,82,82,82,82,90,90,90,90,95,95,95,95,95,95,95,95,95,95,95,95,95,95],"card_choices":[{"not_picked":["Sweeping Beam","Iron Wave","Bane"],"picked":"SKIP","floor":10},{"not_picked":["Hologram","Blade Dance"],"picked":"Study","floor":11},{"not_picked":["DeusExMachina","Poison Darts"],"picked":"Berserk","floor":16},{"not_picked":["ReplayTheSpireMod:Strike From Hell+1","Replay:Sssssssssstrike","PanicButton+1"],"picked":"SKIP","floor":23},{"not_picked":["Thunderclap+1","Compile Driver","Sweeping Beam","Streamline"],"picked":"SKIP","floor":27}],"player_experience":210518,"relics_obtained":[{"floor":3,"key":"Quantum Egg"},{"floor":4,"key":"Old Coin"},{"floor":9,"key":"Oddly Smooth Stone"},{"floor":10,"key":"Bag of Preparation"},{"floor":11,"key":"infinitespire:Bottled Soul"},{"floor":14,"key":"Toy Ornithopter"},{"floor":18,"key":"Blue Candle"},{"floor":19,"key":"Potion Belt"},{"floor":22,"key":"hubris:PeanutButter"},{"floor":23,"key":"Eternal Feather"},{"floor":26,"key":"hubris:DisguiseKit"},{"floor":27,"key":"infinitespire:EmpoweringShard"}],"event_choices":[],"is_beta":false,"boss_relics":[{"not_picked":["Replay:Grab Bag","Kintsugi"],"picked":"Tiny House"}],"items_purged_floors":[24],"is_endless":true,"potions_floor_spawned":[4,11,14,19,22],"killed_by":"Shelled Parasite and Fungi","ascension_level":0}}