{"host":"erjc6dqs793djrmy","time":1612205049,"event":{"mods":["BaseMod","Minty Spire (QoL Compilation)","StSLib","The Animator"],"gold_per_floor":[24,40,40,56,78,6,6,31,56,93,7,7,26,55,55,159,159,171,86,86,4,22,22,22,22],"floor_reached":24,"language":"ENG","playtime":2855,"items_purged":["animator:Strike"],"score":370,"play_id":"aa6ee5a1-378a-4c31-9d5c-435d8ea3255a","local_time":"20210201134409","is_ascension_mode":true,"campfire_choices":[{"data":"animator:Benimaru","floor":7,"key":"SMITH"},{"floor":12,"key":"REST"},{"floor":15,"key":"REST"},{"data":"animator:Laby","floor":23,"key":"SMITH"}],"circlet_count":0,"master_deck":["AscendersBane","animator:Strike_TenSura","animator:Defend_TenSura","animator:Strike","animator:Strike","animator:Defend","animator:Defend","animator:Defend","animator:Benimaru+1","animator:Shuna","animator:Eve+1","animator:Rena","animator:Kuribayashi","animator:Vanir","animator:Shion","animator:Shuna","animator:Millim","animator:Laby+1","animator:Aisha","animator:KyokoSakura","animator:GazelDwargon","animator:Biyorigo","animator:Raven","animator:Zero","animator:Vanir"],"relics":["animator:LivingPicture","animator:TheMissingPiece","Smiling Mask","animator:WornHelmet","Tiny Chest","Mercury Hourglass","SlaversCollar","Juzu Bracelet","MutagenicStrength"],"acts_visited":["Exordium","TheCity"],"potions_floor_usage":[5,8,10,14,22],"damage_taken":[{"damage":12,"enemies":"Jaw Worm","floor":1,"turns":5},{"damage":7,"enemies":"Cultist","floor":2,"turns":4},{"damage":0,"enemies":"Small Slimes","floor":4,"turns":4},{"damage":0,"enemies":"Looter","floor":5,"turns":3},{"damage":29,"enemies":"Lagavulin","floor":8,"turns":6},{"damage":0,"enemies":"Gremlin Nob","floor":10,"turns":3},{"damage":11,"enemies":"3 Louse","floor":13,"turns":4},{"damage":10,"enemies":"Lagavulin","floor":14,"turns":7},{"damage":15,"enemies":"Hexaghost","floor":16,"turns":8},{"damage":24,"enemies":"Chosen","floor":18,"turns":6},{"damage":20,"enemies":"Shell Parasite","floor":22,"turns":6},{"damage":16,"enemies":"Gremlin Leader","floor":24,"turns":2}],"seed_played":"6531754998464221371","potions_obtained":[{"floor":2,"key":"SteroidPotion"},{"floor":4,"key":"AttackPotion"},{"floor":5,"key":"animator:FalseLifePotion"},{"floor":10,"key":"PowerPotion"},{"floor":16,"key":"Dexterity Potion"}],"is_trial":false,"path_per_floor":["M","M","?","M","M","$","R","E","T","E","$","R","M","E","R","B",null,"M","?","?","$","M","R","E"],"character_chosen":"THE_ANIMATOR","items_purchased":["animator:Shuna","animator:Millim","animator:Aisha","animator:Zero"],"campfire_rested":2,"item_purchase_floors":[6,6,11,21],"current_hp_per_floor":[48,41,41,41,41,41,41,12,12,12,12,32,21,12,32,17,55,32,32,32,32,12,12,0,0],"gold":22,"neow_bonus":"THREE_RARE_CARDS","is_daily":false,"chose_seed":false,"campfire_upgraded":2,"win_rate":0.0,"timestamp":1612205049,"path_taken":["M","M","?","M","M","$","R","E","T","E","?","R","M","E","R","BOSS","M","?","?","$","M","R","E"],"items_purchased_type":["Card","Card","Card","Card"],"build_version":"2020-12-22","purchased_purges":1,"victory":false,"max_hp_per_floor":[67,67,67,67,67,67,67,67,67,67,67,67,67,68,68,68,68,69,69,69,69,69,69,69,69],"card_choices":[{"not_picked":["animator:ChaikaTrabant","animator:Elesis"],"picked":"animator:Eve","floor":0},{"not_picked":["animator:Mitsurugi","animator:TsurugaMeisai"],"picked":"animator:Rena","floor":1},{"not_picked":["animator:OrikoMikuni","animator:Togame"],"picked":"animator:Kuribayashi","floor":2},{"not_picked":["animator:Verdia","animator:Konayuki"],"picked":"animator:Vanir","floor":4},{"not_picked":["animator:Hakurou","animator:Souei"],"picked":"animator:Shion","floor":5},{"not_picked":["animator:HomuraAkemi","animator:Ciel","animator:Elsword"],"picked":"SKIP","floor":8},{"not_picked":["animator:TukaLunaMarceau","animator:IrohaTamaki"],"picked":"animator:Laby","floor":10},{"not_picked":["animator:Hitei","animator:Ain"],"picked":"animator:KyokoSakura","floor":13},{"not_picked":["animator:Souei","animator:Vesta"],"picked":"animator:GazelDwargon","floor":14},{"not_picked":["animator:ItamiYouji","animator:MadokaKaname"],"picked":"animator:Biyorigo","floor":16},{"not_picked":["animator:TukaLunaMarceau+1","animator:Shion"],"picked":"animator:Raven","floor":18},{"not_picked":["animator:Ciel+1","animator:Shichika"],"picked":"animator:Vanir","floor":22}],"player_experience":350155,"relics_obtained":[{"floor":8,"key":"Smiling Mask"},{"floor":9,"key":"animator:WornHelmet"},{"floor":10,"key":"Tiny Chest"},{"floor":14,"key":"Mercury Hourglass"}],"event_choices":[{"damage_healed":0,"gold_gain":0,"player_choice":"Forge","damage_taken":0,"max_hp_gain":0,"max_hp_loss":0,"event_name":"Accursed Blacksmith","floor":3,"gold_loss":0,"cards_upgraded":["animator:Eve"]},{"damage_healed":0,"gold_gain":0,"player_choice":"Obtained Relic","damage_taken":0,"relics_obtained":["Juzu Bracelet"],"max_hp_gain":0,"max_hp_loss":0,"event_name":"Addict","floor":19,"gold_loss":85},{"damage_healed":0,"gold_gain":0,"player_choice":"Inject Mutagens","damage_taken":0,"relics_obtained":["MutagenicStrength"],"max_hp_gain":0,"max_hp_loss":0,"event_name":"Drug Dealer","floor":20,"gold_loss":0}],"is_beta":false,"boss_relics":[{"not_picked":["Empty Cage","animator:CursedBlade"],"picked":"SlaversCollar"}],"items_purged_floors":[11],"is_endless":false,"potions_floor_spawned":[2,4,5,10,16],"killed_by":"Gremlin Leader","ascension_level":11}}