{"host":"04aht2z7d1qbuefv","time":1612217553,"event":{"mods":["AchievementEnabler","BaseMod","Downfall","Minty Spire (QoL Compilation)","StSLib","The Cursed","The Necromancer"],"gold_per_floor":[99,112,212,362,373,399,399,431,446,446,146,146,146,175,190,292,292,292,305,109,137,156,156,181,181,224,251,251,251,251,283,308,419,419,419,445,474,274,291,300,300,319,347,406,422,422,66,106,125,125,125,125],"floor_reached":50,"language":"SPA","playtime":3371,"items_purged":["downfall:Icky","bronze:Strike","Parasite"],"score":609,"play_id":"6a3a05d6-5c33-4939-bba8-f963eed8a1d9","local_time":"20210201191233","is_ascension_mode":false,"campfire_choices":[{"floor":1.0,"key":"RECALL"},{"floor":11.0,"key":"REST"},{"floor":13.0,"key":"REST"},{"floor":18,"key":"REST"},{"floor":23,"key":"REST"},{"floor":25,"key":"REST"},{"floor":35,"key":"REST"},{"floor":40,"key":"REST"},{"floor":46,"key":"DIG"}],"circlet_count":0,"master_deck":["bronze:Strike","bronze:Strike","bronze:Strike","bronze:Defend","bronze:Defend","bronze:Defend","bronze:Defend","bronze:Replicate","bronze:Goto","bronze:WhirlingStrike","bronze:Optimize","bronze:ClassDefault","bronze:HardenedForm","bronze:AlphaBuild","bronze:Iterate","bronze:Invalidate","bronze:Repair+1","bronze:GetLatest+1","bronze:Repulsor+1","bronze:DelayedGuard","bronze:BronzeArmor","bronze:HardenedForm","bronze:Overheat+1","bronze:Deprecate+1","bronze:Verify","bronze:Optimize","bronze:WhirlingStrike+1","bronze:Flail+1","bronze:Iterate+1","bronze:GetLatest+1","bronze:DelayedSlice+1"],"relics":["bronze:PlatinumCore","Lizard Tail","The Courier","downfall:HeartBlessingBlue","downfall:HeartBlessingRed","downfall:HeartBlessingGreen","Pocketwatch","Fusion Hammer","CeramicFish","Strawberry","White Beast Statue","Nilry\u0027s Codex","Dream Catcher","Molten Egg 2","Shovel","Vajra","Lee\u0027s Waffle","Ancient Tea Set","Orichalcum"],"acts_visited":["Exordium","TheCity","TheBeyond"],"potions_floor_usage":[22,26,30,33,33,38,38,38,38,39,43,43,44,45,49,49,50,50],"damage_taken":[{"damage":1.0,"enemies":"Jaw Worm","floor":2.0,"turns":4.0},{"damage":2.0,"enemies":"Small Slimes","floor":5.0,"turns":4.0},{"damage":58.0,"enemies":"Lagavulin","floor":6.0,"turns":7.0},{"damage":36.0,"enemies":"3 Sentries","floor":8.0,"turns":11.0},{"damage":0.0,"enemies":"2 Louse","floor":9.0,"turns":2.0},{"damage":16.0,"enemies":"Gremlin Nob","floor":14.0,"turns":4.0},{"damage":1.0,"enemies":"2 Fungi Beasts","floor":15.0,"turns":4.0},{"damage":41.0,"enemies":"DF_ARCHETYPE_STREAMLINE","floor":16.0,"turns":11.0},{"damage":10,"enemies":"Chosen","floor":19,"turns":5},{"damage":0,"enemies":"downfall:FleeingMerchant","floor":20,"turns":4},{"damage":17,"enemies":"Cultist and Chosen","floor":21,"turns":4},{"damage":1,"enemies":"Snecko","floor":22,"turns":4},{"damage":25,"enemies":"Slavers","floor":26,"turns":6},{"damage":17,"enemies":"Centurion and Healer","floor":27,"turns":6},{"damage":0,"enemies":"Shelled Parasite and Fungi","floor":30,"turns":1},{"damage":40,"enemies":"Gremlin Leader","floor":31,"turns":6},{"damage":3,"enemies":"Chosen and Byrds","floor":32,"turns":5},{"damage":69,"enemies":"IC_MUSHROOM_ARCHETYPE","floor":33,"turns":9},{"damage":7,"enemies":"Orb Walker","floor":36,"turns":3},{"damage":37,"enemies":"3 Darklings","floor":37,"turns":5},{"damage":0,"enemies":"downfall:FleeingMerchant","floor":38,"turns":4},{"damage":2,"enemies":"Transient","floor":39,"turns":5},{"damage":6,"enemies":"Maw","floor":42,"turns":7},{"damage":20,"enemies":"Writhing Mass","floor":43,"turns":7},{"damage":1,"enemies":"Writhing Mass","floor":44,"turns":5},{"damage":21,"enemies":"Sphere and 2 Shapes","floor":45,"turns":4},{"damage":20,"enemies":"downfall:FleeingMerchant","floor":47,"turns":4},{"damage":23,"enemies":"Giant Head","floor":48,"turns":7},{"damage":48,"enemies":"Transient","floor":49,"turns":5},{"damage":104,"enemies":"SI_POISON_ARCHETYPE","floor":50,"turns":5}],"seed_played":"-4666482287866037563","potions_obtained":[{"floor":2.0,"key":"Fruit Juice"},{"floor":14.0,"key":"sneckomod:MuddlingPotion"},{"floor":15.0,"key":"FairyPotion"},{"floor":16.0,"key":"Guardian:BlockOnCardUsePotion"},{"floor":21,"key":"FearPotion"},{"floor":27,"key":"SmokeBomb"},{"floor":31,"key":"SpeedPotion"},{"floor":32,"key":"bronze:CleanCodePotion"},{"floor":33,"key":"hexamod:SoulburnPotion"},{"floor":36,"key":"EntropicBrew"},{"floor":37,"key":"EssenceOfSteel"},{"floor":38,"key":"Block Potion"},{"floor":39,"key":"Block Potion"},{"floor":43,"key":"FearPotion"},{"floor":44,"key":"GamblersBrew"},{"floor":45,"key":"Explosive Potion"},{"floor":47,"key":"Swift Potion"},{"floor":49,"key":"Fruit Juice"}],"is_trial":false,"path_per_floor":["R","M","?","?","M","E","T","E","M","?","R","?","R","E","M","B",null,"R","M","$","M","M","R","T","R","E","M","?","?","M","E","M","B",null,"R","M","M","$","M","R","T","M","M","?","M","R","$","E","M","B"],"character_chosen":"THE_AUTOMATON","items_purchased":["CeramicFish","bronze:Verify","Lee\u0027s Waffle","Ancient Tea Set"],"campfire_rested":7,"item_purchase_floors":[20,38,47,47],"current_hp_per_floor":[77,76,76,76,74,16,16,29,29,29,66,66,92,76,75,34,92,92,82,82,65,64,91,98,99,84,77,77,61,61,31,38,16,99,99,99,72,72,80,99,99,93,83,92,71,71,103,90,52,0,0,0],"gold":125,"neow_bonus":"TEN_PERCENT_HP_BONUS","is_daily":false,"chose_seed":false,"campfire_upgraded":0,"win_rate":0.0,"timestamp":1612217553,"path_taken":["R","M","?","?","M","E","T","E","M","?","R","?","R","E","M","BOSS","R","M","$","M","M","R","T","R","E","M","?","?","M","E","M","BOSS","R","M","M","$","M","R","T","M","M","?","M","R","$","E","M","BOSS"],"items_purchased_type":["Relic","Card","Relic","Relic"],"build_version":"2020-12-22","purchased_purges":3,"victory":false,"max_hp_per_floor":[77,77,77,77,77,77,77,82,82,82,92,92,92,92,92,92,92,92,92,92,92,92,92,99,99,99,99,99,99,99,99,99,99,99,99,99,99,99,99,99,99,99,99,99,99,99,103,103,103,108,108,108],"card_choices":[{"not_picked":["bronze:ChildClass","bronze:Overload","bronze:BitShift"],"picked":"SKIP","floor":2.0},{"not_picked":["bronze:ChildClass","bronze:Philosophize"],"picked":"bronze:WhirlingStrike","floor":5.0},{"not_picked":["bronze:Turbo","bronze:Frontload"],"picked":"bronze:Optimize","floor":6.0},{"not_picked":["bronze:HardenedForm","bronze:Deprecate"],"picked":"bronze:ClassDefault","floor":8.0},{"not_picked":["bronze:Shield","bronze:ForceShield","bronze:DelayedSlice"],"picked":"SKIP","floor":9.0},{"not_picked":["bronze:Return","bronze:FindAndReplace"],"picked":"bronze:HardenedForm","floor":14.0},{"not_picked":["bronze:Turbo","bronze:FineTuning","bronze:Deprecate"],"picked":"SKIP","floor":15.0},{"not_picked":["bronze:Assembly","bronze:HardenedForm"],"picked":"bronze:AlphaBuild","floor":16.0},{"not_picked":["bronze:DelayedSlice","bronze:WhirlingStrike"],"picked":"bronze:Iterate","floor":19},{"not_picked":["bronze:Turbo+1","bronze:WildBeam"],"picked":"bronze:Invalidate","floor":20},{"not_picked":["bronze:Iterate","bronze:Return+1"],"picked":"bronze:Repair+1","floor":21},{"not_picked":["bronze:Iterate","bronze:Backtrace"],"picked":"bronze:GetLatest+1","floor":22},{"not_picked":["bronze:Overheat","bronze:NullPointer"],"picked":"bronze:Repulsor+1","floor":26},{"not_picked":["bronze:Branch","bronze:Allocate"],"picked":"bronze:DelayedGuard","floor":27},{"not_picked":["bronze:Branch","bronze:Overload","bronze:CleanCode"],"picked":"SKIP","floor":31},{"not_picked":["bronze:Shield+1","bronze:Flail+1"],"picked":"bronze:BronzeArmor","floor":32},{"not_picked":["bronze:FindAndReplace","bronze:Format"],"picked":"bronze:HardenedForm","floor":33},{"not_picked":["bronze:CloningBeam+1","bronze:Turbo"],"picked":"bronze:Overheat+1","floor":36},{"not_picked":["bronze:DarkDash","bronze:Repulsor"],"picked":"bronze:Deprecate+1","floor":37},{"not_picked":["bronze:Break","bronze:Boost","bronze:CloningBeam"],"picked":"SKIP","floor":38},{"not_picked":["bronze:Deprecate","bronze:NullPointer+1","bronze:Branch"],"picked":"SKIP","floor":39},{"not_picked":["bronze:FineTuning+1","bronze:Branch+1"],"picked":"bronze:Optimize","floor":40},{"not_picked":["bronze:Branch+1","bronze:Optimize"],"picked":"bronze:WhirlingStrike+1","floor":42},{"not_picked":["bronze:WhirlingStrike+1","bronze:BitShift+1","bronze:Turbo+1"],"picked":"SKIP","floor":43},{"not_picked":["bronze:WildBeam+1","bronze:Frontload+1"],"picked":"bronze:Flail+1","floor":44},{"not_picked":["bronze:Branch+1","bronze:Backtrace+1","bronze:Overheat+1"],"picked":"SKIP","floor":45},{"not_picked":["bronze:ChosenStrike+1","bronze:Repulsor+1"],"picked":"bronze:Iterate+1","floor":47},{"not_picked":["bronze:WildBeam+1","bronze:DarkDash+1"],"picked":"bronze:GetLatest+1","floor":48},{"not_picked":["bronze:Branch+1","bronze:Philosophize+1"],"picked":"bronze:DelayedSlice+1","floor":49}],"player_experience":178020,"relics_obtained":[{"floor":6.0,"key":"Lizard Tail"},{"floor":8.0,"key":"The Courier"},{"floor":14.0,"key":"Pocketwatch"},{"floor":24,"key":"Strawberry"},{"floor":26,"key":"White Beast Statue"},{"floor":29,"key":"Nilry\u0027s Codex"},{"floor":31,"key":"Dream Catcher"},{"floor":41,"key":"Molten Egg 2"},{"floor":44,"key":"Shovel"},{"floor":46,"key":"Vajra"},{"floor":48,"key":"Orichalcum"}],"event_choices":[],"is_beta":false,"boss_relics":[{"not_picked":["Velvet Choker","Philosopher\u0027s Stone"],"picked":"Fusion Hammer"},{"not_picked":["Calling Bell","SlaversCollar"],"picked":"bronze:PlatinumCore"}],"items_purged_floors":[20,38,47],"is_endless":false,"potions_floor_spawned":[2,14,15,16,21,27,30,31,32,33,36,37,38,39,42,43,44,45,47,48,49],"killed_by":"SI_POISON_ARCHETYPE","ascension_level":0}}