{"host":"36zn1fhase90d3ns","time":1612151488,"event":{"mods":["2.2 Compatiblity","AchievementEnabler","Act Like it!","Aspiration","BaseMod","BetterRewards","Block Reminder","Colored Map","Colored Powertips","Conspire","Curses Come First","Custom Start","Dark Map","Energized Spire","Friendly Minions","Halation","Hermit","Hubris","Minty Spire (QoL Compilation)","Prisma Mod","Quick Restart","Relic Sorter","Reliquary","Remilia??????","Replay The Spire","Spicy Shops","StSLib","The Necromancer","Unceasing Turn Reminder","Yohane!","??????REMEMod"],"gold_per_floor":[109,126,143,143,163,163,163,163,163,163,163],"floor_reached":10,"language":"ENG","playtime":305,"items_purged":["Strike_B","Strike_B","Strike_B"],"score":64,"play_id":"ab051fae-b120-48b8-8b9c-9da327817686","local_time":"20210131215128","is_ascension_mode":true,"campfire_choices":[{"data":"Zap","floor":6,"key":"SMITH"},{"floor":8,"key":"REST"}],"circlet_count":0,"master_deck":["Strike_B","Defend_B","Defend_B","Defend_B","Defend_B","Zap+1","Dualcast","Replay:Anticipation","FIFO Queue","hubris:Ukulele","Coolheaded","Zap","Redo"],"relics":["Cracked Core","REME_ComplimentaryCards","NeowsBlessing","MealTicket","Boot","reliquary:TuningFork"],"acts_visited":["Exordium"],"potions_floor_usage":[10],"damage_taken":[{"damage":0,"enemies":"Cultist","floor":1,"turns":1},{"damage":0,"enemies":"Jaw Worm","floor":2,"turns":1},{"damage":0,"enemies":"2 Louse","floor":3,"turns":1},{"damage":23,"enemies":"Gremlin Gang","floor":5,"turns":8},{"damage":41,"enemies":"Gremlin Nob","floor":10,"turns":5}],"seed_played":"-6816088975281528707","potions_obtained":[{"floor":1,"key":"Dexterity Potion"}],"is_trial":false,"path_per_floor":["M","M","M","?","M","R","$","R","T","E"],"character_chosen":"DEFECT","items_purchased":["MealTicket","Boot"],"campfire_rested":1,"item_purchase_floors":[7,7],"current_hp_per_floor":[75,75,75,75,52,52,11,33,33,0,0],"gold":163,"neow_bonus":"THREE_ENEMY_KILL","is_daily":false,"chose_seed":false,"campfire_upgraded":1,"win_rate":0.0,"timestamp":1612151488,"path_taken":["M","M","?","?","?","R","?","R","T","E"],"items_purchased_type":["Relic","Relic"],"build_version":"2020-12-22","purchased_purges":3,"victory":false,"max_hp_per_floor":[75,75,75,75,75,75,75,75,75,75,75],"card_choices":[{"not_picked":["Turbo","Barrage"],"picked":"FIFO Queue","floor":1},{"not_picked":["Hologram","Redo"],"picked":"hubris:Ukulele","floor":2},{"not_picked":["Go for the Eyes","Gash","Auto Shields"],"picked":"SKIP","floor":3},{"not_picked":["hubris:Ukulele","Hyperbeam"],"picked":"Redo","floor":5}],"player_experience":532894,"relics_obtained":[{"floor":9,"key":"reliquary:TuningFork"}],"event_choices":[{"damage_healed":0,"gold_gain":0,"player_choice":"2 cards matched","damage_taken":0,"max_hp_gain":0,"max_hp_loss":0,"event_name":"Match and Keep!","floor":4,"gold_loss":0,"cards_obtained":["Coolheaded","Zap"]}],"is_beta":false,"boss_relics":[],"items_purged_floors":[7,7,7],"is_endless":false,"potions_floor_spawned":[1],"killed_by":"Gremlin Nob","ascension_level":2}}