{"host":"ws4mzzemcqsz5e2k","time":1612176216,"event":{"mods":["Act Like it!","BaseMod","Colored Powertips","Minty Spire (QoL Compilation)","Quick Restart","Relic Filter Mod","Reliquary","StSLib","Wide Potions"],"gold_per_floor":[111,91,107,107,157,157,168,181,205,205,205],"floor_reached":10,"language":"ZHS","playtime":224,"items_purged":[],"score":116,"play_id":"1bdded4c-613e-4671-b814-669ae573365f","local_time":"20210201184336","is_ascension_mode":true,"campfire_choices":[{"data":"Bloodletting","floor":6,"key":"SMITH"}],"circlet_count":0,"master_deck":["AscendersBane","Strike_R","Strike_R","Strike_R","Strike_R","Strike_R","Defend_R","Defend_R","Defend_R","Defend_R","Bash","CurseOfTheBell","Bloodletting+1","Shrug It Off","Flame Barrier"],"relics":["Calling Bell","Smiling Mask","reliquary:TridentHead","Unceasing Top","reliquary:RoseTintedGlasses","reliquary:Stiletto"],"acts_visited":["Exordium"],"potions_floor_usage":[10],"damage_taken":[{"damage":1.0,"enemies":"Cultist","floor":1.0,"turns":3.0},{"damage":9,"enemies":"2 Louse","floor":3,"turns":3},{"damage":7,"enemies":"Small Slimes","floor":7,"turns":3},{"damage":25,"enemies":"Red Slaver","floor":8,"turns":5},{"damage":0,"enemies":"3 Sentries","floor":10,"turns":1}],"seed_played":"-3025604117021637612","potions_obtained":[{"floor":2,"key":"SpeedPotion"},{"floor":3,"key":"PowerPotion"}],"is_trial":false,"path_per_floor":["M","?","M","?","?","R","M","M","T","E"],"character_chosen":"IRONCLAD","items_purchased":[],"campfire_rested":0,"item_purchase_floors":[],"current_hp_per_floor":[67,67,58,40,40,40,33,8,8,8,8],"gold":205,"neow_bonus":"BOSS_RELIC","is_daily":false,"chose_seed":false,"campfire_upgraded":1,"win_rate":0.0,"timestamp":1612176216,"path_taken":["M","?","?","?","?","R","M","?","T","E"],"items_purchased_type":[],"build_version":"2020-12-22","purchased_purges":0,"victory":false,"max_hp_per_floor":[75,75,75,75,75,75,75,75,75,75,75],"card_choices":[{"not_picked":["Infernal Blade","Warcry"],"picked":"Bloodletting","floor":1.0},{"not_picked":["Perfected Strike","Warcry","True Grit"],"picked":"SKIP","floor":3},{"not_picked":["Whirlwind","Headbutt"],"picked":"Shrug It Off","floor":7},{"not_picked":["Blood for Blood","Armaments"],"picked":"Flame Barrier","floor":8}],"player_experience":1512572,"relics_obtained":[{"floor":0.0,"key":"Smiling Mask"},{"floor":0.0,"key":"reliquary:TridentHead"},{"floor":0.0,"key":"Unceasing Top"},{"floor":9,"key":"reliquary:Stiletto"}],"event_choices":[{"damage_healed":0,"gold_gain":0,"player_choice":"Bought 1 Potion","damage_taken":0,"max_hp_gain":0,"max_hp_loss":0,"event_name":"The Woman in Blue","floor":2,"gold_loss":0},{"damage_healed":0,"gold_gain":0,"player_choice":"Success","damage_taken":18,"relics_obtained":["reliquary:RoseTintedGlasses"],"max_hp_gain":0,"max_hp_loss":0,"event_name":"Scrap Ooze","floor":4,"gold_loss":0},{"damage_healed":0,"gold_gain":50,"player_choice":"Pray","damage_taken":0,"max_hp_gain":0,"max_hp_loss":0,"event_name":"Golden Shrine","floor":5,"gold_loss":0}],"is_beta":false,"boss_relics":[],"items_purged_floors":[],"is_endless":false,"potions_floor_spawned":[3,8],"killed_by":"3 Sentries","ascension_level":20}}