{"host":"wfkvcf4y4vkrpwe0","time":1612186751,"event":{"mods":["BaseMod","Conspire","Downfall","Hermit","Minty Spire (QoL Compilation)","StSLib","The Construct","The Cursed","The Disciple","The Hierophant","The Necromancer"],"gold_per_floor":[116,116,62,62,92,92,109,124,149,149,165,165,165],"floor_reached":12,"language":"ENG","playtime":736,"items_purged":[],"score":93,"play_id":"d0e14558-62e7-4dd8-9c9d-dd276855b632","local_time":"20210201133911","is_ascension_mode":false,"campfire_choices":[{"floor":6,"key":"REST"},{"floor":10,"key":"REST"}],"circlet_count":0,"master_deck":["construct:Strike_Gold","construct:Strike_Gold","construct:Strike_Gold","construct:Strike_Gold","construct:Strike_Gold","construct:Defend_Gold","construct:Defend_Gold","construct:Defend_Gold","construct:Defend_Gold","construct:Defend_Gold","construct:AttackMode","construct:DefenseMode","construct:PanicFire","construct:Stasis","construct:Autoturret"],"relics":["construct:Cogwheel","Lantern","Mango","Strawberry"],"acts_visited":["Exordium"],"potions_floor_usage":[5,5,5,12],"damage_taken":[{"damage":11,"enemies":"2 Louse","floor":1,"turns":3},{"damage":21,"enemies":"conspire:MimicChest","floor":5,"turns":9},{"damage":10,"enemies":"Cultist","floor":7,"turns":5},{"damage":24,"enemies":"Small Slimes","floor":8,"turns":6},{"damage":39,"enemies":"2 Fungi Beasts","floor":11,"turns":6},{"damage":22,"enemies":"3 Sentries","floor":12,"turns":4}],"seed_played":"-2913584418042929464","potions_obtained":[{"floor":1,"key":"EntropicBrew"},{"floor":8,"key":"AttackPotion"}],"is_trial":false,"path_per_floor":["M","?","$","?","?","R","M","M","T","R","M","E"],"character_chosen":"THE_CONSTRUCT_MOD","items_purchased":["construct:Autoturret"],"campfire_rested":2,"item_purchase_floors":[3],"current_hp_per_floor":[50,50,50,32,25,54,44,20,27,58,19,0,0],"gold":165,"neow_bonus":"THREE_RARE_CARDS","is_daily":false,"chose_seed":false,"campfire_upgraded":0,"win_rate":0.0,"timestamp":1612186751,"path_taken":["M","?","?","?","?","R","M","M","T","R","M","E"],"items_purchased_type":["Card"],"build_version":"2020-12-22","purchased_purges":0,"victory":false,"max_hp_per_floor":[85,85,85,85,99,99,99,99,106,106,106,106,106],"card_choices":[{"not_picked":["construct:ShieldGenerator","construct:GatlingGun"],"picked":"construct:PanicFire","floor":0},{"not_picked":["construct:OneWayMirror","construct:Chainstrike"],"picked":"construct:Stasis","floor":1},{"not_picked":["construct:BatteryAcid","construct:SaveState","construct:PowerUp"],"picked":"SKIP","floor":7},{"not_picked":["construct:ShiftStrike","construct:Accumulate","construct:Anticipate"],"picked":"SKIP","floor":8},{"not_picked":["construct:HastyRepair","construct:OneWayMirror","construct:Stasis"],"picked":"SKIP","floor":11}],"player_experience":572829,"relics_obtained":[{"floor":5,"key":"Mango"},{"floor":9,"key":"Strawberry"}],"event_choices":[{"cards_removed":["Reaper"],"damage_healed":0,"gold_gain":0,"player_choice":"Took Card","damage_taken":0,"max_hp_gain":0,"max_hp_loss":0,"event_name":"NoteForYourself","floor":2,"gold_loss":0,"cards_obtained":["Reaper"]},{"damage_healed":0,"gold_gain":0,"player_choice":"Success","damage_taken":18,"relics_obtained":["Lantern"],"max_hp_gain":0,"max_hp_loss":0,"event_name":"Scrap Ooze","floor":4,"gold_loss":0}],"is_beta":false,"boss_relics":[],"items_purged_floors":[],"is_endless":false,"potions_floor_spawned":[1,8],"killed_by":"3 Sentries","ascension_level":0}}