{"host":"g76rhe4j5kh9hdf9","time":1612150447,"event":{"mods":["Act Like it!","BaseMod","Bestiary","Better Third Choice","Downfall","GifTheSpireLib","Minty Spire (QoL Compilation)","Relic Stats","Spicy Shops","StSLib"],"gold_per_floor":[99,117,129,129,139,169,169,201,226,238,280,312,424,456,483,495,495,495],"floor_reached":16,"language":"ENG","playtime":1123,"items_purged":[],"score":156,"play_id":"34de02d0-3fd8-4751-b928-967c1bcda31b","local_time":"20210131193407","is_ascension_mode":true,"campfire_choices":[{"data":"bronze:Goto","floor":1,"key":"SMITH"}],"circlet_count":0,"master_deck":["bronze:Strike+1","bronze:Strike","bronze:Strike","bronze:Strike","bronze:Defend","bronze:Defend+1","bronze:Defend","bronze:Defend","bronze:Replicate+1","bronze:Goto+1","bronze:Shell","bronze:FineTuning","bronze:Constructor","bronze:Terminator","downfall:Malfunctioning","bronze:ChosenStrike","bronze:Terminator","bronze:FindAndReplace"],"relics":["bronze:BronzeCore","Turnip","Slimebound:PreparedRelic","MawBank","Girya"],"acts_visited":["Exordium"],"potions_floor_usage":[6,8,12,14,16],"damage_taken":[{"damage":0,"enemies":"Small Slimes","floor":2,"turns":4},{"damage":1,"enemies":"2 Louse","floor":3,"turns":3},{"damage":0,"enemies":"Cultist","floor":5,"turns":4},{"damage":21,"enemies":"Lagavulin","floor":6,"turns":7},{"damage":0,"enemies":"Gremlin Nob","floor":8,"turns":4},{"damage":10,"enemies":"Gremlin Gang","floor":9,"turns":6},{"damage":17,"enemies":"3 Sentries","floor":11,"turns":10},{"damage":2,"enemies":"Exordium Thugs","floor":12,"turns":4},{"damage":0,"enemies":"Lots of Slimes","floor":14,"turns":4},{"damage":0,"enemies":"Red Slaver","floor":15,"turns":2},{"damage":43,"enemies":"IC_STATUS_ARCHETYPE","floor":16,"turns":8}],"seed_played":"-3809527131671984669","potions_obtained":[{"floor":3,"key":"LiquidMemories"},{"floor":6,"key":"DistilledChaos"},{"floor":8,"key":"bronze:CleanCodePotion"},{"floor":11,"key":"Explosive Potion"},{"floor":12,"key":"Fire Potion"},{"floor":15,"key":"Energy Potion"}],"is_trial":false,"path_per_floor":["R","M","M","?","M","E","T","E","M","?","E","M","?","M","M","B"],"character_chosen":"THE_AUTOMATON","items_purchased":[],"campfire_rested":0,"item_purchase_floors":[],"current_hp_per_floor":[70,70,69,74,74,53,53,53,43,43,26,24,24,24,24,0,0,0],"gold":495,"neow_bonus":"THREE_CARDS","is_daily":false,"chose_seed":false,"campfire_upgraded":1,"win_rate":0.0,"timestamp":1612150447,"path_taken":["R","M","M","?","M","E","T","E","M","?","E","M","?","M","M","BOSS"],"items_purchased_type":[],"build_version":"2020-12-22","purchased_purges":0,"victory":false,"max_hp_per_floor":[70,70,70,75,75,75,75,75,75,75,75,75,75,75,75,75,75,75],"relic_stats":{"counters":[11,56],"Turnip":[0],"MawBank":96,"obtain_stats":[{"Girya":11,"bronze:BronzeCore":0,"Turnip":6,"Slimebound:PreparedRelic":7,"MawBank":8},{"Girya":7,"bronze:BronzeCore":0,"Turnip":4,"Slimebound:PreparedRelic":4,"MawBank":5},{"Girya":38,"bronze:BronzeCore":0,"Turnip":18,"Slimebound:PreparedRelic":18,"MawBank":22}]},"card_choices":[{"not_picked":["bronze:WildBeam","bronze:Overheat"],"picked":"bronze:Shell","floor":0},{"not_picked":["bronze:DelayedGuard","bronze:BitShift","bronze:Fortify"],"picked":"SKIP","floor":2},{"not_picked":["bronze:Shell","bronze:WhirlingStrike","bronze:DelayedSlice"],"picked":"SKIP","floor":3},{"not_picked":["bronze:Allocate","bronze:DelayedGuard"],"picked":"bronze:FineTuning","floor":5},{"not_picked":["bronze:BronzeArmor","bronze:BugBarrage"],"picked":"bronze:Constructor","floor":6},{"not_picked":["bronze:CutThrough","bronze:DelayedGuard"],"picked":"bronze:Terminator","floor":8},{"not_picked":["bronze:DelayedGuard","bronze:Invalidate","bronze:BitShift"],"picked":"SKIP","floor":9},{"not_picked":["bronze:BuggyMess","bronze:Overload"],"picked":"bronze:ChosenStrike","floor":11},{"not_picked":["bronze:Branch","bronze:Overheat"],"picked":"bronze:Terminator","floor":12},{"not_picked":["bronze:BronzeOrb","bronze:DarkDash","bronze:Fortify"],"picked":"SKIP","floor":14},{"not_picked":["bronze:Deprecate","bronze:DarkDash"],"picked":"bronze:FindAndReplace","floor":15}],"player_experience":601230,"relics_obtained":[{"floor":6,"key":"Turnip"},{"floor":7,"key":"Slimebound:PreparedRelic"},{"floor":8,"key":"MawBank"},{"floor":11,"key":"Girya"}],"event_choices":[{"damage_healed":0,"gold_gain":0,"player_choice":"Donut","damage_taken":0,"max_hp_gain":5,"max_hp_loss":0,"event_name":"Big Fish","floor":4,"gold_loss":0}],"is_beta":false,"boss_relics":[],"items_purged_floors":[],"is_endless":false,"potions_floor_spawned":[3,6,8,11,12,15],"killed_by":"IC_STATUS_ARCHETYPE","ascension_level":1}}