{"host":"vgmhxp0kxvybuvcq","time":1612153854,"event":{"mods":["BaseMod","Minty Spire (QoL Compilation)","Replay The Spire","StSLib"],"gold_per_floor":[115,36,55,72,147,147,162,162,185,226,226,226,226,260,260,383,383,403,478,497,518,113,138,138,162,162,162,162],"floor_reached":27,"language":"ENG","playtime":1397,"items_purged":["Strike_R"],"score":245,"play_id":"1158b327-7a7f-4be5-aa8a-84c069073f32","local_time":"20210131203054","is_ascension_mode":true,"campfire_choices":[{"data":"ReplayTheSpireMod:Muscle Training","floor":6,"key":"SMITH"},{"data":"Searing Blow","floor":11,"key":"SMITH"},{"floor":13,"key":"REST"},{"data":"Searing Blow+1","floor":15,"key":"SMITH"},{"data":"Infernal Blade","floor":24,"key":"SMITH"}],"circlet_count":0,"master_deck":["Strike_R","Strike_R","Strike_R","Defend_R","Defend_R","Defend_R","Bash","Searing Blow+2","Power Through","Thunderclap","Inflame","ReplayTheSpireMod:Muscle Training+1","Shrug It Off","Fire Breathing","Infernal Blade+1","Ghostly Armor","Feed","Spot Weakness","Reckless Charge","Shrug It Off","Good Instincts","Iron Wave","Wild Strike"],"relics":["Burning Blood","Golden Idol","Happy Flower","Smiling Mask","Shovel","Honey Jar","Ornamental Fan","MealTicket"],"acts_visited":["Exordium","TheCity"],"potions_floor_usage":[14,14,16],"damage_taken":[{"damage":1,"enemies":"Cultist","floor":1,"turns":4},{"damage":8,"enemies":"Jaw Worm","floor":3,"turns":4},{"damage":6,"enemies":"Small Slimes","floor":4,"turns":2},{"damage":20,"enemies":"3 Louse","floor":7,"turns":3},{"damage":11,"enemies":"Replay:BlueRogue","floor":10,"turns":7},{"damage":9,"enemies":"Lagavulin","floor":14,"turns":7},{"damage":20,"enemies":"Slime Boss","floor":16,"turns":8},{"damage":0,"enemies":"Chosen","floor":18,"turns":4},{"damage":19,"enemies":"Spheric Guardian","floor":20,"turns":4},{"damage":22,"enemies":"Snake Plant","floor":21,"turns":5},{"damage":23,"enemies":"Shelled Parasite and Fungi","floor":23,"turns":6},{"damage":24,"enemies":"3 Cultists","floor":25,"turns":5},{"damage":21,"enemies":"Snake Plant","floor":27,"turns":3}],"seed_played":"3234546998368000089","potions_obtained":[{"floor":4,"key":"Reflective Coating"},{"floor":10,"key":"LiquidMemories"},{"floor":14,"key":"AttackPotion"}],"is_trial":false,"path_per_floor":["M","$","M","M","?","R","M","?","T","E","R","?","R","E","R","B",null,"M","?","M","M","$","M","R","M","T","M"],"character_chosen":"IRONCLAD","items_purchased":["Inflame","Good Instincts","Ornamental Fan"],"campfire_rested":1,"item_purchase_floors":[2,22,22],"current_hp_per_floor":[61,61,59,59,48,48,34,34,34,29,29,22,46,43,43,29,80,83,75,65,49,49,35,35,20,20,0,0],"gold":162,"neow_bonus":"TRANSFORM_TWO_CARDS","is_daily":false,"chose_seed":false,"campfire_upgraded":4,"win_rate":0.0,"timestamp":1612153854,"path_taken":["M","$","?","M","?","R","M","?","T","E","R","?","R","E","R","BOSS","M","?","M","M","$","M","R","?","T","?"],"items_purchased_type":["Card","Card","Relic"],"build_version":"2020-12-22","purchased_purges":1,"victory":false,"max_hp_per_floor":[80,80,80,80,80,80,80,80,80,80,80,80,80,80,80,80,80,83,83,86,86,86,89,89,92,92,92,92],"card_choices":[{"not_picked":["Twin Strike","Sever Soul"],"picked":"Thunderclap","floor":1},{"not_picked":["Perfected Strike","Flex"],"picked":"ReplayTheSpireMod:Muscle Training","floor":3},{"not_picked":["Havoc","Clash"],"picked":"Shrug It Off","floor":4},{"not_picked":["Inflame","Blood for Blood"],"picked":"Fire Breathing","floor":7},{"not_picked":["Havoc","Clash"],"picked":"Infernal Blade","floor":10},{"not_picked":["Rupture","True Grit"],"picked":"Ghostly Armor","floor":14},{"not_picked":["Eclipse","Hemogenesis"],"picked":"Feed","floor":16},{"not_picked":["Clash+1","Clothesline","True Grit"],"picked":"Spot Weakness","floor":18},{"not_picked":["Perfected Strike","Armaments","Second Wind"],"picked":"Reckless Charge","floor":20},{"not_picked":["Run Through","Rupture+1","Havoc"],"picked":"Shrug It Off","floor":21},{"not_picked":["Warcry","Feel No Pain+1","True Grit"],"picked":"Iron Wave","floor":23},{"not_picked":["Sentinel","Massacre","ReplayTheSpireMod:Limb From Limb"],"picked":"Wild Strike","floor":25}],"player_experience":284845,"relics_obtained":[{"floor":9,"key":"Happy Flower"},{"floor":10,"key":"Smiling Mask"},{"floor":14,"key":"Shovel"},{"floor":26,"key":"MealTicket"}],"event_choices":[{"damage_healed":0,"gold_gain":75,"player_choice":"Gather Gold","damage_taken":11,"max_hp_gain":0,"max_hp_loss":0,"event_name":"World of Goop","floor":5,"gold_loss":0},{"damage_healed":0,"gold_gain":0,"player_choice":"Take Wound","damage_taken":0,"relics_obtained":["Golden Idol"],"max_hp_gain":0,"max_hp_loss":0,"event_name":"Golden Idol","floor":8,"gold_loss":0,"cards_obtained":["Injury"]},{"cards_removed":["Injury"],"damage_healed":0,"gold_gain":0,"player_choice":"Card Removal","damage_taken":7,"max_hp_gain":0,"max_hp_loss":0,"event_name":"Golden Wing","floor":12,"gold_loss":0},{"damage_healed":0,"gold_gain":75,"player_choice":"Touch","damage_taken":8,"max_hp_gain":0,"max_hp_loss":0,"event_name":"FaceTrader","floor":19,"gold_loss":0}],"is_beta":false,"boss_relics":[{"not_picked":["Busted Crown","Ooze Armor"],"picked":"Honey Jar"}],"items_purged_floors":[22],"is_endless":false,"potions_floor_spawned":[4,10,14],"killed_by":"Snake Plant","ascension_level":2}}