{"host":"3a1sbpq1iuwiesnh","time":1612187422,"event":{"mods":["AchievementEnabler","BaseMod","Colored Map","Colored Powertips","KOR Keyword Fix","Minty Spire (QoL Compilation)","Rare Cards Sparkle","Relic Stats","SuperFastMode","everything is the same but u backflip on backflip"],"gold_per_floor":[112,127,52,70,82,107,107,119,119,119,119,153,35,81,81,153,153,167,147,62,62,77,77,91,91,116,116,142,162,162,62,62,139,139,151,151,151,26,37,37,68,68,95,128,139,149,168,178,178,178,178,178,178,28,62,62],"floor_reached":57,"language":"KOR","playtime":2262,"items_purged":["Pain","Strike_R","Hemokinesis+1","Bash+1"],"score":2834,"play_id":"4105f71a-5c4f-4ce3-a17d-495468d074de","local_time":"20210201225022","is_ascension_mode":true,"campfire_choices":[{"data":"Fire Breathing","floor":7.0,"key":"SMITH"},{"data":"Wild Strike","floor":11.0,"key":"SMITH"},{"data":"Evolve","floor":15,"key":"SMITH"},{"data":"Power Through","floor":23,"key":"SMITH"},{"floor":25,"key":"REST"},{"data":"Shrug It Off","floor":30,"key":"SMITH"},{"data":"Impervious","floor":32,"key":"SMITH"},{"data":"Master of Strategy","floor":40,"key":"SMITH"},{"floor":42,"key":"RECALL"},{"floor":49,"key":"REST"},{"data":"Dark Embrace","floor":53,"key":"SMITH"}],"circlet_count":0,"master_deck":["AscendersBane","Defend_R","Defend_R","Defend_R","Defend_R","Fire Breathing+1","Wild Strike+1","Power Through+1","Immolate","Evolve+1","Feed+1","Body Slam+1","Shrug It Off+1","Impervious+1","Impervious","Fiend Fire","Rage+1","True Grit+1","Fiend Fire+1","Shrug It Off","Thinking Ahead","Master of Strategy+1","Burning Pact","Feel No Pain","Feel No Pain","Dark Embrace+1","Second Wind"],"relics":["Burning Blood","Bag of Preparation","Eternal Feather","WarpedTongs","SlaversCollar","Mercury Hourglass","Whetstone","Mango","Astrolabe","Kunai","Regal Pillow","Strawberry","Ice Cream"],"acts_visited":["Exordium","TheCity","TheBeyond","TheEnding"],"potions_floor_usage":[18,19,35,48,56],"damage_taken":[{"damage":11.0,"enemies":"Small Slimes","floor":1.0,"turns":4.0},{"damage":2.0,"enemies":"2 Louse","floor":2.0,"turns":2.0},{"damage":8.0,"enemies":"Cultist","floor":4.0,"turns":3.0},{"damage":22.0,"enemies":"Lots of Slimes","floor":5.0,"turns":6.0},{"damage":48.0,"enemies":"Lagavulin","floor":6.0,"turns":7.0},{"damage":10.0,"enemies":"Large Slime","floor":8.0,"turns":5.0},{"damage":20.0,"enemies":"Gremlin Nob","floor":12.0,"turns":4.0},{"damage":2,"enemies":"Slime Boss","floor":16,"turns":5},{"damage":19,"enemies":"3 Byrds","floor":18,"turns":4},{"damage":18,"enemies":"2 Thieves","floor":19,"turns":4},{"damage":14,"enemies":"Centurion and Healer","floor":22,"turns":7},{"damage":39,"enemies":"Snake Plant","floor":24,"turns":4},{"damage":23,"enemies":"Slavers","floor":28,"turns":4},{"damage":10,"enemies":"Snecko","floor":29,"turns":5},{"damage":9,"enemies":"Automaton","floor":33,"turns":9},{"damage":17,"enemies":"Orb Walker","floor":35,"turns":4},{"damage":0,"enemies":"3 Shapes","floor":39,"turns":3},{"damage":0,"enemies":"Giant Head","floor":41,"turns":6},{"damage":22,"enemies":"Reptomancer","floor":44,"turns":7},{"damage":15,"enemies":"Maw","floor":45,"turns":7},{"damage":38,"enemies":"Sphere and 2 Shapes","floor":46,"turns":6},{"damage":14,"enemies":"3 Darklings","floor":47,"turns":6},{"damage":19,"enemies":"4 Shapes","floor":48,"turns":5},{"damage":52,"enemies":"Awakened One","floor":50,"turns":11},{"damage":22,"enemies":"Donu and Deca","floor":51,"turns":8},{"damage":17,"enemies":"Shield and Spear","floor":55,"turns":6},{"damage":58,"enemies":"The Heart","floor":56,"turns":9}],"seed_played":"2208374889545180052","potions_obtained":[{"floor":1.0,"key":"BloodPotion"},{"floor":2.0,"key":"Swift Potion"},{"floor":8.0,"key":"FairyPotion"},{"floor":12,"key":"DuplicationPotion"},{"floor":18,"key":"SkillPotion"},{"floor":24,"key":"BlessingOfTheForge"},{"floor":28,"key":"EssenceOfSteel"},{"floor":44,"key":"GamblersBrew"},{"floor":47,"key":"BloodPotion"},{"floor":48,"key":"Dexterity Potion"}],"is_trial":false,"path_per_floor":["M","M","?","M","M","E","R","M","T","?","R","E","$","T","R","B",null,"M","M","?","?","M","R","M","R","T","?","E","M","R","$","R","B",null,"M","?","?","$","M","R","E","R","T","E","M","M","M","M","R","B","B",null,"R","$","E","B",null],"character_chosen":"IRONCLAD","items_purchased":["Evolve"],"campfire_rested":2,"item_purchase_floors":[13],"current_hp_per_floor":[63,67,67,65,49,7,7,18,18,18,27,13,13,13,22,26,63,50,38,38,38,33,42,9,41,41,41,38,34,46,46,58,55,83,72,62,62,62,68,80,86,87,87,78,69,37,29,34,92,46,30,78,93,93,82,30],"gold":62,"neow_bonus":"UPGRADE_CARD","is_daily":false,"chose_seed":false,"campfire_upgraded":8,"win_rate":0.0,"timestamp":1612187422,"path_taken":["M","M","?","M","M","E","R","M","T","?","R","E","$","?","R","BOSS","M","?","?","?","M","R","M","R","T","?","E","M","R","$","R","BOSS","M","?","?","?","M","R","E","R","T","E","M","M","M","M","R","BOSS","BOSS","R","$","E","BOSS"],"items_purchased_type":["Card"],"build_version":"2020-12-22","purchased_purges":4,"victory":true,"max_hp_per_floor":[75,75,75,75,75,75,75,75,75,75,75,75,75,75,75,75,75,75,75,75,75,78,78,78,78,78,78,92,92,92,92,92,92,92,92,92,87,87,87,87,87,87,87,94,94,94,94,94,94,94,94,94,94,94,94,94],"relic_stats":{"Regal Pillow":15,"counters":[27,151],"Astrolabe":["Rage","True Grit","Fiend Fire"],"Eternal Feather":103,"Bag of Preparation":[44],"Whetstone":["Feed","Hemokinesis"],"Kunai":[1],"obtain_stats":[{"Ice Cream":55,"Regal Pillow":43,"Astrolabe":34,"Eternal Feather":9,"Mango":28,"Bag of Preparation":6,"Whetstone":26,"Burning Blood":0,"WarpedTongs":10,"Mercury Hourglass":20,"SlaversCollar":17,"Strawberry":44,"Kunai":41},{"Ice Cream":26,"Regal Pillow":18,"Astrolabe":15,"Eternal Feather":6,"Mango":13,"Bag of Preparation":5,"Whetstone":12,"Burning Blood":0,"WarpedTongs":6,"Mercury Hourglass":10,"SlaversCollar":8,"Strawberry":19,"Kunai":18},{"Ice Cream":142,"Regal Pillow":86,"Astrolabe":73,"Eternal Feather":27,"Mango":59,"Bag of Preparation":22,"Whetstone":55,"Burning Blood":0,"WarpedTongs":27,"Mercury Hourglass":44,"SlaversCollar":36,"Strawberry":93,"Kunai":86}],"Burning Blood":162,"WarpedTongs":[109],"Mercury Hourglass":[460]},"card_choices":[{"not_picked":["True Grit","Anger"],"picked":"Hemokinesis","floor":1.0},{"not_picked":["Iron Wave","True Grit","Heavy Blade"],"picked":"SKIP","floor":2.0},{"not_picked":["Warcry","Shrug It Off"],"picked":"Fire Breathing","floor":4.0},{"not_picked":["Rage","Warcry","Sword Boomerang"],"picked":"SKIP","floor":5.0},{"not_picked":["Heavy Blade","Carnage"],"picked":"Wild Strike","floor":6.0},{"not_picked":["Cleave","Heavy Blade"],"picked":"Power Through","floor":8.0},{"not_picked":["Cleave","Perfected Strike"],"picked":"Immolate","floor":12},{"not_picked":["Reaper","Corruption"],"picked":"Feed","floor":16},{"not_picked":["Inflame","Combust"],"picked":"Body Slam+1","floor":18},{"not_picked":["Rampage+1","Iron Wave"],"picked":"Shrug It Off","floor":19},{"not_picked":["Pummel","Infernal Blade","Spot Weakness"],"picked":"SKIP","floor":22},{"not_picked":["Pommel Strike","Metallicize","Headbutt"],"picked":"SKIP","floor":24},{"not_picked":["Pummel","Fire Breathing"],"picked":"Impervious","floor":28},{"not_picked":["Carnage","Cleave","Heavy Blade"],"picked":"SKIP","floor":29},{"not_picked":["Impervious","Reaper"],"picked":"Fiend Fire","floor":33},{"not_picked":["Combust","Warcry"],"picked":"Shrug It Off","floor":35},{"not_picked":["Dark Shackles","Swift Strike"],"picked":"Thinking Ahead","floor":36},{"not_picked":["Flash of Steel","Swift Strike"],"picked":"Master of Strategy","floor":36},{"not_picked":["Armaments","Anger+1","Iron Wave"],"picked":"SKIP","floor":39},{"not_picked":["Perfected Strike","Bloodletting"],"picked":"Burning Pact","floor":41},{"not_picked":["Dropkick","Infernal Blade","Wild Strike+1"],"picked":"SKIP","floor":44},{"not_picked":["Perfected Strike+1","Berserk"],"picked":"Feel No Pain","floor":45},{"not_picked":["Shrug It Off","Clothesline"],"picked":"Feel No Pain","floor":46},{"not_picked":["Warcry","Iron Wave","Armaments+1"],"picked":"SKIP","floor":47},{"not_picked":["Shrug It Off","Wild Strike"],"picked":"Dark Embrace","floor":48},{"not_picked":["Fire Breathing","Wild Strike"],"picked":"Second Wind","floor":55}],"player_experience":564402,"relics_obtained":[{"floor":6.0,"key":"Bag of Preparation"},{"floor":9.0,"key":"Eternal Feather"},{"floor":26,"key":"Whetstone"},{"floor":28,"key":"Mango"},{"floor":41,"key":"Kunai"},{"floor":43,"key":"Regal Pillow"},{"floor":44,"key":"Strawberry"},{"floor":55,"key":"Ice Cream"}],"event_choices":[{"cards_removed":["Strike_R"],"damage_healed":0.0,"max_hp_gain":0.0,"max_hp_loss":0.0,"gold_gain":0.0,"event_name":"The Cleric","player_choice":"Card Removal","floor":3.0,"gold_loss":75.0,"damage_taken":0.0},{"damage_healed":0.0,"max_hp_gain":0.0,"max_hp_loss":0.0,"gold_gain":0.0,"event_name":"Accursed Blacksmith","player_choice":"Rummage","floor":10.0,"gold_loss":0.0,"damage_taken":0.0,"relics_obtained":["WarpedTongs"],"cards_obtained":["Pain"]},{"damage_healed":0,"gold_gain":0,"player_choice":"Obtained Relic","damage_taken":0,"relics_obtained":["Mercury Hourglass"],"max_hp_gain":0,"max_hp_loss":0,"event_name":"Addict","floor":20,"gold_loss":85},{"damage_healed":0,"gold_gain":0,"player_choice":"Ignored","damage_taken":0,"max_hp_gain":0,"max_hp_loss":0,"event_name":"Vampires","floor":21,"gold_loss":0},{"damage_healed":0,"gold_gain":0,"player_choice":"Read","damage_taken":0,"max_hp_gain":0,"max_hp_loss":0,"event_name":"The Library","floor":27,"gold_loss":0,"cards_obtained":["Impervious"]},{"damage_healed":0,"gold_gain":0,"player_choice":"Memory 3","damage_taken":10,"max_hp_gain":0,"max_hp_loss":0,"event_name":"SensoryStone","floor":36,"gold_loss":0},{"damage_healed":0,"gold_gain":0,"player_choice":"Max HP","damage_taken":0,"max_hp_gain":0,"max_hp_loss":5,"event_name":"Winding Halls","floor":37,"gold_loss":0}],"is_beta":false,"boss_relics":[{"not_picked":["Fusion Hammer","Mark of Pain"],"picked":"SlaversCollar"},{"not_picked":["Runic Pyramid","Empty Cage"],"picked":"Astrolabe"}],"items_purged_floors":[13,31,38,54],"is_endless":false,"potions_floor_spawned":[1,2,8,12,18,24,28,44,45,47,48,55],"ascension_level":20}}