{"host":"x5w9zppki4gdwvc7","time":1612180543,"event":{"mods":["AchievementEnabler","BaseMod","Colored Powertips","DeckTracker","Minty Spire (QoL Compilation)","Relic Sorter"],"gold_per_floor":[110,385,402,226,77,77,112,112,139,139,164,164,164,183,183,283,283,298,36,36,50,50,50,70,70,147,180,180,199,199,199],"floor_reached":30,"language":"ENG","playtime":1785,"items_purged":["Regret","Defend_R","Regret"],"score":305,"play_id":"061617a9-d5a1-441c-b712-5624a4def5e3","local_time":"20210201125543","is_ascension_mode":true,"campfire_choices":[{"data":"Blind","floor":6,"key":"SMITH"},{"data":"Shrug It Off","floor":10,"key":"SMITH"},{"floor":13,"key":"REST"},{"floor":15,"key":"REST"},{"data":"Burning Pact","floor":23,"key":"SMITH"},{"floor":25,"key":"REST"},{"floor":28,"key":"REST"}],"circlet_count":0,"master_deck":["Strike_R","Strike_R","Strike_R","Strike_R","Strike_R","Defend_R","Defend_R","Defend_R","Bash","Blind+1","Anger","Shrug It Off+1","Thunderclap","Burning Pact+1","Demon Form","Berserk+1","Shame","Heavy Blade+1","Headbutt"],"relics":["Burning Blood","Gambling Chip","Lantern","Blue Candle","Turnip","Velvet Choker","Membership Card","Matryoshka","Mummified Hand","Bottled Lightning","Art of War"],"acts_visited":["Exordium","TheCity"],"potions_floor_usage":[11,11,27],"damage_taken":[{"damage":14,"enemies":"2 Louse","floor":1,"turns":3},{"damage":8,"enemies":"Cultist","floor":3,"turns":3},{"damage":43,"enemies":"3 Sentries","floor":7,"turns":10},{"damage":30,"enemies":"Lagavulin","floor":11,"turns":6},{"damage":0,"enemies":"Jaw Worm","floor":14,"turns":3},{"damage":52,"enemies":"The Guardian","floor":16,"turns":8},{"damage":14,"enemies":"Chosen","floor":18,"turns":4},{"damage":19,"enemies":"Shell Parasite","floor":21,"turns":5},{"damage":37,"enemies":"Cultist and Chosen","floor":24,"turns":7},{"damage":47,"enemies":"Gremlin Leader","floor":27,"turns":6},{"damage":20,"enemies":"Snecko","floor":29,"turns":4},{"damage":29,"enemies":"Chosen and Byrds","floor":30,"turns":5}],"seed_played":"-1673859250300607104","potions_obtained":[{"floor":1,"key":"Weak Potion"},{"floor":16,"key":"DuplicationPotion"},{"floor":18,"key":"SkillPotion"},{"floor":29,"key":"SpeedPotion"}],"is_trial":false,"path_per_floor":["M","?","M","$","$","R","E","$","T","R","E","?","R","M","R","B",null,"M","$","?","M","?","R","M","R","T","E","R","M","M"],"character_chosen":"IRONCLAD","items_purchased":["CultistPotion","Shrug It Off","Membership Card","CultistPotion"],"campfire_rested":4,"item_purchase_floors":[4,5,19,19],"current_hp_per_floor":[72,72,70,70,70,70,33,33,33,33,9,9,33,39,63,17,80,72,72,72,59,59,59,28,52,52,11,35,21,0,0],"gold":199,"neow_bonus":"RANDOM_COLORLESS","is_daily":false,"chose_seed":false,"campfire_upgraded":3,"win_rate":0.0,"timestamp":1612180543,"path_taken":["M","?","?","?","$","R","E","$","T","R","E","?","R","M","R","BOSS","M","$","?","M","?","R","M","R","T","E","R","M","?"],"items_purchased_type":["Potion","Card","Relic","Potion"],"build_version":"2020-12-22","purchased_purges":3,"victory":false,"max_hp_per_floor":[80,80,80,80,80,80,80,80,80,80,80,80,80,80,80,80,80,80,80,80,80,80,80,80,80,80,80,80,80,80,80],"card_choices":[{"not_picked":["Dramatic Entrance","Forethought"],"picked":"Blind","floor":0},{"not_picked":["Bloodletting","Armaments","Heavy Blade"],"picked":"SKIP","floor":1},{"not_picked":["Dropkick","Rampage"],"picked":"Anger","floor":3},{"not_picked":["Reckless Charge","Iron Wave"],"picked":"Thunderclap","floor":7},{"not_picked":["Carnage","Heavy Blade"],"picked":"Burning Pact","floor":11},{"not_picked":["Pommel Strike","Ghostly Armor"],"picked":"Demon Form","floor":14},{"not_picked":["Limit Break","Impervious"],"picked":"Berserk","floor":16},{"not_picked":["Entrench+1","Pommel Strike+1","Perfected Strike+1"],"picked":"SKIP","floor":18},{"not_picked":["Dropkick","Cleave"],"picked":"Heavy Blade+1","floor":21},{"not_picked":["Dark Embrace","Searing Blow+1","Havoc"],"picked":"SKIP","floor":24},{"not_picked":["Dark Embrace","Searing Blow+1","Havoc"],"picked":"SKIP","floor":24},{"not_picked":["Flame Barrier","Ghostly Armor"],"picked":"Headbutt","floor":27},{"not_picked":["Perfected Strike+1","Clash","Iron Wave"],"picked":"SKIP","floor":29}],"player_experience":370035,"relics_obtained":[{"floor":7,"key":"Gambling Chip"},{"floor":9,"key":"Lantern"},{"floor":11,"key":"Blue Candle"},{"floor":26,"key":"Mummified Hand"},{"floor":26,"key":"Bottled Lightning"},{"floor":27,"key":"Art of War"}],"event_choices":[{"damage_healed":0,"gold_gain":275,"player_choice":"Desecrate","damage_taken":0,"max_hp_gain":0,"max_hp_loss":0,"event_name":"Golden Shrine","floor":2,"gold_loss":0,"cards_obtained":["Regret"]},{"damage_healed":0,"gold_gain":0,"player_choice":"Box","damage_taken":0,"relics_obtained":["Turnip"],"max_hp_gain":0,"max_hp_loss":0,"event_name":"Big Fish","floor":12,"gold_loss":0,"cards_obtained":["Regret"]},{"damage_healed":0,"gold_gain":0,"player_choice":"Stole Relic","damage_taken":0,"relics_obtained":["Matryoshka"],"max_hp_gain":0,"max_hp_loss":0,"event_name":"Addict","floor":20,"gold_loss":0,"cards_obtained":["Shame"]},{"damage_healed":0,"gold_gain":0,"player_choice":"Forge","damage_taken":0,"max_hp_gain":0,"max_hp_loss":0,"event_name":"Accursed Blacksmith","floor":22,"gold_loss":0,"cards_upgraded":["Berserk"]}],"is_beta":false,"boss_relics":[{"not_picked":["Philosopher\u0027s Stone","SacredBark"],"picked":"Velvet Choker"}],"items_purged_floors":[4,5,19],"is_endless":false,"potions_floor_spawned":[1,16,18,24,29],"killed_by":"Chosen and Byrds","ascension_level":4}}