{"host":"d5i1qeb9dejicw1z","time":1612152987,"event":{"mods":["AchievementEnabler","BaseMod","Better Note","BetterRewards","Evolution","Gold Saver","Minty Spire (QoL Compilation)","Permanent Neow","Relic Filter Mod","Reliquary","StSLib"],"gold_per_floor":[331,349,329,50,62,90,90,102,172,172,6,6,35,46,46,118,118,137,15,27,27,27,27,27,27,103,103,103],"floor_reached":27,"language":"ENG","playtime":651,"items_purged":["Strike_B"],"score":478,"play_id":"eaf1e951-8f5e-4fee-a146-efdd6ec020c1","local_time":"20210131201627","is_ascension_mode":true,"campfire_choices":[{"floor":15,"key":"REST"},{"data":"Scrape","floor":23,"key":"SMITH"},{"floor":25,"key":"REST"}],"circlet_count":0,"master_deck":["AscendersBane","Rebound","Strike_B","Strike_B","Defend_B","Defend_B","Defend_B","Defend_B","Zap","Dualcast","Glacier","Gash","Ball Lightning","Beam Cell","Defragment","Gash","Scrape+1"],"relics":["Cracked Core","EVO:Axolotl","NeowsBlessing","Matryoshka","Du-Vu Doll","Nunchaku","Akabeko","Singing Bowl","Membership Card","Potion Belt","SlaversCollar","Anchor","Happy Flower","reliquary:BoilingFlask"],"acts_visited":["Exordium","TheCity"],"potions_floor_usage":[6,6,13,18,24],"damage_taken":[{"damage":0,"enemies":"Jaw Worm","floor":1,"turns":1},{"damage":0,"enemies":"Cultist","floor":2,"turns":1},{"damage":0,"enemies":"2 Louse","floor":5,"turns":1},{"damage":32,"enemies":"Lagavulin","floor":6,"turns":6},{"damage":0,"enemies":"2 Fungi Beasts","floor":8,"turns":3},{"damage":5,"enemies":"3 Sentries","floor":13,"turns":6},{"damage":7,"enemies":"Large Slime","floor":14,"turns":5},{"damage":29,"enemies":"The Guardian","floor":16,"turns":12},{"damage":12,"enemies":"Spheric Guardian","floor":18,"turns":4},{"damage":20,"enemies":"Shell Parasite","floor":20,"turns":6},{"damage":0,"enemies":"Gremlin Leader","floor":24,"turns":2},{"damage":58,"enemies":"Slavers","floor":27,"turns":4}],"seed_played":"4705810670345444207","potions_obtained":[{"floor":2,"key":"SkillPotion"},{"floor":3,"key":"SmokeBomb"},{"floor":5,"key":"Ancient Potion"},{"floor":6,"key":"LiquidBronze"},{"floor":14,"key":"SmokeBomb"},{"floor":16,"key":"PowerPotion"}],"is_trial":false,"path_per_floor":["M","M","?","$","M","E","?","M","T","?","$","?","E","M","R","B",null,"M","$","M","?","?","R","E","R","T","E"],"character_chosen":"DEFECT","items_purchased":["Matryoshka","Membership Card","Anchor"],"campfire_rested":2,"item_purchase_floors":[4,11,19],"current_hp_per_floor":[64,64,64,64,64,32,21,21,21,44,44,44,41,34,55,28,63,51,51,31,31,31,31,31,53,53,0,0],"gold":103,"neow_bonus":"THREE_ENEMY_KILL","is_daily":false,"chose_seed":false,"campfire_upgraded":1,"win_rate":0.0,"timestamp":1612152987,"path_taken":["M","M","?","?","?","E","?","M","T","?","$","?","E","M","R","BOSS","M","$","M","?","?","R","E","R","T","E"],"items_purchased_type":["Relic","Relic","Relic"],"build_version":"2020-12-22","purchased_purges":1,"victory":false,"max_hp_per_floor":[71,71,71,71,71,71,71,71,71,71,71,71,73,73,73,75,75,75,75,75,75,75,75,75,75,75,75,75],"card_choices":[{"not_picked":["Streamline","Beam Cell"],"picked":"Glacier","floor":1},{"not_picked":["Stack","Redo"],"picked":"Gash","floor":2},{"not_picked":["Coolheaded","Redo"],"picked":"Ball Lightning","floor":5},{"not_picked":["Ball Lightning","Hologram"],"picked":"Beam Cell","floor":6},{"not_picked":["Beam Cell","Reinforced Body","Sweeping Beam"],"picked":"SKIP","floor":8},{"not_picked":["Turbo","BootSequence","Redo"],"picked":"Singing Bowl","floor":13},{"not_picked":["Rebound","Coolheaded"],"picked":"Defragment","floor":14},{"not_picked":["All For One","Fission","Reboot"],"picked":"Singing Bowl","floor":16},{"not_picked":["Cold Snap","Rip and Tear"],"picked":"Gash","floor":18},{"not_picked":["Sweeping Beam","Compile Driver"],"picked":"Scrape","floor":20}],"player_experience":1217262,"relics_obtained":[{"floor":6,"key":"Du-Vu Doll"},{"floor":9,"key":"Akabeko"},{"floor":9,"key":"Singing Bowl"},{"floor":13,"key":"Potion Belt"},{"floor":26,"key":"Happy Flower"},{"floor":26,"key":"reliquary:BoilingFlask"}],"event_choices":[{"damage_healed":0,"gold_gain":0,"player_choice":"Bought 1 Potion","damage_taken":0,"max_hp_gain":0,"max_hp_loss":0,"event_name":"The Woman in Blue","floor":3,"gold_loss":0},{"damage_healed":0,"gold_gain":0,"player_choice":"Success","damage_taken":11,"relics_obtained":["Nunchaku"],"max_hp_gain":0,"max_hp_loss":0,"event_name":"Scrap Ooze","floor":7,"gold_loss":0},{"damage_healed":23,"gold_gain":0,"player_choice":"Banana","damage_taken":0,"max_hp_gain":0,"max_hp_loss":0,"event_name":"Big Fish","floor":10,"gold_loss":0},{"damage_healed":0,"gold_gain":0,"player_choice":"Ignored","damage_taken":0,"max_hp_gain":0,"max_hp_loss":0,"event_name":"Golden Idol","floor":12,"gold_loss":0},{"cards_removed":["Defragment"],"damage_healed":0,"gold_gain":0,"player_choice":"Give","damage_taken":0,"max_hp_gain":0,"max_hp_loss":0,"event_name":"betterNote:BetterNote","floor":21,"gold_loss":0,"cards_obtained":["None"]},{"damage_healed":0,"gold_gain":0,"player_choice":"Ignored","damage_taken":0,"max_hp_gain":0,"max_hp_loss":0,"event_name":"The Mausoleum","floor":22,"gold_loss":0}],"is_beta":false,"boss_relics":[{"not_picked":["reliquary:RedPaperclip","FrozenCore"],"picked":"SlaversCollar"}],"items_purged_floors":[19],"is_endless":false,"potions_floor_spawned":[2,5,6,14,16],"killed_by":"Slavers","ascension_level":20}}