{"host":"bxdue9bkfm2khp2x","time":1612169344,"event":{"mods":["ATMod(阿瑾Mod)","Arknights","Aspiration","BaseMod","Better Vampires","Challenge The Spire","Colored Map","Colored Powertips","Conspire","Decade(王小明)","Dota2Spire","Highlight Path","Minty Spire (QoL Compilation)","MostiFishMod","Reliquary","Remilia（蕾米莉亚）","Replay The Spire","RumiaBox-露米娅的神秘盒子","Ryuuou龙王","Spicy Shops","StSLib","Td1madao Mod","The Alterego","The Bug Knight","The Cursed","The Servant 0.9.4","WarShipGirlsR/战舰少女R mod","Wide Potions","noobMod","【功能Mod】混沌之环修复补丁","【遗物卡牌】REMEMod","残留之物","篝火指南"],"gold_per_floor":[115,125,139,139,149,149,180,180,227,238,238,255,7,22,22,126,126,146,160,170,45,45,76,76,76,76,92,92,106,106,206,56,161,161,181,194,294,309,1,1,1,1,28,28,70,70,101,120,120,120],"floor_reached":51,"language":"ZHS","playtime":4825,"items_purged":["Eruption","Strike_P","Defend_P","Envy_TH","Alpha+1"],"score":1119,"play_id":"a03c0dbe-deba-4259-8dd6-64c2a40db5af","local_time":"20210201164904","is_ascension_mode":true,"campfire_choices":[{"data":"Replay:Vibes","floor":6,"key":"SMITH"},{"data":"FlawlessForm","floor":8,"key":"SMITH"},{"data":"Prostrate","floor":11,"key":"SMITH"},{"data":"MostiFishMod:DustFall","floor":15,"key":"SMITH"},{"data":"Alpha","floor":25,"key":"SMITH"},{"data":"Study","floor":28,"key":"SMITH"},{"data":"Vault","floor":40,"key":"SMITH"},{"data":"Evaluate","floor":42,"key":"SMITH"},{"data":"Defend_P","floor":44,"key":"SMITH"},{"data":"Defend_P","floor":49,"key":"SMITH"}],"circlet_count":0,"master_deck":["Strike_P","Strike_P","Defend_P+1","Defend_P+1","FlawlessForm+1","Replay:Vibes+1","Prostrate+1","MostiFishMod:DustFall+1","Study+1","Evaluate+1","Replay:Vibes+1","Prostrate+1","Vault+1"],"relics":["HolyWater","DaveBox","REME_ComplimentaryCards","ice","AT_ATBox","xbg","SynthV:TestCard","Vajra","Replay:Wax Seal","Pantograph","Eternal Feather","Du-Vu Doll","AT_BellowingDragoncrestRing","aspiration:KaomsHeart"],"acts_visited":["Exordium","TheCity","TheBeyond"],"potions_floor_usage":[7,16,31,47],"damage_taken":[{"damage":0,"enemies":"Jaw Worm","floor":1,"turns":4},{"damage":0,"enemies":"Cultist","floor":2,"turns":3},{"damage":0,"enemies":"Small Slimes","floor":3,"turns":2},{"damage":7,"enemies":"Blue Slaver","floor":5,"turns":5},{"damage":50,"enemies":"3 Sentries","floor":7,"turns":16},{"damage":8,"enemies":"Exordium Wildlife","floor":10,"turns":5},{"damage":4,"enemies":"Red Slaver","floor":12,"turns":4},{"damage":0,"enemies":"Large Slime","floor":14,"turns":3},{"damage":0,"enemies":"The Guardian","floor":16,"turns":5},{"damage":0,"enemies":"3 Byrds","floor":18,"turns":3},{"damage":4,"enemies":"Spheric Guardian","floor":19,"turns":4},{"damage":0,"enemies":"Snecko","floor":20,"turns":4},{"damage":10,"enemies":"Slavers","floor":23,"turns":4},{"damage":0,"enemies":"Cultist and Chosen","floor":27,"turns":4},{"damage":10,"enemies":"Snake Plant","floor":29,"turns":5},{"damage":20,"enemies":"Colosseum Slavers","floor":31,"turns":3},{"damage":22,"enemies":"Colosseum Nobs","floor":31,"turns":3},{"damage":8,"enemies":"Pondfish","floor":33,"turns":4},{"damage":25,"enemies":"3 Darklings","floor":35,"turns":4},{"damage":0,"enemies":"Orb Walker","floor":36,"turns":4},{"damage":14,"enemies":"Jaw Worm Horde","floor":38,"turns":3},{"damage":0,"enemies":"conspire:MimicChest","floor":45,"turns":5},{"damage":0,"enemies":"Reptomancer","floor":47,"turns":5},{"damage":0,"enemies":"3 Darklings","floor":48,"turns":4},{"damage":0,"enemies":"Time Eater","floor":50,"turns":4}],"seed_played":"-6331292084852309437","potions_obtained":[{"floor":0,"key":"Milkshake"},{"floor":0,"key":"Ancient Potion"},{"floor":0,"key":"Languid Potion"},{"floor":1,"key":"BottledMiracle"},{"floor":5,"key":"Block Potion"},{"floor":10,"key":"Elixir"},{"floor":18,"key":"PowerPotion"},{"floor":20,"key":"SpeedPotion"},{"floor":27,"key":"Fire Potion"},{"floor":33,"key":"DistilledChaos"}],"is_trial":false,"path_per_floor":["M","M","M","?","M","R","E","R","T","M","R","M","$","M","R","B",null,"M","M","M","$","?","E","?","R","T","M","R","M","$","?","R","B",null,"M","M","?","M","$","R","$","R","T","R","?","?","E","M","R","B",null],"character_chosen":"WATCHER","items_purchased":["Study","aspiration:KaomsHeart"],"campfire_rested":0,"item_purchase_floors":[13,39],"current_hp_per_floor":[72,72,72,72,65,65,15,15,15,7,7,72,72,72,72,72,81,81,77,77,77,77,67,67,67,67,67,73,63,63,21,30,47,139,114,114,114,100,200,206,206,212,212,218,218,218,218,218,224,249],"gold":120,"neow_bonus":"THREE_SMALL_POTIONS","is_daily":false,"chose_seed":false,"campfire_upgraded":10,"win_rate":0.0,"timestamp":1612169344,"path_taken":["M","M","M","?","M","R","E","R","T","M","R","?","$","M","R","BOSS","M","M","M","$","?","E","?","R","T","M","R","M","$","?","R","BOSS","M","M","?","?","?","R","$","R","T","R","?","?","E","M","R","BOSS"],"items_purchased_type":["Card","Relic"],"build_version":"2020-12-22","purchased_purges":5,"victory":true,"max_hp_per_floor":[72,72,72,72,72,72,72,72,72,72,72,73,73,73,73,81,81,105,108,110,110,110,117,117,117,117,120,120,126,126,132,132,139,139,144,146,146,150,250,250,250,250,250,250,251,251,254,256,256,262],"card_choices":[{"not_picked":["WheelKick","JustLucky"],"picked":"Replay:Vibes","floor":1},{"not_picked":["Consecrate","REME_Repentance","Crescendo","BowlingBash","JustLucky"],"picked":"SKIP","floor":2},{"not_picked":["Ragnarok","SignatureMove","Crescendo","BowlingBash","EmptyFist"],"picked":"SKIP","floor":3},{"not_picked":["CarveReality","FlyingSleeves","FearNoEvil","CutThroughFate","Replay:ManipulateFuture"],"picked":"SKIP","floor":5},{"not_picked":["CutThroughFate","FlyingSleeves","BowlingBash","Replay:Vibes"],"picked":"Prostrate","floor":7},{"not_picked":["WaveOfTheHand","Replay:Anticipation","MostiFishMod:FlowState","PathToVictory","EmptyBody"],"picked":"SKIP","floor":10},{"not_picked":["AT_RealFormLess","CutThroughFate","Weave","InnerPeace"],"picked":"MostiFishMod:DustFall","floor":12},{"not_picked":["SashWhip","EmptyBody","EmptyFist","CrushJoints","Protect"],"picked":"SKIP","floor":14},{"not_picked":["AT_IrregularMenstruation","MostiFishMod:Dust","MostiFishMod:KamiSmash","Brilliance"],"picked":"Alpha","floor":16},{"not_picked":["TalkToTheHand","BowlingBash","ThirdEye","Perseverance+1"],"picked":"Evaluate","floor":18},{"not_picked":["EmptyFist","SandsOfTime+1","FlurryOfBlows+1","Blasphemy","PathToVictory"],"picked":"SKIP","floor":19},{"not_picked":["AT_ChampionStep","SashWhip","MentalFortress","AT_DivineConfetti+1","Replay:Battleflow"],"picked":"SKIP","floor":20},{"not_picked":["Judgement","Prostrate","EmptyFist+1","DeceiveReality+1"],"picked":"Replay:Vibes+1","floor":23},{"not_picked":["InnerPeace","ThirdEye","SashWhip","CrushJoints"],"picked":"Prostrate+1","floor":27},{"not_picked":["MostiFishMod:PathToVictory","EmptyBody","BowlingBash","FlyingSleeves","PathToVictory"],"picked":"SKIP","floor":29},{"not_picked":["Halt+1","BowlingBash+1","JustLucky","MostiFishMod:Nomercy"],"picked":"Vault","floor":31},{"not_picked":["Replay:AtTheReady","Evaluate+1","EmptyBody","AT_RealFormLess","ClearTheMind+1"],"picked":"SKIP","floor":35},{"not_picked":["PathToVictory","Protect","JustLucky+1","Conclude","EmptyFist"],"picked":"SKIP","floor":36},{"not_picked":["Halt","Worship+1","ThirdEye+1","REME_MusicOfDeath","SashWhip+1"],"picked":"SKIP","floor":38},{"not_picked":["MostiFishMod:KamiSmash","JustLucky+1","SashWhip","FlurryOfBlows+1","AT_RealFormLess+1"],"picked":"SKIP","floor":47},{"not_picked":["Perseverance","Prostrate","CutThroughFate","SashWhip+1","FollowUp+1"],"picked":"SKIP","floor":48}],"player_experience":1396860,"relics_obtained":[{"floor":1,"key":"SynthV:TestCard"},{"floor":7,"key":"Vajra"},{"floor":9,"key":"Replay:Wax Seal"},{"floor":23,"key":"Pantograph"},{"floor":26,"key":"Eternal Feather"},{"floor":31,"key":"Du-Vu Doll"},{"floor":31,"key":"AT_BellowingDragoncrestRing"},{"floor":45,"key":"aspiration:KMNothing"},{"floor":47,"key":"aspiration:KMNothing"}],"event_choices":[{"cards_removed":["Vigilance"],"damage_healed":0,"gold_gain":0,"player_choice":"Offered Basic","damage_taken":0,"max_hp_gain":0,"max_hp_loss":0,"event_name":"Bonfire Elementals","floor":4,"gold_loss":0},{"damage_healed":0,"gold_gain":0,"player_choice":"Fight","damage_taken":0,"max_hp_gain":0,"max_hp_loss":0,"event_name":"Colosseum","floor":31,"gold_loss":0},{"damage_healed":0,"gold_gain":0,"player_choice":"Fought Nobs","damage_taken":0,"max_hp_gain":0,"max_hp_loss":0,"event_name":"Colosseum","floor":31,"gold_loss":0},{"damage_healed":0,"gold_gain":100,"player_choice":"Pray","damage_taken":0,"max_hp_gain":0,"max_hp_loss":0,"event_name":"Golden Shrine","floor":37,"gold_loss":0}],"is_beta":false,"boss_relics":[{"not_picked":["Calling Bell","EasyGame_NEW"],"picked":"HolyWater"},{"not_picked":["Replay:Ancient Bell","ReplayTheSpireMod:DimensionalGlitch","NightmareShop"]}],"items_purged_floors":[13,13,21,32,39],"is_endless":false,"potions_floor_spawned":[1,2,3,5,10,18,20,27,29,31,33,35,38],"ascension_level":2}}