{"host":"xsuxkwaivmtd234a","time":1612207018,"event":{"mods":["BaseMod","Colored Map","Filter the Spire","Minty Spire (QoL Compilation)","Relic Stats","StSLib"],"gold_per_floor":[11,11,35,0,13,13,56,56,56,56,77,110,134,37,37,165,165,183,183,27,27,47,47,80,80,80,80,120,21,21,21,21,147,147,160,160,174,194,212,212,212],"floor_reached":40,"language":"ENG","playtime":1954,"items_purged":[],"score":571,"play_id":"3b55c2ee-9952-4cae-b843-de2ceb68c4e4","local_time":"20210201141658","is_ascension_mode":true,"campfire_choices":[{"data":"Blade Dance","floor":6,"key":"SMITH"},{"data":"Deadly Poison","floor":15,"key":"SMITH"},{"data":"Blade Dance","floor":23,"key":"SMITH"},{"floor":25,"key":"REST"},{"data":"Wraith Form v2","floor":30,"key":"SMITH"},{"data":"Well Laid Plans","floor":32,"key":"SMITH"}],"circlet_count":0,"master_deck":["Survivor","Neutralize","Flying Knee+1","Blade Dance+1","Blur","Caltrops","Deadly Poison+1","Predator","Slice","Corpse Explosion","Calculated Gamble","Heel Hook","Unload+1","Burst","Doppelganger","Noxious Fumes","Accuracy","Blade Dance+1","Leg Sweep","Prepared+1","Well Laid Plans+1","Wraith Form v2+1","Quick Slash","Malaise","Terror+1","Outmaneuver","Sucker Punch+1","Crippling Poison","Deflect"],"relics":["Ring of the Snake","Golden Idol","CaptainsWheel","Bottled Lightning","Ninja Scroll","Pandora\u0027s Box","Whetstone","Torii","Gambling Chip","Shuriken","The Specimen","Snecko Eye"],"acts_visited":["Exordium","TheCity","TheBeyond"],"potions_floor_usage":[24,24,24,33,37],"damage_taken":[{"damage":0,"enemies":"2 Louse","floor":1,"turns":4},{"damage":0,"enemies":"Small Slimes","floor":3,"turns":5},{"damage":0,"enemies":"Jaw Worm","floor":5,"turns":4},{"damage":31,"enemies":"Gremlin Nob","floor":7,"turns":4},{"damage":3,"enemies":"Looter","floor":11,"turns":2},{"damage":44,"enemies":"Lagavulin","floor":12,"turns":7},{"damage":0,"enemies":"Gremlin Gang","floor":13,"turns":3},{"damage":9,"enemies":"Hexaghost","floor":16,"turns":9},{"damage":0,"enemies":"Chosen","floor":18,"turns":3},{"damage":9,"enemies":"Shell Parasite","floor":22,"turns":5},{"damage":24,"enemies":"Book of Stabbing","floor":24,"turns":3},{"damage":0,"enemies":"Gremlin Leader","floor":28,"turns":5},{"damage":14,"enemies":"Collector","floor":33,"turns":6},{"damage":0,"enemies":"3 Shapes","floor":35,"turns":3},{"damage":28,"enemies":"3 Darklings","floor":37,"turns":4},{"damage":29,"enemies":"Writhing Mass","floor":38,"turns":6},{"damage":1,"enemies":"4 Shapes","floor":39,"turns":4},{"damage":14,"enemies":"Giant Head","floor":40,"turns":5}],"seed_played":"4560540271468447776","potions_obtained":[{"floor":3,"key":"Swift Potion"},{"floor":13,"key":"CunningPotion"},{"floor":16,"key":"CultistPotion"},{"floor":24,"key":"Ancient Potion"},{"floor":37,"key":"Explosive Potion"}],"is_trial":false,"path_per_floor":["M","?","M","?","M","R","E","$","T","?","M","E","M","$","R","B",null,"M","?","$","?","M","R","E","R","T","T","E","$","R","?","R","B",null,"M","?","M","M","M","E"],"character_chosen":"THE_SILENT","items_purchased":["Predator","Slice","Whetstone","Explosive Potion","BlessingOfTheForge"],"campfire_rested":1,"item_purchase_floors":[14,14,20,29,29],"current_hp_per_floor":[70,53,53,53,53,53,22,22,22,80,77,33,33,33,33,24,66,66,66,66,66,57,57,33,57,57,57,57,57,57,57,57,43,71,71,71,43,14,13,0,0],"gold":212,"neow_bonus":"THREE_RARE_CARDS","is_daily":false,"chose_seed":false,"campfire_upgraded":5,"win_rate":0.0,"timestamp":1612207018,"path_taken":["M","?","M","?","M","R","E","?","T","?","M","E","?","$","R","BOSS","M","?","?","?","?","R","E","R","T","?","E","$","R","?","R","BOSS","M","?","M","?","M","E"],"items_purchased_type":["Card","Card","Relic","Potion","Potion"],"build_version":"2020-12-22","purchased_purges":0,"victory":false,"max_hp_per_floor":[70,70,70,70,70,70,70,70,70,80,80,80,80,80,80,80,80,80,80,80,80,80,80,80,80,80,80,80,80,80,80,80,80,80,80,80,80,80,80,80,80],"relic_stats":{"Torii":0,"counters":[18,82],"Golden Idol":121,"Shuriken":[25],"Gambling Chip":[30],"Snecko Eye":[48,39,42,52],"Pandora\u0027s Box":["Calculated Gamble","Heel Hook","Unload","Burst","Flying Knee","Flying Knee","Doppelganger","Noxious Fumes","Accuracy","Blade Dance"],"Whetstone":["Unload","Flying Knee"],"obtain_stats":[{"CaptainsWheel":7,"Torii":24,"The Specimen":28,"Golden Idol":2,"Ninja Scroll":12,"Shuriken":27,"Gambling Chip":26,"Snecko Eye":34,"Pandora\u0027s Box":17,"Bottled Lightning":9,"Whetstone":20,"Ring of the Snake":0},{"CaptainsWheel":4,"Torii":11,"The Specimen":12,"Golden Idol":1,"Ninja Scroll":6,"Shuriken":11,"Gambling Chip":11,"Snecko Eye":13,"Pandora\u0027s Box":8,"Bottled Lightning":4,"Whetstone":9,"Ring of the Snake":0},{"CaptainsWheel":17,"Torii":49,"The Specimen":54,"Golden Idol":4,"Ninja Scroll":26,"Shuriken":49,"Gambling Chip":49,"Snecko Eye":60,"Pandora\u0027s Box":38,"Bottled Lightning":17,"Whetstone":41,"Ring of the Snake":0}],"Ring of the Snake":[26]},"card_choices":[{"not_picked":["After Image","Tools of the Trade"],"picked":"Envenom","floor":0},{"not_picked":["PiercingWail","Cloak And Dagger"],"picked":"Flying Knee","floor":1},{"not_picked":["Poisoned Stab","Dodge and Roll"],"picked":"Blade Dance","floor":3},{"not_picked":["Acrobatics","Sucker Punch"],"picked":"Bane","floor":5},{"not_picked":["Calculated Gamble","Dagger Throw","Prepared"],"picked":"SKIP","floor":7},{"not_picked":["Acrobatics","Sucker Punch"],"picked":"Blur","floor":11},{"not_picked":["Storm of Steel","Sucker Punch"],"picked":"Caltrops","floor":12},{"not_picked":["Flying Knee","Poisoned Stab"],"picked":"Deadly Poison","floor":13},{"not_picked":["Wraith Form v2","A Thousand Cuts"],"picked":"Corpse Explosion","floor":16},{"not_picked":["Well Laid Plans","Flying Knee"],"picked":"Leg Sweep","floor":18},{"not_picked":["Sucker Punch","Caltrops"],"picked":"Prepared+1","floor":22},{"not_picked":["Poisoned Stab","Dagger Spray"],"picked":"Well Laid Plans","floor":24},{"not_picked":["Terror+1","Blade Dance"],"picked":"Wraith Form v2","floor":28},{"not_picked":["After Image","Doppelganger"],"picked":"Malaise","floor":33},{"not_picked":["Setup","Flying Knee"],"picked":"Terror+1","floor":35},{"not_picked":["Concentrate","Outmaneuver"],"picked":"Sucker Punch+1","floor":37},{"not_picked":["Acrobatics","Cloak And Dagger"],"picked":"Crippling Poison","floor":38},{"not_picked":["Riddle With Holes+1","Dagger Throw"],"picked":"Deflect","floor":39}],"player_experience":1195780,"relics_obtained":[{"floor":7,"key":"CaptainsWheel"},{"floor":9,"key":"Bottled Lightning"},{"floor":12,"key":"Ninja Scroll"},{"floor":24,"key":"Torii"},{"floor":26,"key":"Gambling Chip"},{"floor":27,"key":"Shuriken"},{"floor":28,"key":"The Specimen"}],"event_choices":[{"damage_healed":0,"gold_gain":0,"player_choice":"Take Damage","damage_taken":17,"relics_obtained":["Golden Idol"],"max_hp_gain":0,"max_hp_loss":0,"event_name":"Golden Idol","floor":2,"gold_loss":0},{"damage_healed":0,"gold_gain":0,"player_choice":"Left Gold","damage_taken":0,"max_hp_gain":0,"max_hp_loss":0,"event_name":"World of Goop","floor":4,"gold_loss":35},{"cards_removed":["Envenom"],"damage_healed":48,"gold_gain":0,"player_choice":"Offered Rare","damage_taken":0,"max_hp_gain":10,"max_hp_loss":0,"event_name":"Bonfire Elementals","floor":10,"gold_loss":0},{"damage_healed":0,"gold_gain":0,"player_choice":"Bought 0 Potions","damage_taken":0,"max_hp_gain":0,"max_hp_loss":0,"event_name":"The Woman in Blue","floor":19,"gold_loss":0},{"cards_removed":["Flying Knee"],"damage_healed":0,"gold_gain":0,"player_choice":"Purged","damage_taken":0,"max_hp_gain":0,"max_hp_loss":0,"event_name":"Purifier","floor":21,"gold_loss":0},{"damage_healed":0,"gold_gain":0,"cards_transformed":["Flying Knee","Bane"],"player_choice":"Became Test Subject","damage_taken":0,"max_hp_gain":0,"max_hp_loss":0,"event_name":"Drug Dealer","floor":31,"gold_loss":0,"cards_obtained":["Doppelganger","Quick Slash"]},{"damage_healed":0,"gold_gain":0,"cards_transformed":["Doppelganger"],"player_choice":"Transformed","damage_taken":0,"max_hp_gain":0,"max_hp_loss":0,"event_name":"Transmorgrifier","floor":36,"gold_loss":0,"cards_obtained":["Outmaneuver"]}],"is_beta":false,"boss_relics":[{"not_picked":["Ectoplasm","Tiny House"],"picked":"Pandora\u0027s Box"},{"not_picked":["Empty Cage","Runic Dome"],"picked":"Snecko Eye"}],"items_purged_floors":[],"is_endless":false,"potions_floor_spawned":[3,13,16,22,24,37],"killed_by":"Giant Head","ascension_level":5}}