{"host":"3498uni0c31c9bdm","time":1612206654,"event":{"mods":["BaseMod","Better Third Choice","Minty Spire (QoL Compilation)","Replay The Spire","StSLib"],"gold_per_floor":[114,129,129,145,158,189,189,215,215,228,248,20,49,59,59,59,59],"floor_reached":16,"language":"ENG","playtime":694,"items_purged":[],"score":186,"play_id":"8d9756ed-4d26-4bd7-abc5-a8202cb140f9","local_time":"20210202061054","is_ascension_mode":true,"campfire_choices":[{"floor":15,"key":"REST"}],"circlet_count":0,"master_deck":["AscendersBane","Strike_B","Strike_B","Strike_B","Strike_B","Defend_B","Defend_B","Defend_B","Defend_B","Zap","Dualcast","White Noise","Ball Lightning","ReplayTheSpireMod:Uncanny Aura","Coolheaded","Leap","BasicCrystalCard","Go for the Eyes","Aggregate","Ball Lightning","Storm","Ball Lightning+1","Darkness"],"relics":["Cracked Core","Omamori","Toy Ornithopter","Raider\u0027s Mask","Molten Egg 2"],"acts_visited":["Exordium"],"potions_floor_usage":[6,6,13,16],"damage_taken":[{"damage":8,"enemies":"Jaw Worm","floor":1,"turns":4},{"damage":0,"enemies":"Cultist","floor":2,"turns":3},{"damage":0,"enemies":"2 Louse","floor":4,"turns":2},{"damage":25,"enemies":"Lots of Slimes","floor":5,"turns":7},{"damage":9,"enemies":"Gremlin Nob","floor":6,"turns":3},{"damage":31,"enemies":"Lagavulin","floor":8,"turns":7},{"damage":4,"enemies":"2 Fungi Beasts","floor":10,"turns":3},{"damage":12,"enemies":"Looter","floor":11,"turns":4},{"damage":18,"enemies":"Gremlin Nob","floor":13,"turns":3},{"damage":9,"enemies":"Exordium Thugs","floor":14,"turns":3},{"damage":55,"enemies":"Fading Forest","floor":16,"turns":9}],"seed_played":"-1762455382206447158","potions_obtained":[{"floor":2,"key":"FearPotion"},{"floor":5,"key":"SkillPotion"},{"floor":14,"key":"SpeedPotion"}],"is_trial":false,"path_per_floor":["M","M","?","M","M","E","?","E","T","M","M","$","E","M","R","B"],"character_chosen":"DEFECT","items_purchased":["Raider\u0027s Mask","DistilledChaos"],"campfire_rested":1,"item_purchase_floors":[12,12],"current_hp_per_floor":[60,60,60,60,35,26,85,54,54,50,38,38,25,16,41,0,0],"gold":59,"neow_bonus":"ONE_RANDOM_RARE_CARD","is_daily":false,"chose_seed":false,"campfire_upgraded":0,"win_rate":0.0,"timestamp":1612206654,"path_taken":["M","M","?","M","?","E","?","E","T","?","M","$","E","M","R","BOSS"],"items_purchased_type":["Relic","Potion"],"build_version":"2020-12-22","purchased_purges":0,"victory":false,"max_hp_per_floor":[75,75,75,75,75,75,85,85,85,85,85,85,85,85,85,85,85],"card_choices":[{"not_picked":["Beam Cell","Compile Driver"],"picked":"White Noise","floor":1},{"not_picked":["ReplayTheSpireMod:Repulse","Beam Cell"],"picked":"Ball Lightning","floor":2},{"not_picked":["Cold Snap","ReplayTheSpireMod:Reroute Power"],"picked":"Leap","floor":4},{"not_picked":["Panic Button","Skim"],"picked":"BasicCrystalCard","floor":5},{"not_picked":["Conserve Battery","BasicCrystalCard"],"picked":"Go for the Eyes","floor":6},{"not_picked":["Static Discharge","Scrape"],"picked":"Aggregate","floor":8},{"not_picked":["Gash","Steam"],"picked":"Ball Lightning","floor":10},{"not_picked":["BasicCrystalCard","Sweeping Beam"],"picked":"Storm","floor":11},{"not_picked":["Recycle","Stack"],"picked":"Ball Lightning+1","floor":13},{"not_picked":["ReplaySolidLightProjector","Fusion"],"picked":"Darkness","floor":14}],"player_experience":804358,"relics_obtained":[{"floor":6,"key":"Omamori"},{"floor":8,"key":"Toy Ornithopter"},{"floor":13,"key":"Molten Egg 2"}],"event_choices":[{"damage_healed":0,"gold_gain":0,"player_choice":"2 cards matched","damage_taken":0,"max_hp_gain":0,"max_hp_loss":0,"event_name":"Match and Keep!","floor":3,"gold_loss":0,"cards_obtained":["ReplayTheSpireMod:Uncanny Aura","Coolheaded"]},{"cards_removed":["ReplayRNGCard"],"damage_healed":49,"gold_gain":0,"player_choice":"Offered Rare","damage_taken":0,"max_hp_gain":10,"max_hp_loss":0,"event_name":"Bonfire Elementals","floor":7,"gold_loss":0}],"is_beta":false,"boss_relics":[],"items_purged_floors":[],"is_endless":false,"potions_floor_spawned":[2,5,14],"killed_by":"Fading Forest","ascension_level":10}}