{"host":"f14d6hm2349s9jse","time":1612144061,"event":{"mods":["2.2 Compatiblity","BaseMod","Minty Spire (QoL Compilation)","Shade Mod","StSLib"],"gold_per_floor":[112,112,37,37,2,42,42,56,56,72,72,103,121,154,154,277,277,290,290,35,35,35,74,95,134,134,134,178,178,207,255,255,392,392,410,341,341,362,384,384,384],"floor_reached":40,"language":"ENG","playtime":2374,"items_purged":["Shade:Defend_Shade"],"score":581,"play_id":"f3b3ee52-1c35-46e0-bcbb-d282c1a9e362","local_time":"20210131204741","is_ascension_mode":true,"campfire_choices":[{"floor":7.0,"key":"REST"},{"floor":15.0,"key":"REST"},{"floor":27.0,"key":"REST"},{"floor":29,"key":"REST"},{"floor":32,"key":"REST"}],"circlet_count":0,"master_deck":["Shade:Strike_Shade","Shade:Strike_Shade","Shade:Strike_Shade","Shade:Strike_Shade","Shade:Defend_Shade","Shade:Defend_Shade","Shade:Defend_Shade","Shade:AnimateDead+1","Shade:CarefulCut","Shade:WallOfFlesh+1","Shade:OpenGraves","Shade:FleshLikeOak","Shade:Coordination","Shade:UnbarTheGrave","Shade:LyeBath","Shade:AblativeArmor","Shade:CommandSoldier+1","Shade:StitchTogether+1","Shade:TouchOfTheGrave+1","Shade:FleshLikeOak+1","Shade:LichForm","Shade:CallOfTheGrave","Shade:TouchOfTheGrave+1"],"relics":["Runic Pyramid","Golden Idol","Ornamental Fan","Pen Nib","Bottled Lightning","Runic Dome","MealTicket","WingedGreaves","CeramicFish","Molten Egg 2","Matryoshka","Happy Flower","SlaversCollar"],"acts_visited":["Exordium","TheCity","TheBeyond"],"potions_floor_usage":[28,31,33,40],"damage_taken":[{"damage":0.0,"enemies":"Jaw Worm","floor":1.0,"turns":5.0},{"damage":20.0,"enemies":"Lagavulin","floor":6.0,"turns":7.0},{"damage":3.0,"enemies":"2 Louse","floor":8.0,"turns":3.0},{"damage":0.0,"enemies":"Cultist","floor":10.0,"turns":4.0},{"damage":0.0,"enemies":"3 Sentries","floor":12.0,"turns":8.0},{"damage":0.0,"enemies":"Looter","floor":13.0,"turns":3.0},{"damage":6.0,"enemies":"Gremlin Nob","floor":14.0,"turns":4.0},{"damage":9.0,"enemies":"Slime Boss","floor":16.0,"turns":9.0},{"damage":12.0,"enemies":"2 Thieves","floor":18.0,"turns":4.0},{"damage":25.0,"enemies":"Slavers","floor":23.0,"turns":4.0},{"damage":2.0,"enemies":"Spheric Guardian","floor":24.0,"turns":6.0},{"damage":39.0,"enemies":"Book of Stabbing","floor":25.0,"turns":8.0},{"damage":11,"enemies":"Slavers","floor":28,"turns":4},{"damage":18,"enemies":"Chosen and Byrds","floor":30,"turns":6},{"damage":14,"enemies":"Book of Stabbing","floor":31,"turns":7},{"damage":24,"enemies":"Automaton","floor":33,"turns":8},{"damage":18,"enemies":"Orb Walker","floor":35,"turns":6},{"damage":27,"enemies":"3 Darklings","floor":38,"turns":6},{"damage":4,"enemies":"Maw","floor":39,"turns":8},{"damage":67,"enemies":"Reptomancer","floor":40,"turns":2}],"seed_played":"-4556080969195723249","potions_obtained":[{"floor":8.0,"key":"SpeedPotion"},{"floor":12.0,"key":"SkillPotion"},{"floor":13.0,"key":"Strength Potion"},{"floor":14.0,"key":"SmokeBomb"},{"floor":16.0,"key":"Regen Potion"},{"floor":23.0,"key":"SkillPotion"},{"floor":24.0,"key":"SpeedPotion"},{"floor":25.0,"key":"DuplicationPotion"},{"floor":30,"key":"Swift Potion"},{"floor":35,"key":"Weak Potion"},{"floor":39,"key":"LiquidBronze"}],"is_trial":false,"path_per_floor":["M","?","$","?","$","E","R","M","T","M","?","E","M","E","R","B",null,"M","?","$","?","$","E","M","E","T","R","E","R","M","E","R","B",null,"M","$","?","M","M","E"],"character_chosen":"SHADE","items_purchased":["Shade:OpenGraves","MealTicket","FairyPotion","Shade:CallOfTheGrave"],"campfire_rested":5,"item_purchase_floors":[5,20,20,36],"current_hp_per_floor":[65,49,49,36,36,16,35,32,32,32,32,32,32,26,45,36,65,53,53,53,53,65,40,52,23,23,42,31,50,42,38,57,33,65,57,65,65,38,34,0,0],"gold":384,"neow_bonus":"BOSS_RELIC","is_daily":false,"chose_seed":false,"campfire_upgraded":0,"win_rate":0.0,"timestamp":1612144061,"path_taken":["M","?","$","?","?","E","R","M","T","M","?","E","?","E","R","BOSS","M","?","$","?","?","E","M","E","T","R","E","R","?","E","R","BOSS","M","?","?","M","?","E"],"items_purchased_type":["Card","Relic","Potion","Card"],"build_version":"2020-12-22","purchased_purges":1,"victory":false,"max_hp_per_floor":[65,65,65,65,65,65,65,65,65,65,65,65,65,65,65,65,65,65,65,65,65,65,65,65,65,65,65,65,65,65,65,65,65,65,65,65,65,65,65,65,65],"card_choices":[{"not_picked":["Shade:Trample","Shade:Bonestorm"],"picked":"Shade:WallOfFlesh","floor":1.0},{"not_picked":["Shade:FeralStrike","Shade:AncientSpear"],"picked":"Shade:FleshLikeOak","floor":6.0},{"not_picked":["Shade:Doomsay","Shade:CommandSoldier","Shade:Frenzy"],"picked":"SKIP","floor":8.0},{"not_picked":["Shade:CoffinDance","Shade:Frenzy","Shade:BoneShards"],"picked":"SKIP","floor":10.0},{"not_picked":["Shade:Premonition","Shade:TouchOfTheGrave","Shade:BoneShards"],"picked":"SKIP","floor":12.0},{"not_picked":["Shade:FleshToFlesh","Shade:FuneraryArmor","Shade:Haruspicy"],"picked":"SKIP","floor":13.0},{"not_picked":["Shade:SkeletonHug","Shade:SensePrey"],"picked":"Shade:Coordination","floor":14.0},{"not_picked":["Shade:Coordination","Shade:SelfBurial"],"picked":"Shade:UnbarTheGrave","floor":16.0},{"not_picked":["Shade:TouchOfTheGrave+1","Shade:CoffinDance"],"picked":"Shade:LyeBath","floor":18.0},{"not_picked":["Shade:PoundOfFlesh","Shade:Carnophage"],"picked":"Shade:CommandSoldier+1","floor":23.0},{"not_picked":["Shade:CoffinDance","Shade:GreyBargain"],"picked":"Shade:StitchTogether+1","floor":24.0},{"not_picked":["Shade:FleshToFlesh+1","Shade:Awaken","Shade:FeralStrike"],"picked":"SKIP","floor":25.0},{"not_picked":["Shade:ClawBack+1","Shade:Trample+1","Shade:CallWraith"],"picked":"SKIP","floor":28},{"not_picked":["Shade:LoseControl","Shade:GreyBargain"],"picked":"Shade:TouchOfTheGrave+1","floor":30},{"not_picked":["Shade:FleshOffering+1","Shade:Premonition+1"],"picked":"Shade:FleshLikeOak+1","floor":31},{"not_picked":["Shade:SoulPierce","Shade:UnbarTheGrave"],"picked":"Shade:LichForm","floor":33},{"not_picked":["Shade:Brains","Shade:SkeletonHug+1","Shade:Asphyxiate+1"],"picked":"SKIP","floor":35},{"not_picked":["Shade:Brains+1","Shade:RavenousHorde+1","Shade:ExtraLimbs+1"],"picked":"SKIP","floor":38},{"not_picked":["Shade:ExtraLimbs+1","Shade:GraveStillness+1"],"picked":"Shade:TouchOfTheGrave+1","floor":39}],"player_experience":2477673,"relics_obtained":[{"floor":6.0,"key":"Ornamental Fan"},{"floor":12.0,"key":"Pen Nib"},{"floor":14.0,"key":"Bottled Lightning"},{"floor":23.0,"key":"WingedGreaves"},{"floor":25.0,"key":"CeramicFish"},{"floor":26.0,"key":"Molten Egg 2"},{"floor":28,"key":"Matryoshka"},{"floor":31,"key":"Happy Flower"}],"event_choices":[{"damage_healed":0.0,"max_hp_gain":0.0,"max_hp_loss":0.0,"gold_gain":0.0,"event_name":"Golden Idol","player_choice":"Take Damage","floor":2.0,"gold_loss":0.0,"damage_taken":16.0,"relics_obtained":["Golden Idol"]},{"damage_healed":0.0,"max_hp_gain":0.0,"max_hp_loss":0.0,"gold_gain":0.0,"event_name":"Shining Light","player_choice":"Entered Light","floor":4.0,"gold_loss":0.0,"damage_taken":13.0,"cards_upgraded":["Shade:WallOfFlesh","Shade:AnimateDead"]},{"damage_healed":0.0,"max_hp_gain":0.0,"max_hp_loss":0.0,"gold_gain":0.0,"event_name":"Golden Wing","player_choice":"Ignored","floor":11.0,"gold_loss":0.0,"damage_taken":0.0},{"damage_healed":0.0,"max_hp_gain":0.0,"max_hp_loss":0.0,"gold_gain":0.0,"event_name":"The Library","player_choice":"Read","floor":19.0,"gold_loss":0.0,"damage_taken":0.0,"cards_obtained":["Shade:AblativeArmor"]},{"damage_healed":0.0,"max_hp_gain":0.0,"max_hp_loss":0.0,"gold_gain":0.0,"event_name":"Ghosts","player_choice":"Ignored","floor":21.0,"gold_loss":0.0,"damage_taken":0.0},{"damage_healed":0,"gold_gain":0,"player_choice":"Ignored","damage_taken":0,"max_hp_gain":0,"max_hp_loss":0,"event_name":"SecretPortal","floor":37,"gold_loss":0}],"is_beta":false,"boss_relics":[{"not_picked":["SacredBark","Philosopher\u0027s Stone"],"picked":"Runic Dome"},{"not_picked":["Tiny House","Coffee Dripper"],"picked":"SlaversCollar"}],"items_purged_floors":[3],"is_endless":false,"potions_floor_spawned":[8,12,13,14,16,23,24,25,30,35,39],"killed_by":"Reptomancer","ascension_level":3}}