{"host":"vca5odlxycr7xk6d","time":1612190717,"event":{"mods":["Act Like it!","Arknights","BaseMod","Better Note","BetterRewards","Gensokyo","GungeonMod","Hermit","Hubris","Infinite Spire","Marisa????????","Minty Spire (QoL Compilation)","Morshu Shopkeeper","Reimu??????","Replay The Spire","Shop Mod","Spire Arcade","StSLib","The Animator","The Cursed","The Fake Hero","The Poker Player"],"gold_per_floor":[110,185,200,200,212,212,242,256,282,282,362,537,562,578,578,683,683,699,539,539,539,526,370,370,404,479,497,497,516,516,536,536,640,640,659,642,654,671,671,671,671],"floor_reached":39,"language":"ENG","playtime":3886,"items_purged":[],"score":484,"play_id":"43ad4778-d4ad-4f3c-ba93-5775ac368463","local_time":"20210201214517","is_ascension_mode":false,"metric_token":1426,"campfire_choices":[{"data":"PokerPlayerMod:GamblerForm","floor":6,"key":"SMITH"},{"data":"PokerPlayerMod:Harden","floor":10,"key":"SMITH"},{"data":"PokerPlayerMod:CardBurn","floor":15,"key":"SMITH"},{"data":"PokerPlayerMod:TheDieIsCast","floor":24,"key":"SMITH"},{"data":"infinitespire:Oblivion","floor":28,"key":"SMITH"},{"data":"PokerPlayerMod:Raise","floor":30,"key":"SMITH"},{"data":"PokerPlayerMod:CardPrinter","floor":32,"key":"SMITH"}],"circlet_count":0,"master_deck":["PokerPlayerMod:Diamond1","PokerPlayerMod:Diamond2","PokerPlayerMod:Diamond3","PokerPlayerMod:Diamond4","PokerPlayerMod:Diamond5","PokerPlayerMod:Spade1","PokerPlayerMod:Spade2","PokerPlayerMod:Spade3","PokerPlayerMod:Spade4","PokerPlayerMod:Club1","PokerPlayerMod:Club2","PokerPlayerMod:Heart2","PokerPlayerMod:TrumpStrike","PokerPlayerMod:BadJoker","PokerPlayerMod:Mulligan+1","PokerPlayerMod:GamblerForm+1","PokerPlayerMod:Club6","PokerPlayerMod:Heart2","PokerPlayerMod:Configure","PokerPlayerMod:Heart2","PokerPlayerMod:ItsShowtime+1","PokerPlayerMod:Harden+1","PokerPlayerMod:CardBurn+1","PokerPlayerMod:TheDieIsCast+1","AbeCurse","PokerPlayerMod:RiskyBet","PokerPlayerMod:Heart3","PokerPlayerMod:Diamond6","infinitespire:Oblivion+1","PokerPlayerMod:Raise+1","PokerPlayerMod:Diamond3","PokerPlayerMod:Heart3","PokerPlayerMod:CardPrinter+1","PokerPlayerMod:StackedDeck","PokerPlayerMod:Manipulation","PokerPlayerMod:ClubShade","PokerPlayerMod:DiamondStrike","PokerPlayerMod:Heart3"],"relics":["PokerPlayerMod:DeckCase","PokerPlayerMod:EnergeticBat","War Paint","Replay:Bottled Eggs","DemoMod:LamentConfigurum","Replay:Grab Bag","Painkiller Herb","Empty Cage","Membership Card","hubris:Towel","DemoMod:Orange","Replay:Bandana","Ornamental Fan","MerchantsRug","DemoMod:RiddleOfLead"],"acts_visited":["Exordium","TheCity","TheBeyond"],"potions_floor_usage":[7,13,22,25,38],"damage_taken":[{"damage":0,"enemies":"Small Slimes","floor":1,"turns":3},{"damage":0,"enemies":"Cultist","floor":3,"turns":3},{"damage":5,"enemies":"Jaw Worm","floor":5,"turns":2},{"damage":30,"enemies":"Lagavulin","floor":7,"turns":5},{"damage":16,"enemies":"Large Slime","floor":8,"turns":4},{"damage":9,"enemies":"3 Sentries","floor":13,"turns":4},{"damage":12,"enemies":"3 Louse","floor":14,"turns":3},{"damage":19,"enemies":"Fading Forest","floor":16,"turns":11},{"damage":36,"enemies":"Chosen","floor":18,"turns":5},{"damage":29,"enemies":"2 Thieves","floor":22,"turns":4},{"damage":30,"enemies":"Nightmare","floor":25,"turns":5},{"damage":33,"enemies":"Sentry and Sphere","floor":27,"turns":5},{"damage":0,"enemies":"Snecko","floor":29,"turns":2},{"damage":66,"enemies":"hubris:MusketHawk","floor":33,"turns":9},{"damage":37,"enemies":"3 Darklings","floor":35,"turns":6},{"damage":25,"enemies":"3 Shapes","floor":37,"turns":5},{"damage":67,"enemies":"Jaw Worm Horde","floor":38,"turns":6},{"damage":38,"enemies":"Transient","floor":39,"turns":2}],"seed_played":"6188815132528830495","potions_obtained":[{"floor":1,"key":"Explosive Potion"},{"floor":5,"key":"DuplicationPotion"},{"floor":8,"key":"Weak Potion"},{"floor":14,"key":"DuplicationPotion"},{"floor":22,"key":"Milkshake"},{"floor":29,"key":"SteroidPotion"},{"floor":38,"key":"Adrenaline Potion"}],"is_trial":false,"path_per_floor":["M","?","M","?","M","R","E","M","T","R","T","?","E","M","R","B",null,"?","T","?","?","?","T","T","NM","T","?","T","?","T","T","T","B",null,"?","T","?","?","?"],"character_chosen":"THE_POKER_PLAYER","items_purchased":["Membership Card","PokerPlayerMod:Heart3","DemoMod:Orange","PokerPlayerMod:CardPrinter","MerchantsRug","PokerPlayerMod:ClubShade"],"campfire_rested":0,"item_purchase_floors":[19,19,23,31,31,36],"current_hp_per_floor":[52,47,47,47,43,43,18,6,6,6,6,6,15,13,13,23,52,23,23,23,23,21,33,33,20,20,51,51,64,64,64,64,33,74,66,66,59,22,0,0,0],"gold":671,"neow_bonus":"THREE_RARE_CARDS","is_daily":false,"chose_seed":false,"campfire_upgraded":7,"win_rate":0.0,"timestamp":1612190717,"path_taken":["M","?","?","?","M","R","E","M","T","R","?","?","E","M","R","BOSS","?","T","?","?","?","T","T","NM","T","?","T","?","T","?","T","BOSS","?","T","?","?","?"],"items_purchased_type":["Relic","Card","Relic","Card","Relic","Card"],"build_version":"2020-12-22","purchased_purges":0,"victory":false,"max_hp_per_floor":[52,52,52,52,52,52,52,52,52,52,52,52,52,52,52,52,52,52,52,52,52,52,64,64,64,64,64,64,64,64,64,64,64,74,74,74,74,74,74,74,74],"card_choices":[{"not_picked":["PokerPlayerMod:StackedDeck","PokerPlayerMod:TheDieIsCast"],"picked":"PokerPlayerMod:GamblerForm","floor":0},{"not_picked":["PokerPlayerMod:Club2","PokerPlayerMod:RiskyBet"],"picked":"PokerPlayerMod:Club6","floor":1},{"not_picked":["PokerPlayerMod:Fold","PokerPlayerMod:Diamond4"],"picked":"PokerPlayerMod:Heart1","floor":3},{"not_picked":["PokerPlayerMod:Spade2","PokerPlayerMod:Spade3"],"picked":"PokerPlayerMod:Heart1","floor":5},{"not_picked":["PokerPlayerMod:Harden","PokerPlayerMod:Club1"],"picked":"PokerPlayerMod:ItsShowtime","floor":7},{"not_picked":["PokerPlayerMod:DartThrow","PokerPlayerMod:MagicTrick"],"picked":"PokerPlayerMod:Harden","floor":8},{"not_picked":["PokerPlayerMod:Club1","PokerPlayerMod:ClubsClub"],"picked":"PokerPlayerMod:FillThePot","floor":13},{"not_picked":["PokerPlayerMod:Diamond1","PokerPlayerMod:CardPrinter"],"picked":"PokerPlayerMod:CardBurn","floor":14},{"not_picked":["PokerPlayerMod:Diamond8","PokerPlayerMod:Spade8"],"picked":"PokerPlayerMod:TheDieIsCast","floor":16},{"not_picked":["PokerPlayerMod:Club4","PokerPlayerMod:Trickery"],"picked":"PokerPlayerMod:RiskyBet","floor":18},{"not_picked":["PokerPlayerMod:Club3","PokerPlayerMod:CardBurn"],"picked":"PokerPlayerMod:Diamond6","floor":22},{"not_picked":["ReplayTheSpireMod:Echoes of Time","infinitespire:FutureSight"],"picked":"infinitespire:Oblivion","floor":25},{"not_picked":["PokerPlayerMod:Diamond3","PokerPlayerMod:Club4"],"picked":"PokerPlayerMod:Raise","floor":25},{"not_picked":["PokerPlayerMod:Diamond2","PokerPlayerMod:Spade4"],"picked":"PokerPlayerMod:Diamond3","floor":27},{"not_picked":["PokerPlayerMod:Club3","PokerPlayerMod:DartThrow"],"picked":"PokerPlayerMod:Heart3","floor":29},{"not_picked":["PokerPlayerMod:Spade7","PokerPlayerMod:TheDieIsCast"],"picked":"PokerPlayerMod:StackedDeck","floor":33},{"not_picked":["PokerPlayerMod:Spade5","PokerPlayerMod:Diamond2"],"picked":"PokerPlayerMod:Manipulation","floor":35},{"not_picked":["PokerPlayerMod:Spade3","PokerPlayerMod:Spade1"],"picked":"PokerPlayerMod:DiamondStrike","floor":37},{"not_picked":["PokerPlayerMod:RiskyBet","PokerPlayerMod:MagicTrick"],"picked":"PokerPlayerMod:Heart3","floor":38}],"player_experience":541375,"relics_obtained":[{"floor":7,"key":"PokerPlayerMod:EnergeticBat"},{"floor":9,"key":"War Paint"},{"floor":11,"key":"Replay:Bottled Eggs"},{"floor":13,"key":"DemoMod:LamentConfigurum"},{"floor":25,"key":"Replay:Bandana"},{"floor":26,"key":"Ornamental Fan"}],"event_choices":[{"damage_healed":0,"gold_gain":75,"player_choice":"Touch","damage_taken":5,"max_hp_gain":0,"max_hp_loss":0,"event_name":"FaceTrader","floor":2,"gold_loss":0},{"damage_healed":0,"gold_gain":175,"player_choice":"AGREE","damage_taken":0,"max_hp_gain":0,"max_hp_loss":0,"event_name":"Liars Game","floor":12,"gold_loss":0,"cards_obtained":["Doubt"]},{"cards_removed":["PokerPlayerMod:Configure"],"damage_healed":0,"gold_gain":0,"player_choice":"Give","damage_taken":0,"max_hp_gain":0,"max_hp_loss":0,"event_name":"betterNote:BetterNote","floor":20,"gold_loss":0,"cards_obtained":["PokerPlayerMod:Mulligan"]}],"is_beta":false,"boss_relics":[{"not_picked":["Runic Dome","hubris:ScarierMask"],"picked":"Replay:Grab Bag"},{"not_picked":["infinitespire:Cupcake","Philosopher\u0027s Stone"],"picked":"Painkiller Herb"},{"not_picked":["ReplayTheSpireMod:DimensionalGlitch","ReplayTheSpireMod:Onyx Gauntlets"],"picked":"Abe\u0027s Treasure"},{"not_picked":["hubris:Stopwatch","SlaversCollar"],"picked":"Empty Cage"},{"not_picked":["Honey Jar","ReplayTheSpireMod:SealedPack"],"picked":"DemoMod:RiddleOfLead"}],"items_purged_floors":[],"is_endless":false,"potions_floor_spawned":[1,5,8,14,22,29,38],"killed_by":"Transient","ascension_level":0}}