{"host":"v2nniiiz7kpx7fwo","time":1612192974,"event":{"mods":["2.2 Compatiblity","AchievementEnabler","BaseMod","Colored Map","Colored Powertips","DeckTracker","Highlight Path","KOR Keyword Fix","Minty Spire (QoL Compilation)","Permanent Neow","Quick Restart","Rare Cards Sparkle","SuperFastMode"],"gold_per_floor":[115,115,132,132,145,145,179,179,247,267,267,281,309,333,333,404,404,425,340,340,91,117,117,117],"floor_reached":23,"language":"KOR","playtime":857,"items_purged":[],"score":338,"play_id":"473553b6-37fe-4987-b3a9-301b30e8e498","local_time":"20210202002254","is_ascension_mode":true,"campfire_choices":[{"data":"Carnage","floor":6.0,"key":"SMITH"},{"floor":8.0,"key":"REST"},{"data":"Seeing Red","floor":11.0,"key":"SMITH"},{"floor":15.0,"key":"REST"}],"circlet_count":0,"master_deck":["AscendersBane","Strike_R","Strike_R","Strike_R","Strike_R","Strike_R","Defend_R","Defend_R","Defend_R","Defend_R","Bash","Carnage+1","Iron Wave","Seeing Red+1","Demon Form","Whirlwind","Thunderclap","Rupture","Shrug It Off","Hemokinesis","Bloodletting","Reaper","CurseOfTheBell","Fire Breathing+1","True Grit","Metallicize"],"relics":["Burning Blood","Boot","Dream Catcher","Paper Frog","Anchor","Odd Mushroom","Calling Bell","CeramicFish","Sundial","Peace Pipe","The Courier","Blood Vial","Bag of Marbles"],"acts_visited":["Exordium","TheCity"],"potions_floor_usage":[],"damage_taken":[{"damage":3.0,"enemies":"2 Louse","floor":1.0,"turns":3.0},{"damage":1.0,"enemies":"Cultist","floor":3.0,"turns":3.0},{"damage":6.0,"enemies":"Small Slimes","floor":5.0,"turns":3.0},{"damage":20.0,"enemies":"Lagavulin","floor":7.0,"turns":3.0},{"damage":16.0,"enemies":"Gremlin Gang","floor":10.0,"turns":2.0},{"damage":7.0,"enemies":"Large Slime","floor":12.0,"turns":5.0},{"damage":50.0,"enemies":"3 Sentries","floor":13.0,"turns":7.0},{"damage":6.0,"enemies":"The Mushroom Lair","floor":14.0,"turns":4.0},{"damage":53.0,"enemies":"Hexaghost","floor":16.0,"turns":8.0},{"damage":38.0,"enemies":"Spheric Guardian","floor":18.0,"turns":4.0},{"damage":20.0,"enemies":"Chosen","floor":22.0,"turns":6.0},{"damage":21,"enemies":"Slavers","floor":23,"turns":2}],"seed_played":"170782234697658655","potions_obtained":[{"floor":1.0,"key":"Block Potion"},{"floor":4.0,"key":"BloodPotion"},{"floor":4.0,"key":"ColorlessPotion"},{"floor":7.0,"key":"Fire Potion"},{"floor":14.0,"key":"Block Potion"},{"floor":18.0,"key":"Weak Potion"}],"is_trial":false,"path_per_floor":["M","?","M","?","M","R","E","R","T","M","R","M","E","?","R","B",null,"M","?","?","$","M","E"],"character_chosen":"IRONCLAD","items_purchased":["Blood Vial","Bag of Marbles","True Grit"],"campfire_rested":2,"item_purchase_floors":[21,21,21],"current_hp_per_floor":[71,76,80,80,80,80,66,80,80,70,70,69,41,41,65,18,65,33,33,27,27,15,0,0],"gold":117,"neow_bonus":"RANDOM_COMMON_RELIC","is_daily":false,"chose_seed":false,"campfire_upgraded":2,"win_rate":0.0,"timestamp":1612192974,"path_taken":["M","?","M","?","M","R","E","R","T","?","R","M","E","?","R","BOSS","M","?","?","$","M","E"],"items_purchased_type":["Relic","Relic","Card"],"build_version":"2020-12-22","purchased_purges":0,"victory":false,"max_hp_per_floor":[75,80,80,80,80,80,80,80,80,80,80,80,80,80,80,80,80,80,80,80,80,80,80,80],"card_choices":[{"not_picked":["Body Slam","Shrug It Off"],"picked":"Carnage","floor":1.0},{"not_picked":["Fire Breathing","Clothesline"],"picked":"Iron Wave","floor":3.0},{"not_picked":["Iron Wave","Clothesline"],"picked":"Seeing Red","floor":5.0},{"not_picked":["Cleave","Ghostly Armor"],"picked":"Demon Form","floor":7.0},{"not_picked":["Twin Strike","Dropkick"],"picked":"Whirlwind","floor":8.0},{"not_picked":["Headbutt","Dropkick"],"picked":"Thunderclap","floor":10.0},{"not_picked":["Thunderclap","Body Slam"],"picked":"Rupture","floor":12.0},{"not_picked":["Wild Strike","Armaments"],"picked":"Shrug It Off","floor":13.0},{"not_picked":["Disarm","Havoc"],"picked":"Hemokinesis","floor":14.0},{"not_picked":["Twin Strike","Combust"],"picked":"Bloodletting","floor":15.0},{"not_picked":["Double Tap","Offering"],"picked":"Reaper","floor":16.0},{"not_picked":["True Grit","Reckless Charge"],"picked":"Fire Breathing+1","floor":18.0},{"not_picked":["Rupture","Dual Wield"],"picked":"Metallicize","floor":22.0}],"player_experience":484520,"relics_obtained":[{"floor":7.0,"key":"Dream Catcher"},{"floor":9.0,"key":"Paper Frog"},{"floor":13.0,"key":"Anchor"},{"floor":14.0,"key":"Odd Mushroom"},{"floor":17.0,"key":"CeramicFish"},{"floor":17.0,"key":"Sundial"},{"floor":17.0,"key":"Peace Pipe"}],"event_choices":[{"damage_healed":0.0,"max_hp_gain":5.0,"max_hp_loss":0.0,"gold_gain":0.0,"event_name":"Big Fish","player_choice":"Donut","floor":2.0,"gold_loss":0.0,"damage_taken":0.0},{"damage_healed":0.0,"max_hp_gain":0.0,"max_hp_loss":0.0,"gold_gain":0.0,"event_name":"Lab","player_choice":"Got Potions","floor":4.0,"gold_loss":0.0,"damage_taken":0.0},{"damage_healed":0.0,"max_hp_gain":0.0,"max_hp_loss":0.0,"gold_gain":0.0,"event_name":"Mushrooms","player_choice":"Fought Mushrooms","floor":14.0,"gold_loss":0.0,"damage_taken":0.0},{"damage_healed":0.0,"max_hp_gain":0.0,"max_hp_loss":0.0,"gold_gain":0.0,"event_name":"Addict","player_choice":"Obtained Relic","floor":19.0,"gold_loss":85.0,"damage_taken":0.0,"relics_obtained":["The Courier"]},{"damage_healed":0.0,"max_hp_gain":0.0,"max_hp_loss":0.0,"gold_gain":0.0,"event_name":"Knowing Skull","player_choice":"","floor":20.0,"potions_obtained":[],"gold_loss":0.0,"damage_taken":6.0,"cards_obtained":[]}],"is_beta":false,"boss_relics":[{"not_picked":["Velvet Choker","Empty Cage"],"picked":"Calling Bell"}],"items_purged_floors":[],"is_endless":false,"potions_floor_spawned":[1,7,14,18],"killed_by":"Slavers","ascension_level":14}}