{"host":"gtv41eena9h15rk5","time":1612191308,"event":{"mods":["BaseMod","Colored Powertips","Downfall","Marisa£®ÏF”Í°°ƒß¿Ì…≥£©","Minty Spire (QoL Compilation)","Replay The Spire","Shop Mod","StSLib","The Bug Knight","The Construct","The Cursed","The Runesmith","The Servant 0.9.4","[IsaacMod]“‘»ˆº‚À˛"],"gold_per_floor":[114,62,72,72,92,131,131,131,157,157,172,192,213,21,21,149,149,172,191,191,211,22,57,57,57],"floor_reached":24,"language":"ZHS","playtime":861,"items_purged":["Injury"],"score":362,"play_id":"cc0bc220-101a-47a8-bc44-ceb19487400e","local_time":"20210201225508","is_ascension_mode":true,"campfire_choices":[{"data":"Armaments","floor":7,"key":"SMITH"},{"floor":15,"key":"RECALL"}],"circlet_count":0,"master_deck":["Strike_R","Strike_R","Strike_R","Strike_R","Strike_R","Defend_R","Defend_R","Defend_R","Defend_R","Bash","EpicFetus","Heavy Blade","Armaments+1","Shrug It Off","Armaments+1","ReplayTheSpireMod:Muscle Training","Limit Break","Carnage","Shrug It Off"],"relics":["Burning Blood","HushsDoor","BookofShadows","Golden Idol","Ancient Tea Set","SteamSale","Ooze Armor","MerchantsRug","Chemical X","Regal Pillow","BloodDonationMachine"],"acts_visited":["Exordium","TheCity"],"potions_floor_usage":[12,16,16],"damage_taken":[{"damage":1,"enemies":"Cultist","floor":1,"turns":3},{"damage":11,"enemies":"Jaw Worm","floor":3,"turns":4},{"damage":1,"enemies":"2 Louse","floor":5,"turns":4},{"damage":35,"enemies":"Lagavulin","floor":6,"turns":6},{"damage":0,"enemies":"Large Slime","floor":11,"turns":4},{"damage":7,"enemies":"Looter","floor":12,"turns":4},{"damage":20,"enemies":"3 Louse","floor":13,"turns":3},{"damage":8,"enemies":"Slime Boss","floor":16,"turns":6},{"damage":17,"enemies":"2 Thieves","floor":18,"turns":3},{"damage":23,"enemies":"Shell Parasite","floor":19,"turns":7},{"damage":24,"enemies":"Sentry and Sphere","floor":21,"turns":5},{"damage":25,"enemies":"Book of Stabbing","floor":23,"turns":5},{"damage":18,"enemies":"Shelled Parasite and Fungi","floor":24,"turns":3}],"seed_played":"6694954065200648754","potions_obtained":[{"floor":1,"key":"Slimebound:ThreeZeroPotion"},{"floor":6,"key":"Adrenaline Potion"},{"floor":11,"key":"Reflective Coating"},{"floor":12,"key":"EssenceOfSteel"},{"floor":21,"key":"Energy Potion"},{"floor":23,"key":"Languid Potion"}],"is_trial":false,"path_per_floor":["M","$","M","?","M","E","R","?","T","?","M","M","M","$","R","B",null,"M","M","?","M","$","E","M"],"character_chosen":"IRONCLAD","items_purchased":["Armaments","SteamSale","MerchantsRug","Chemical X","Regal Pillow"],"campfire_rested":0,"item_purchase_floors":[2,14,22,22,22],"current_hp_per_floor":[85,85,80,80,85,56,56,61,61,61,67,66,52,52,52,50,82,71,54,54,36,36,17,0,0],"gold":57,"neow_bonus":"TEN_PERCENT_HP_BONUS","is_daily":false,"chose_seed":false,"campfire_upgraded":1,"win_rate":0.0,"timestamp":1612191308,"path_taken":["M","?","M","?","M","E","R","?","T","?","M","M","M","$","R","BOSS","M","M","?","M","$","E","M"],"items_purchased_type":["Card","Relic","Relic","Relic","Relic"],"build_version":"2020-12-22","purchased_purges":1,"victory":false,"max_hp_per_floor":[88,88,88,88,88,88,88,93,93,93,93,93,93,93,93,93,93,93,93,93,93,93,93,93,93],"card_choices":[{"not_picked":[],"picked":"EpicFetus","floor":0},{"not_picked":["True Grit","Feel No Pain"],"picked":"Heavy Blade","floor":1},{"not_picked":["ReplayTheSpireMod:LeadingStrike","Warcry"],"picked":"Shrug It Off","floor":3},{"not_picked":["Thunderclap","ReplayTheSpireMod:Strike From Hell"],"picked":"Bomb","floor":5},{"not_picked":["Replay:Undeath\u0027s Touch","Sword Boomerang"],"picked":"Armaments","floor":6},{"not_picked":["Sentinel","Twin Strike","Headbutt"],"picked":"SKIP","floor":11},{"not_picked":["Anger","Heavy Blade"],"picked":"Bomb","floor":12},{"not_picked":["Warcry","Life Link"],"picked":"ReplayTheSpireMod:Muscle Training","floor":13},{"not_picked":["Demonic Infusion","Exhume"],"picked":"Limit Break","floor":16},{"not_picked":["Replay:Undeath\u0027s Touch+1","Sword Boomerang","Intimidate+1"],"picked":"SKIP","floor":18},{"not_picked":["Twin Strike","True Grit","Dark Embrace"],"picked":"SKIP","floor":19},{"not_picked":["Pommel Strike+1","ReplayTheSpireMod:LeadingStrike"],"picked":"Carnage","floor":21},{"not_picked":["Anger+1","Iron Wave"],"picked":"Shrug It Off","floor":23}],"player_experience":230069,"relics_obtained":[{"floor":6,"key":"Ancient Tea Set"},{"floor":23,"key":"BloodDonationMachine"}],"event_choices":[{"damage_healed":0,"gold_gain":0,"player_choice":"Take Wound","damage_taken":0,"relics_obtained":["Golden Idol"],"max_hp_gain":0,"max_hp_loss":0,"event_name":"Golden Idol","floor":4,"gold_loss":0,"cards_obtained":["Injury"]},{"damage_healed":0,"gold_gain":0,"player_choice":"Donut","damage_taken":0,"max_hp_gain":5,"max_hp_loss":0,"event_name":"Big Fish","floor":8,"gold_loss":0},{"damage_healed":0,"gold_gain":0,"player_choice":"Grow","damage_taken":0,"max_hp_gain":0,"max_hp_loss":0,"event_name":"Living Wall","floor":10,"gold_loss":0,"cards_upgraded":["Armaments"]},{"damage_healed":0,"gold_gain":0,"player_choice":"Ignored","damage_taken":0,"max_hp_gain":0,"max_hp_loss":0,"event_name":"Vampires","floor":20,"gold_loss":0}],"is_beta":false,"boss_relics":[{"not_picked":["Coffee Dripper","bronze:MakeshiftBattery"],"picked":"Ooze Armor"},{"not_picked":[]}],"items_purged_floors":[14],"is_endless":false,"potions_floor_spawned":[1,6,11,12,13,21,23],"killed_by":"Shelled Parasite and Fungi","ascension_level":7}}