{"host":"7ttbe3gzet1mthv0","time":1612175144,"event":{"mods":["AchievementEnabler","BaseMod","Bestiary","Better Match","Better Note","Better Sensory Stone","Better Third Choice","BetterRewards","CapriCore","Colored Map","Colored Powertips","Custom Start","Downfall","Fox Events","Hermit","Highlight Path","Infinite Spire","Jorbs\u0027s Wanderer Trilogy","Luminous","Marisa????????","Minty Spire (QoL Compilation)","Rare Cards Sparkle","Relic Stats","Spicy Shops","StSLib","The Alterego","The Bug Knight","The Cursed","The Hierophant","The Marked","Wandering Minibosses"],"gold_per_floor":[99,109,126,139,156,56,56,56,71,102,112,112,77,77,90,80,80,80],"floor_reached":16,"language":"SPA","playtime":1151,"items_purged":[],"score":104,"play_id":"e44be172-4690-46a5-b838-96e7b41b6cd8","local_time":"20210201112544","is_ascension_mode":false,"campfire_choices":[{"floor":1,"key":"RECALL"},{"data":"hexamod:HeatMetal","floor":6,"key":"SMITH"},{"data":"hexamod:Float","floor":8,"key":"SMITH"}],"circlet_count":0,"master_deck":["hexamod:Strike","hexamod:Strike","hexamod:Strike","hexamod:Strike","hexamod:Defend","hexamod:Defend","hexamod:Defend","hexamod:Defend","hexamod:Sear","hexamod:Float+1","hexamod:InspiringFlames+1","hexamod:BacktrackSmack","hexamod:HeatMetal+1","hexamod:HeatCrush","hexamod:EtherealExpedition","hexamod:SkipABeat","hexamod:ThirdSeal","downfall:Haunted","downfall:Haunted","Normality","hexamod:SixthSeal","hexamod:FourthSeal","hexamod:SoulSteal"],"relics":["hexamod:SpiritBrand","downfall:HeartBlessingRed","hexamod:MatchstickCase","InkBottle","Du-Vu Doll"],"acts_visited":["Exordium"],"potions_floor_usage":[13,16],"damage_taken":[{"damage":1,"enemies":"Cultist","floor":2,"turns":3},{"damage":1,"enemies":"Jaw Worm","floor":3,"turns":3},{"damage":9,"enemies":"2 Louse","floor":4,"turns":3},{"damage":2,"enemies":"3 Louse","floor":5,"turns":3},{"damage":0,"enemies":"Large Slime","floor":9,"turns":7},{"damage":10,"enemies":"Gremlin Nob","floor":10,"turns":4},{"damage":5,"enemies":"Exordium Wildlife","floor":11,"turns":4},{"damage":0,"enemies":"downfall:FleeingMerchant","floor":13,"turns":5},{"damage":5,"enemies":"Red Slaver","floor":15,"turns":3},{"damage":57,"enemies":"DF_ARCHETYPE_STREAMLINE","floor":16,"turns":9}],"seed_played":"-3294407141494038312","potions_obtained":[{"floor":3,"key":"sneckomod:MuddlingPotion"},{"floor":5,"key":"SkillPotion"},{"floor":15,"key":"sneckomod:MuddlingPotion"}],"is_trial":false,"path_per_floor":["R","M","M","M","M","R","T","R","M","E","M","T","$","?","M","B"],"character_chosen":"THE_SPIRIT","items_purchased":[],"campfire_rested":0,"item_purchase_floors":[],"current_hp_per_floor":[77,76,75,66,64,64,64,64,64,54,49,49,49,49,44,0,0,0],"gold":80,"neow_bonus":"TEN_PERCENT_HP_BONUS","is_daily":false,"chose_seed":false,"campfire_upgraded":2,"win_rate":0.0,"timestamp":1612175144,"path_taken":["R","M","M","M","M","R","T","R","M","E","M","?","$","?","M","BOSS"],"items_purchased_type":[],"build_version":"2020-12-22","purchased_purges":0,"victory":false,"max_hp_per_floor":[77,77,77,77,77,77,77,77,77,77,77,77,77,77,77,77,77,77],"relic_stats":{"counters":[10,44],"obtain_stats":[{"Du-Vu Doll":14,"downfall:HeartBlessingRed":6,"hexamod:SpiritBrand":0,"InkBottle":10,"hexamod:MatchstickCase":7},{"Du-Vu Doll":8,"downfall:HeartBlessingRed":4,"hexamod:SpiritBrand":0,"InkBottle":6,"hexamod:MatchstickCase":4},{"Du-Vu Doll":32,"downfall:HeartBlessingRed":12,"hexamod:SpiritBrand":0,"InkBottle":23,"hexamod:MatchstickCase":12}],"InkBottle":[5]},"card_choices":[{"not_picked":["hexamod:FastForward","hexamod:BurningTouch"],"picked":"hexamod:InspiringFlames","floor":2},{"not_picked":["hexamod:SpectersWail","hexamod:AdvancingGuard"],"picked":"hexamod:BacktrackSmack","floor":3},{"not_picked":["hexamod:InspiringFlames","hexamod:AdvancingGuard","hexamod:GhostShield"],"picked":"SKIP","floor":4},{"not_picked":["hexamod:HauntingEcho","hexamod:InspiringFlames"],"picked":"hexamod:HeatMetal","floor":5},{"not_picked":["hexamod:RecurringNightmare","hexamod:EtherealExpedition"],"picked":"hexamod:HeatCrush","floor":9},{"not_picked":["hexamod:RecurringNightmare","hexamod:NightmareStrike"],"picked":"hexamod:EtherealExpedition","floor":10},{"not_picked":["hexamod:RainOfEmbers","hexamod:Firestarter"],"picked":"hexamod:SkipABeat","floor":11},{"not_picked":["hexamod:Rewind","hexamod:Hexaguard"],"picked":"hexamod:ThirdSeal","floor":13},{"not_picked":["hexamod:EtherealExpedition","hexamod:HeatMetal"],"picked":"hexamod:FourthSeal","floor":15},{"not_picked":["hexamod:GhostLash","hexamod:Hexaguard"],"picked":"hexamod:SoulSteal","floor":15}],"player_experience":49098,"relics_obtained":[{"floor":7,"key":"hexamod:MatchstickCase"},{"floor":10,"key":"InkBottle"}],"event_choices":[],"is_beta":false,"boss_relics":[],"items_purged_floors":[],"is_endless":false,"potions_floor_spawned":[3,5,15],"killed_by":"DF_ARCHETYPE_STREAMLINE","ascension_level":0}}