{"host":"nuc2w1a7ik2yhkv2","time":1612201690,"event":{"mods":["Act Like it!","BaseMod","Downfall","Minty Spire (QoL Compilation)","Quick Restart","Rare Cards Sparkle","StSLib"],"gold_per_floor":[0,19,19,34,26,126,198,234,134,52,75,109,137,174,174,285,285,185,200,219,219,43,77,77,95,115,139,239,276,294,337,362,458,458,358,376,439,457,4,343,343,343,397,397,397,463,491,514,543,543,543,585,15,15,15,15],"floor_reached":57,"language":"ZHS","playtime":5546,"items_purged":["downfall:Bewildered","Normality","hexamod:Sear"],"score":1761,"play_id":"d45729cc-d6d0-42e0-a04b-bb0706d724bf","local_time":"20210202014810","is_ascension_mode":true,"campfire_choices":[{"data":"hexamod:Float","floor":1.0,"key":"SMITH"},{"floor":9.0,"key":"RECALL"},{"data":"hexamod:GhostOfSpirePast","floor":18.0,"key":"SMITH"},{"data":"hexamod:GiftsFromTheDead","floor":35.0,"key":"SMITH"},{"floor":42.0,"key":"REST"},{"data":"expansioncontent:StudyTheSpire","floor":44.0,"key":"SMITH"},{"data":"hexamod:GhostOfSpirePast","floor":54,"key":"SMITH"}],"circlet_count":0,"master_deck":["hexamod:Strike+1","hexamod:Strike+1","hexamod:Strike+1","hexamod:Defend+1","hexamod:Defend+1","hexamod:Float+1","hexamod:GhostOfSpirePast+1","hexamod:RetreatToShadows","hexamod:SoulSteal","hexamod:DynamicBlow+1","hexamod:ThirdSeal","hexamod:SwordOfDarkness+1","hexamod:SpectersWail+1","hexamod:GhostLash","hexamod:PhantomFireball","hexamod:HeatShield","hexamod:Haunt+1","hexamod:FlamesFromBeyond+1","hexamod:DynamicBlow","hexamod:ApocalypseNow","hexamod:WildfireWeapon+1","hexamod:HeatMetal+1","hexamod:AdvancingGuard+1","hexamod:GhostShield+1","hexamod:BurningTouch","expansioncontent:StudyTheSpire+1","hexamod:AdvancingGuard+1","hexamod:GiftsFromTheDead+1","hexamod:GhostOfSpirePast+1","hexamod:NightmareGuise+1","hexamod:Haunt+1","hexamod:Incineration+1","hexamod:Haunt+1","hexamod:GhostShield+1","hexamod:GhostShield+1","hexamod:BacktrackSmack+1","hexamod:Sear+1","hexamod:GhostShield","hexamod:ThirdSeal","hexamod:WildfireWeapon+1","Madness","hexamod:Hexaguard","hexamod:SpectralSpark+1","hexamod:FourthSeal","hexamod:VolcanoVisage+1","hexamod:Haunt","hexamod:Haunt","hexamod:Hexaguard+1","hexamod:GiftsFromTheDead+1","hexamod:ParanormalForm","hexamod:ParanormalForm","hexamod:SixthSeal","hexamod:Haunt","hexamod:FirstSeal","hexamod:ShieldOfDarkness+1","hexamod:GhostLash+1","hexamod:GhostOfSpirePast+1","hexamod:GhostShield","hexamod:Haunt+1","hexamod:GhostShield","hexamod:BacktrackSmack+1","hexamod:Haunt+1","hexamod:EtherealExpedition+1","hexamod:GhostShield+1","hexamod:GhostOfSpirePast+1","hexamod:BacktrackSmack+1","hexamod:BacktrackSmack","hexamod:Hexaguard","hexamod:BacktrackSmack","hexamod:VolcanoVisage","hexamod:GhostOfSpirePast+1","hexamod:BacktrackSmack","expansioncontent:DashGenerateEvil"],"relics":["hexamod:SpiritBrand","Thread and Needle","White Beast Statue","Bottled Lightning","downfall:HeartBlessingGreen","Ginger","Happy Flower","SacredBark","downfall:HeartBlessingRed","Question Card","downfall:GremlinSack","Sundial","Ancient Tea Set","Black Star","downfall:HeartBlessingBlue","StoneCalendar","Lantern","Akabeko","Old Coin","Art of War","Bird Faced Urn","CeramicFish","Dream Catcher","hexamod:TheBrokenSeal","CaptainsWheel","Incense Burner","Orichalcum","Bottled Tornado","Medical Kit"],"acts_visited":["Exordium","TheCity","TheBeyond","TheEnding"],"potions_floor_usage":[47,55],"damage_taken":[{"damage":0.0,"enemies":"Small Slimes","floor":2.0,"turns":4.0},{"damage":0.0,"enemies":"Cultist","floor":4.0,"turns":4.0},{"damage":15.0,"enemies":"Lagavulin","floor":8.0,"turns":7.0},{"damage":6.0,"enemies":"downfall:FleeingMerchant","floor":10.0,"turns":4.0},{"damage":0.0,"enemies":"2 Louse","floor":11.0,"turns":3.0},{"damage":14.0,"enemies":"3 Sentries","floor":12.0,"turns":6.0},{"damage":6.0,"enemies":"Blue Slaver","floor":13.0,"turns":2.0},{"damage":10.0,"enemies":"Gremlin Nob","floor":14.0,"turns":3.0},{"damage":6.0,"enemies":"Exordium Wildlife","floor":15.0,"turns":2.0},{"damage":7.0,"enemies":"WA_ARCHETYPE_RETAIN","floor":16.0,"turns":6.0},{"damage":6.0,"enemies":"3 Byrds","floor":19.0,"turns":4.0},{"damage":5.0,"enemies":"Shelled Parasite and Fungi","floor":20.0,"turns":2.0},{"damage":2.0,"enemies":"downfall:FleeingMerchant","floor":22.0,"turns":4.0},{"damage":6.0,"enemies":"Slavers","floor":23.0,"turns":4.0},{"damage":0.0,"enemies":"Centurion and Healer","floor":25.0,"turns":5.0},{"damage":0.0,"enemies":"Sentry and Sphere","floor":26.0,"turns":3.0},{"damage":9.0,"enemies":"Cultist and Chosen","floor":27.0,"turns":6.0},{"damage":7.0,"enemies":"Cultist and Chosen","floor":28.0,"turns":3.0},{"damage":17.0,"enemies":"Book of Stabbing","floor":29.0,"turns":6.0},{"damage":15.0,"enemies":"Snake Plant","floor":30.0,"turns":3.0},{"damage":22.0,"enemies":"Slavers","floor":31.0,"turns":5.0},{"damage":8.0,"enemies":"Snecko","floor":32.0,"turns":7.0},{"damage":7.0,"enemies":"DF_ARCHETYPE_CLAW","floor":33.0,"turns":6.0},{"damage":4.0,"enemies":"Orb Walker","floor":36.0,"turns":4.0},{"damage":79.0,"enemies":"2 Orb Walkers","floor":37.0,"turns":6.0},{"damage":5.0,"enemies":"3 Shapes","floor":38.0,"turns":3.0},{"damage":8.0,"enemies":"downfall:FleeingMerchant","floor":39.0,"turns":4.0},{"damage":6.0,"enemies":"Reptomancer","floor":40.0,"turns":4.0},{"damage":14.0,"enemies":"Nemesis","floor":43.0,"turns":7.0},{"damage":18,"enemies":"Giant Head","floor":46,"turns":7},{"damage":20,"enemies":"Writhing Mass","floor":47,"turns":4},{"damage":0,"enemies":"4 Shapes","floor":48,"turns":3},{"damage":0,"enemies":"Spire Growth","floor":49,"turns":4},{"damage":6,"enemies":"IC_BLOCK_ARCHETYPE","floor":50,"turns":6},{"damage":6,"enemies":"downfall:CharBossMerchant","floor":52,"turns":5},{"damage":0,"enemies":"downfall:NeowBoss","floor":55,"turns":7},{"damage":8,"enemies":"downfall:NeowBossFinal","floor":56,"turns":6}],"seed_played":"5672692934349824794","potions_obtained":[{"floor":2.0,"key":"SneckoOil"},{"floor":8.0,"key":"CultistPotion"},{"floor":8.0,"key":"EssenceOfSteel"},{"floor":10.0,"key":"bronze:BurnAndBuffPotion"},{"floor":10.0,"key":"PowerPotion"},{"floor":11.0,"key":"SpeedPotion"},{"floor":12.0,"key":"Weak Potion"},{"floor":12.0,"key":"Energy Potion"},{"floor":13.0,"key":"Fire Potion"},{"floor":14.0,"key":"SmokeBomb"},{"floor":16.0,"key":"hexamod:EctoCoolerPotion"},{"floor":16.0,"key":"Guardian:BlockOnCardUsePotion"},{"floor":19.0,"key":"hexamod:EctoCoolerPotion"},{"floor":19.0,"key":"BlessingOfTheForge"},{"floor":20.0,"key":"SneckoOil"},{"floor":22.0,"key":"Fire Potion"},{"floor":22.0,"key":"Regen Potion"},{"floor":23.0,"key":"Guardian:BlockOnCardUsePotion"},{"floor":23.0,"key":"GamblersBrew"},{"floor":25.0,"key":"Energy Potion"},{"floor":27.0,"key":"SneckoOil"},{"floor":28.0,"key":"EssenceOfSteel"},{"floor":29.0,"key":"FairyPotion"},{"floor":29.0,"key":"LiquidBronze"},{"floor":30.0,"key":"PowerPotion"},{"floor":31.0,"key":"Regen Potion"},{"floor":32.0,"key":"FairyPotion"},{"floor":32.0,"key":"SneckoOil"},{"floor":33.0,"key":"PowerPotion"},{"floor":37.0,"key":"bronze:BurnAndBuffPotion"},{"floor":38.0,"key":"Slimebound:ThreeZeroPotion"},{"floor":38.0,"key":"AttackPotion"},{"floor":39.0,"key":"champ:CounterPotion"},{"floor":39.0,"key":"Fire Potion"},{"floor":40.0,"key":"SteroidPotion"},{"floor":43.0,"key":"bronze:BurnAndBuffPotion"},{"floor":46,"key":"BlessingOfTheForge"},{"floor":47,"key":"hexamod:EctoCoolerPotion"},{"floor":48,"key":"Swift Potion"},{"floor":49,"key":"SkillPotion"}],"is_trial":false,"path_per_floor":["R","M","?","M","?","?","T","E","R","$","M","E","M","E","M","B",null,"R","M","M","?","$","E","T","M","M","M","?","E","M","E","M","B",null,"R","M","?","M","?","E","T","R","E","R","?","E","M","M","M","B",null,"E","$","R","B","B",null],"character_chosen":"THE_SPIRIT","items_purchased":["expansioncontent:StudyTheSpire","hexamod:EctoCoolerPotion","Lantern","Akabeko","hexamod:GhostOfSpirePast","Medical Kit","hexamod:BacktrackSmack","expansioncontent:DashGenerateEvil"],"campfire_rested":1,"item_purchase_floors":[22,39,39,39,53,53,53,53],"current_hp_per_floor":[70,70,70,70,63,63,63,55,55,56,63,56,57,54,48,48,70,70,70,65,65,63,70,70,70,70,68,68,58,43,28,70,70,70,80,76,48,43,35,36,36,60,80,80,90,100,86,94,100,100,100,100,100,100,100,100],"gold":15,"neow_bonus":"ONE_RARE_RELIC","is_daily":false,"chose_seed":false,"campfire_upgraded":5,"win_rate":0.0,"timestamp":1612201690,"path_taken":["R","M","?","?","?","?","T","E","R","?","M","E","M","E","M","BOSS","R","M","?","?","?","E","T","M","?","M","?","E","M","E","M","BOSS","R","M","?","M","?","E","T","R","E","R","?","E","?","M","M","BOSS","E","$","R","BOSS","BOSS"],"items_purchased_type":["Card","Potion","Relic","Relic","Card","Relic","Card","Card"],"build_version":"2020-12-22","purchased_purges":3,"victory":true,"max_hp_per_floor":[70,70,70,70,70,70,70,70,70,70,70,70,70,70,70,70,70,70,70,70,70,70,70,70,70,70,70,70,70,70,70,70,70,70,80,80,80,80,80,80,80,80,80,80,90,100,100,100,100,100,100,100,100,100,100,100],"card_choices":[{"not_picked":["hexamod:GhostLash","hexamod:HeatMetal"],"picked":"hexamod:GhostOfSpirePast","floor":2.0},{"not_picked":["hexamod:Again","hexamod:FastForward"],"picked":"hexamod:SoulSteal","floor":4.0},{"not_picked":["hexamod:SuperheatedStrike","hexamod:InspiringFlames"],"picked":"hexamod:DynamicBlow","floor":8.0},{"not_picked":["hexamod:InspiringFlames","hexamod:SuperheatedStrike"],"picked":"hexamod:ThirdSeal","floor":8.0},{"not_picked":["hexamod:FourthSeal","hexamod:ShieldOfDarkness"],"picked":"hexamod:SwordOfDarkness","floor":10.0},{"not_picked":["hexamod:EtherealExpedition","hexamod:GhostOfSpireFuture"],"picked":"hexamod:SpectersWail","floor":10.0},{"not_picked":["hexamod:HeatShield","hexamod:FastForward"],"picked":"hexamod:SixthSeal","floor":10.0},{"not_picked":["hexamod:ThermalTransfer","hexamod:GhostOfSpireFuture"],"picked":"hexamod:GhostLash","floor":11.0},{"not_picked":["hexamod:SpectersWail","hexamod:RainOfEmbers"],"picked":"hexamod:PhantomFireball","floor":11.0},{"not_picked":["hexamod:NecessarySacrifice","hexamod:Toasty"],"picked":"hexamod:HeatShield","floor":12.0},{"not_picked":["hexamod:BurningTouch","hexamod:GhostOfSpirePresent"],"picked":"hexamod:Haunt","floor":12.0},{"not_picked":["hexamod:HauntingEcho","hexamod:FirstSeal"],"picked":"hexamod:FlamesFromBeyond","floor":13.0},{"not_picked":["hexamod:ThermalTransfer","hexamod:HeatMetal"],"picked":"hexamod:DynamicBlow","floor":14.0},{"not_picked":["hexamod:PhantomCloak","hexamod:SkipABeat","hexamod:Again"],"picked":"SKIP","floor":14.0},{"not_picked":["hexamod:GiftsFromTheDead","hexamod:VolcanoVisage"],"picked":"hexamod:ApocalypseNow","floor":16.0},{"not_picked":["hexamod:TimeWarp","hexamod:GiftsFromTheDead"],"picked":"hexamod:WildfireWeapon","floor":16.0},{"not_picked":["hexamod:BurningTouch+1","hexamod:SecondSeal"],"picked":"hexamod:HeatMetal+1","floor":19.0},{"not_picked":["hexamod:InspiringFlames","hexamod:SecondSeal","hexamod:CatchUp"],"picked":"SKIP","floor":19.0},{"not_picked":["hexamod:SpectersWail","hexamod:FlamesFromBeyond"],"picked":"hexamod:AdvancingGuard","floor":20.0},{"not_picked":["hexamod:EmpoweredFlame","hexamod:ShieldOfDarkness","hexamod:Again"],"picked":"SKIP","floor":20.0},{"not_picked":["hexamod:Rewind","hexamod:BurningTouch+1"],"picked":"hexamod:GhostShield+1","floor":22.0},{"not_picked":["hexamod:WildfireWeapon","hexamod:StepThrough+1"],"picked":"hexamod:BurningTouch","floor":22.0},{"not_picked":["hexamod:Incineration","hexamod:NightmareStrike"],"picked":"hexamod:AdvancingGuard+1","floor":23.0},{"not_picked":["hexamod:BacktrackSmack+1","hexamod:RainOfEmbers"],"picked":"hexamod:GiftsFromTheDead","floor":23.0},{"not_picked":["hexamod:FourthSeal","hexamod:SuperheatedStrike"],"picked":"hexamod:GhostOfSpirePast+1","floor":23.0},{"not_picked":["hexamod:CatchUp","hexamod:SpectralAdrenaline","hexamod:NightmareStrike"],"picked":"hexamod:NightmareGuise","floor":25.0},{"not_picked":["hexamod:SwordOfDarkness","hexamod:SuperheatedStrike","hexamod:BurningTouch","hexamod:NightmareStrike"],"picked":"SKIP","floor":25.0},{"not_picked":["hexamod:NightmareGuise+1","hexamod:DynamicBlow","hexamod:Rewind"],"picked":"hexamod:Haunt","floor":26.0},{"not_picked":["hexamod:CatchUp","hexamod:BacktrackSmack","hexamod:HeatMetal"],"picked":"hexamod:Incineration","floor":26.0},{"not_picked":["hexamod:SwordOfDarkness","hexamod:SkipABeat+1","hexamod:NightmareGuise+1","hexamod:SixthSeal"],"picked":"SKIP","floor":26.0},{"not_picked":["hexamod:NightmareGuise","hexamod:HeatMetal","hexamod:HauntingEcho+1"],"picked":"hexamod:Haunt+1","floor":27.0},{"not_picked":["hexamod:Firestarter","hexamod:Again","hexamod:FlamesFromBeyond"],"picked":"hexamod:GhostShield","floor":27.0},{"not_picked":["hexamod:AdvancingGuard","hexamod:ForkedFlame","hexamod:BacktrackSmack"],"picked":"hexamod:GhostShield+1","floor":27.0},{"not_picked":["hexamod:GhostflameBarrier","hexamod:SkipABeat","hexamod:FlamesFromBeyond"],"picked":"hexamod:BacktrackSmack+1","floor":28.0},{"not_picked":["hexamod:SwordOfDarkness","hexamod:HeatCrush","hexamod:SpectersWail+1"],"picked":"hexamod:Hexaguard","floor":29.0},{"not_picked":["hexamod:HauntingEcho","hexamod:BurningTouch","hexamod:Hexaguard"],"picked":"hexamod:SpectralSpark+1","floor":29.0},{"not_picked":["hexamod:GhostOfSpireFuture","hexamod:Again+1","hexamod:Firestarter","hexamod:InspiringFlames"],"picked":"SKIP","floor":29.0},{"not_picked":["hexamod:ShieldOfDarkness","hexamod:GhostShield","hexamod:SuperheatedStrike+1"],"picked":"hexamod:FourthSeal","floor":30.0},{"not_picked":["hexamod:SuperheatedStrike","hexamod:SecondSeal","hexamod:AdvancingGuard"],"picked":"hexamod:VolcanoVisage","floor":31.0},{"not_picked":["hexamod:PhantomCloak","hexamod:SoulSteal","hexamod:PhantomFireball+1","hexamod:ThermalTransfer"],"picked":"SKIP","floor":31.0},{"not_picked":["hexamod:GhostShield+1","hexamod:SkipABeat","hexamod:FlamesFromBeyond"],"picked":"hexamod:Haunt","floor":32.0},{"not_picked":["hexamod:HeatMetal+1","hexamod:FourthSeal","hexamod:SpectersWail"],"picked":"hexamod:Haunt","floor":32.0},{"not_picked":["hexamod:ShieldOfDarkness+1","hexamod:Incineration+1","hexamod:SpectralAdrenaline"],"picked":"hexamod:Hexaguard","floor":32.0},{"not_picked":["hexamod:HauntingEcho","hexamod:GhostLash+1","hexamod:ThermalTransfer"],"picked":"hexamod:GiftsFromTheDead","floor":32.0},{"not_picked":["hexamod:ForkedFlame","hexamod:UnleashSpirits","hexamod:ParanormalForm"],"picked":"hexamod:FifthSeal","floor":33.0},{"not_picked":["hexamod:WildfireWeapon","hexamod:GhostflameInferno","hexamod:HexaLevel"],"picked":"hexamod:ParanormalForm","floor":33.0},{"not_picked":["hexamod:ForkedFlame","hexamod:HexaLevel","hexamod:TimeWarp"],"picked":"hexamod:ParanormalForm","floor":33.0},{"not_picked":["hexamod:UnlimitedPower","hexamod:TimeWarp","hexamod:HexaLevel"],"picked":"hexamod:SixthSeal","floor":33.0},{"not_picked":["hexamod:SpectersWail+1","hexamod:SpectralSpark+1","hexamod:SuperheatedStrike+1","hexamod:GhostLash"],"picked":"SKIP","floor":36.0},{"not_picked":["hexamod:HauntingEcho","hexamod:SwordOfDarkness+1","hexamod:CatchUp+1"],"picked":"hexamod:Haunt","floor":37.0},{"not_picked":["hexamod:ThirdSeal","hexamod:SixthSeal"],"picked":"hexamod:FirstSeal","floor":38.0},{"not_picked":["hexamod:SwordOfDarkness","hexamod:ThermalTransfer","hexamod:NecessarySacrifice"],"picked":"hexamod:ShieldOfDarkness+1","floor":38.0},{"not_picked":["hexamod:SearingWound","hexamod:Firestarter+1","hexamod:SuperheatedStrike"],"picked":"hexamod:GhostLash+1","floor":39.0},{"not_picked":["hexamod:ChargedBarrage","hexamod:EtherealExpedition","hexamod:HeatMetal+1"],"picked":"hexamod:GhostOfSpirePast+1","floor":39.0},{"not_picked":["hexamod:GhostLash","hexamod:ShieldOfDarkness+1","hexamod:SpectersWail+1","hexamod:Incineration"],"picked":"SKIP","floor":39.0},{"not_picked":["hexamod:NightmareGuise+1","hexamod:SkipABeat","hexamod:DynamicBlow"],"picked":"hexamod:GhostShield","floor":40.0},{"not_picked":["hexamod:HeatCrush","hexamod:ApocalypticArmor","hexamod:Incineration"],"picked":"hexamod:Haunt+1","floor":40.0},{"not_picked":["hexamod:NightmareGuise","hexamod:Incineration+1","hexamod:NightmareStrike","hexamod:UnlimitedPower"],"picked":"SKIP","floor":40.0},{"not_picked":["hexamod:PhantomCloak","hexamod:NightmareStrike","hexamod:SpectralSpark+1"],"picked":"hexamod:GhostShield","floor":43.0},{"not_picked":["hexamod:FlamesFromBeyond","hexamod:ThermalTransfer+1","hexamod:Firestarter"],"picked":"hexamod:BacktrackSmack+1","floor":43.0},{"not_picked":["hexamod:GhostLash","hexamod:SoulSteal+1","hexamod:NightmareGuise+1","hexamod:Firestarter"],"picked":"SKIP","floor":43.0},{"not_picked":["hexamod:StepThrough","hexamod:TimeWarp","hexamod:GhostOfSpirePast"],"picked":"hexamod:Haunt+1","floor":46},{"not_picked":["hexamod:Haunt","hexamod:ThermalTransfer","hexamod:ParanormalForm"],"picked":"hexamod:EtherealExpedition+1","floor":46},{"not_picked":["hexamod:NightmareStrike","hexamod:ForkedFlame","hexamod:ShieldOfDarkness+1"],"picked":"hexamod:GhostShield","floor":46},{"not_picked":["hexamod:HeatMetal","hexamod:SwordOfDarkness","hexamod:Incineration+1","hexamod:FlamesFromBeyond+1"],"picked":"SKIP","floor":46},{"not_picked":["hexamod:NightmareStrike","hexamod:FirstSeal","hexamod:ThermalTransfer+1"],"picked":"hexamod:GhostOfSpirePast+1","floor":47},{"not_picked":["hexamod:ShieldOfDarkness+1","hexamod:GhostLash","hexamod:FastForward+1"],"picked":"hexamod:BacktrackSmack+1","floor":47},{"not_picked":["hexamod:FastForward","hexamod:BurningTouch","hexamod:Firestarter","hexamod:SuperheatedStrike"],"picked":"SKIP","floor":47},{"not_picked":["hexamod:FirstSeal","hexamod:GhostShield+1","hexamod:NightmareGuise"],"picked":"hexamod:BacktrackSmack","floor":48},{"not_picked":["hexamod:FlamesFromBeyond+1","hexamod:PhantomCloak","hexamod:SkipABeat"],"picked":"hexamod:Hexaguard","floor":49},{"not_picked":["hexamod:Haunt+1","hexamod:NightmareStrike+1","hexamod:FirstSeal"],"picked":"hexamod:BacktrackSmack","floor":49},{"not_picked":["hexamod:FastForward+1","hexamod:SwordOfDarkness+1","hexamod:Firestarter"],"picked":"hexamod:VolcanoVisage","floor":52}],"player_experience":922618,"relics_obtained":[{"floor":7.0,"key":"White Beast Statue"},{"floor":8.0,"key":"Bottled Lightning"},{"floor":12.0,"key":"Ginger"},{"floor":14.0,"key":"Happy Flower"},{"floor":23.0,"key":"Question Card"},{"floor":28.0,"key":"downfall:GremlinSack"},{"floor":29.0,"key":"Sundial"},{"floor":31.0,"key":"Ancient Tea Set"},{"floor":37.0,"key":"StoneCalendar"},{"floor":40.0,"key":"Old Coin"},{"floor":40.0,"key":"Art of War"},{"floor":41.0,"key":"Bird Faced Urn"},{"floor":43.0,"key":"CeramicFish"},{"floor":43.0,"key":"Dream Catcher"},{"floor":46,"key":"CaptainsWheel"},{"floor":46,"key":"Incense Burner"},{"floor":52,"key":"Orichalcum"},{"floor":52,"key":"Bottled Tornado"}],"event_choices":[{"damage_healed":0.0,"max_hp_gain":0.0,"max_hp_loss":0.0,"gold_gain":0.0,"event_name":"Mysterious Sphere","player_choice":"Fight","floor":37.0,"gold_loss":0.0,"damage_taken":0.0},{"cards_removed":["hexamod:TurnItUp"],"damage_healed":0.0,"max_hp_gain":10.0,"max_hp_loss":0.0,"gold_gain":0.0,"event_name":"Bonfire Elementals","player_choice":"Offered Rare","floor":45.0,"gold_loss":0.0,"damage_taken":0.0}],"is_beta":false,"boss_relics":[{"not_picked":["Velvet Choker","Astrolabe"],"picked":"SacredBark"},{"not_picked":["Fusion Hammer","Runic Dome"],"picked":"Black Star"}],"items_purged_floors":[10,39,53],"is_endless":false,"potions_floor_spawned":[2,8,10,11,12,13,14,15,16,19,20,22,23,25,26,27,28,29,30,31,32,33,36,37,38,39,40,43,46,47,48,49,52],"ascension_level":2}}