{"host":"eswokialmqjd9jwx","time":1612193007,"event":{"mods":["AchievementEnabler","BaseMod","Colored Map","DeckTracker","KOR Keyword Fix","Minty Spire (QoL Compilation)","StSLib","SuperFastMode"],"gold_per_floor":[117,134,134,8,22,53,53,53,53],"floor_reached":8,"language":"KOR","playtime":150,"items_purged":["Defend_G"],"score":112,"play_id":"50fafafe-7a59-4fce-996d-86133cb1ae42","local_time":"20210202002327","is_ascension_mode":true,"campfire_choices":[],"circlet_count":0,"master_deck":["AscendersBane","Strike_G","Strike_G","Strike_G","Strike_G","Strike_G","Defend_G","Defend_G","Defend_G","Defend_G","Survivor","Neutralize","Reflex","Underhanded Strike","Acrobatics","Dagger Throw","Concentrate"],"relics":["Ring of the Snake","NeowsBlessing","Lantern","Mango"],"acts_visited":["Exordium"],"potions_floor_usage":[],"damage_taken":[{"damage":0,"enemies":"Jaw Worm","floor":1,"turns":1},{"damage":0,"enemies":"Cultist","floor":2,"turns":1},{"damage":0,"enemies":"Small Slimes","floor":5,"turns":1},{"damage":29,"enemies":"Gremlin Nob","floor":6,"turns":4},{"damage":43,"enemies":"Lagavulin","floor":8,"turns":8}],"seed_played":"-1369892622282246529","potions_obtained":[{"floor":1,"key":"Ancient Potion"}],"is_trial":false,"path_per_floor":["M","M","?","$","M","E","$","E"],"character_chosen":"THE_SILENT","items_purchased":["Acrobatics"],"campfire_rested":0,"item_purchase_floors":[4],"current_hp_per_floor":[59,59,59,59,59,44,44,1,1],"gold":53,"neow_bonus":"THREE_ENEMY_KILL","is_daily":false,"chose_seed":false,"campfire_upgraded":0,"win_rate":0.0,"timestamp":1612193007,"path_taken":["M","M","?","$","?","E","?","E"],"items_purchased_type":["Card"],"build_version":"2020-12-22","purchased_purges":1,"victory":false,"max_hp_per_floor":[66,66,66,66,66,80,80,80,80],"card_choices":[{"not_picked":["Footwork","Accuracy"],"picked":"Reflex","floor":1},{"not_picked":["Flying Knee","Sucker Punch"],"picked":"Underhanded Strike","floor":2},{"not_picked":["Cloak And Dagger","Setup"],"picked":"Dagger Throw","floor":5},{"not_picked":["Setup","Terror"],"picked":"Concentrate","floor":6}],"player_experience":1175245,"relics_obtained":[{"floor":6,"key":"Mango"}],"event_choices":[{"damage_healed":0,"gold_gain":0,"player_choice":"Gave Potion","damage_taken":0,"relics_obtained":["Lantern"],"max_hp_gain":0,"max_hp_loss":0,"event_name":"WeMeetAgain","floor":3,"gold_loss":0}],"is_beta":false,"boss_relics":[],"items_purged_floors":[4],"is_endless":false,"potions_floor_spawned":[1],"killed_by":"Lagavulin","ascension_level":20}}