{"host":"2se5dq1do2gp0x9k","time":1612158891,"event":{"mods":["AchievementEnabler","BaseMod","Block Reminder","Colored Map","Colored Powertips","Minty Spire (QoL Compilation)","Relic Stats","StSLib","SuperFastMode"],"gold_per_floor":[112,37,37,48,59,84,84,116,141,474,474,493,159,159,159,236,236,250,250,93,93,108,108,120,153,153,153,187,206,231,250,250,327,327,338,349,349,349],"floor_reached":37,"language":"ENG","playtime":1531,"items_purged":["Strike_G"],"score":894,"play_id":"c30d58d2-4f90-48e2-9d0a-a34ad5155346","local_time":"20210131215451","is_ascension_mode":true,"campfire_choices":[{"data":"Apotheosis","floor":7,"key":"SMITH"},{"floor":11,"key":"REST"},{"floor":15,"key":"REST"},{"floor":23,"key":"RECALL"},{"floor":27,"key":"REST"},{"floor":32,"key":"REST"}],"circlet_count":0,"master_deck":["AscendersBane","Strike_G+1","Defend_G","Defend_G","Defend_G","Defend_G","Defend_G","Survivor","Neutralize","Apotheosis+1","Slice","Wraith Form v2","Flying Knee","Skewer","Noxious Fumes","Flying Knee+1","Terror","Calculated Gamble","Tactician","Acrobatics","Venomology","Backflip","CutThroughFate","Coolheaded","Panacea","Glacier+1","Coolheaded","Malaise","PiercingWail","Finesse"],"relics":["Ring of the Snake","Akabeko","PreservedInsect","Art of War","Old Coin","Vajra","Fusion Hammer","PrismaticShard","Whetstone","Bottled Tornado","Bag of Marbles","Empty Cage"],"acts_visited":["Exordium","TheCity","TheBeyond"],"potions_floor_usage":[24,25,25,28,29,30,30,31,33,33,33,37,37,37],"damage_taken":[{"damage":9,"enemies":"2 Louse","floor":1,"turns":3},{"damage":1,"enemies":"Jaw Worm","floor":4,"turns":4},{"damage":0,"enemies":"Cultist","floor":5,"turns":4},{"damage":19,"enemies":"Lagavulin","floor":6,"turns":7},{"damage":2,"enemies":"Gremlin Nob","floor":8,"turns":5},{"damage":14,"enemies":"3 Sentries","floor":10,"turns":7},{"damage":0,"enemies":"Exordium Wildlife","floor":12,"turns":2},{"damage":9,"enemies":"The Guardian","floor":16,"turns":7},{"damage":5,"enemies":"Shell Parasite","floor":18,"turns":2},{"damage":0,"enemies":"Spheric Guardian","floor":22,"turns":4},{"damage":0,"enemies":"Snake Plant","floor":24,"turns":4},{"damage":35,"enemies":"Gremlin Leader","floor":25,"turns":5},{"damage":9,"enemies":"Slavers","floor":28,"turns":4},{"damage":8,"enemies":"Chosen and Byrds","floor":29,"turns":6},{"damage":1,"enemies":"Book of Stabbing","floor":30,"turns":4},{"damage":1,"enemies":"3 Cultists","floor":31,"turns":5},{"damage":23,"enemies":"Automaton","floor":33,"turns":10},{"damage":26,"enemies":"3 Darklings","floor":35,"turns":7},{"damage":10,"enemies":"Orb Walker","floor":36,"turns":5},{"damage":17,"enemies":"Transient","floor":37,"turns":2}],"seed_played":"4103303793911764369","potions_obtained":[{"floor":10,"key":"ColorlessPotion"},{"floor":12,"key":"SpeedPotion"},{"floor":18,"key":"Regen Potion"},{"floor":21,"key":"Poison Potion"},{"floor":28,"key":"Dexterity Potion"},{"floor":30,"key":"Dexterity Potion"},{"floor":33,"key":"CultistPotion"},{"floor":35,"key":"EntropicBrew"}],"is_trial":false,"path_per_floor":["M","?","?","M","M","E","R","E","T","E","R","M","$","?","R","B",null,"M","?","$","?","M","R","M","E","T","R","E","M","E","M","R","B",null,"M","M","M"],"character_chosen":"THE_SILENT","items_purchased":["Tactician","Acrobatics","Vajra","PrismaticShard"],"campfire_rested":4,"item_purchase_floors":[13,13,13,20],"current_hp_per_floor":[50,50,50,49,49,30,30,28,28,14,32,32,32,32,50,41,55,50,50,50,50,50,50,50,29,29,47,38,30,29,28,46,23,51,25,15,0,0],"gold":349,"neow_bonus":"RANDOM_COLORLESS_2","is_daily":false,"chose_seed":false,"campfire_upgraded":1,"win_rate":0.0,"timestamp":1612158891,"path_taken":["M","?","?","M","?","E","R","E","T","E","R","M","$","?","R","BOSS","M","?","$","?","M","R","M","E","T","R","E","M","E","?","R","BOSS","M","M","M"],"items_purchased_type":["Card","Card","Relic","Relic"],"build_version":"2020-12-22","purchased_purges":1,"victory":false,"max_hp_per_floor":[60,60,60,60,60,60,60,60,60,60,60,60,60,60,60,60,60,60,60,60,60,60,60,60,60,60,60,60,60,60,60,60,60,60,60,60,60,60],"relic_stats":{"counters":[20,97],"PreservedInsect":167,"Art of War":[11],"Whetstone":["Flying Knee","Strike_G"],"obtain_stats":[{"Vajra":13,"PreservedInsect":8,"Fusion Hammer":17,"Art of War":9,"Bag of Marbles":30,"Whetstone":25,"Bottled Tornado":26,"PrismaticShard":20,"Empty Cage":34,"Akabeko":6,"Ring of the Snake":0,"Old Coin":10},{"Vajra":7,"PreservedInsect":5,"Fusion Hammer":8,"Art of War":5,"Bag of Marbles":15,"Whetstone":12,"Bottled Tornado":12,"PrismaticShard":9,"Empty Cage":17,"Akabeko":4,"Ring of the Snake":0,"Old Coin":6},{"Vajra":32,"PreservedInsect":23,"Fusion Hammer":39,"Art of War":23,"Bag of Marbles":68,"Whetstone":54,"Bottled Tornado":54,"PrismaticShard":41,"Empty Cage":83,"Akabeko":18,"Ring of the Snake":0,"Old Coin":30}],"Ring of the Snake":[40]},"card_choices":[{"not_picked":["Transmutation","Chrysalis"],"picked":"Apotheosis","floor":0},{"not_picked":["Concentrate","Quick Slash"],"picked":"Slice","floor":1},{"not_picked":["Quick Slash","Accuracy"],"picked":"Flying Knee","floor":4},{"not_picked":["Setup","Accuracy"],"picked":"Skewer","floor":5},{"not_picked":["Dagger Throw","Cloak And Dagger"],"picked":"Noxious Fumes","floor":6},{"not_picked":["Skewer","Bouncing Flask"],"picked":"Flying Knee","floor":8},{"not_picked":["Distraction","Envenom"],"picked":"Terror","floor":10},{"not_picked":["Slice","Skewer"],"picked":"Calculated Gamble","floor":12},{"not_picked":["Envenom","Grand Finale"],"picked":"Venomology","floor":16},{"not_picked":["Dodge and Roll","Underhanded Strike"],"picked":"Backflip","floor":18},{"not_picked":["Stack","Pommel Strike","Rupture+1"],"picked":"SKIP","floor":22},{"not_picked":["DeceiveReality","Stack"],"picked":"CutThroughFate","floor":24},{"not_picked":["Swift Strike","Rebound"],"picked":"Coolheaded","floor":25},{"not_picked":["Immolate","Streamline+1","Scrape"],"picked":"SKIP","floor":28},{"not_picked":["BowlingBash","Rage"],"picked":"Panacea","floor":29},{"not_picked":["Slice","Backflip"],"picked":"Glacier+1","floor":30},{"not_picked":["Noxious Fumes","Battle Trance"],"picked":"Coolheaded","floor":31},{"not_picked":["Brutality","Establishment"],"picked":"Malaise","floor":33},{"not_picked":["CutThroughFate","Havoc"],"picked":"PiercingWail","floor":35},{"not_picked":["FlurryOfBlows","Underhanded Strike+1"],"picked":"Finesse","floor":36}],"player_experience":4037677,"relics_obtained":[{"floor":6,"key":"Akabeko"},{"floor":8,"key":"PreservedInsect"},{"floor":9,"key":"Art of War"},{"floor":10,"key":"Old Coin"},{"floor":25,"key":"Whetstone"},{"floor":26,"key":"Bottled Tornado"},{"floor":30,"key":"Bag of Marbles"}],"event_choices":[{"cards_removed":["Strike_G"],"damage_healed":0,"gold_gain":0,"player_choice":"Card Removal","damage_taken":0,"max_hp_gain":0,"max_hp_loss":0,"event_name":"The Cleric","floor":2,"gold_loss":75},{"damage_healed":0,"gold_gain":0,"player_choice":"1 cards matched","damage_taken":0,"max_hp_gain":0,"max_hp_loss":0,"event_name":"Match and Keep!","floor":3,"gold_loss":0,"cards_obtained":["Wraith Form v2"]},{"damage_healed":0,"gold_gain":0,"player_choice":"Ignored","damage_taken":0,"max_hp_gain":0,"max_hp_loss":0,"event_name":"Shining Light","floor":14,"gold_loss":0},{"damage_healed":0,"gold_gain":0,"player_choice":"Ignored","damage_taken":0,"max_hp_gain":0,"max_hp_loss":0,"event_name":"The Mausoleum","floor":19,"gold_loss":0},{"damage_healed":0,"gold_gain":0,"player_choice":"Got Potions","damage_taken":0,"max_hp_gain":0,"max_hp_loss":0,"event_name":"Lab","floor":21,"gold_loss":0}],"is_beta":false,"boss_relics":[{"not_picked":["Runic Dome","Ring of the Serpent"],"picked":"Fusion Hammer"},{"not_picked":["Cursed Key","HoveringKite"],"picked":"Empty Cage"}],"items_purged_floors":[13],"is_endless":false,"potions_floor_spawned":[10,12,16,18,28,30,33,35],"killed_by":"Transient","ascension_level":20}}