{"host":"3jpwrwmmgyabjceh","time":1612201660,"event":{"mods":["AchievementEnabler","BaseMod","Colored Map","Colored Powertips","Highlight Path","Minty Spire (QoL Compilation)","Quick Restart","Relic Stats","StSLib","SuperFastMode"],"gold_per_floor":[363,363,381,456,156,182,182,30,102,127,160,180,180,196,196,294,294,313,176,194,204,119,145,145,145],"floor_reached":24,"language":"ENG","playtime":870,"items_purged":["Strike_P","Defend_P"],"score":485,"play_id":"97799eba-128c-4113-9b7b-fc3abf63d312","local_time":"20210201204740","is_ascension_mode":true,"campfire_choices":[{"data":"Wallop","floor":7.0,"key":"SMITH"},{"floor":13,"key":"REST"},{"data":"Weave","floor":15,"key":"SMITH"}],"circlet_count":0,"master_deck":["Strike_P","Strike_P","Strike_P","Defend_P","Defend_P","Defend_P","Eruption","Vigilance","CarveReality","DeceiveReality","Wallop+1","Protect","BowlingBash","Halt","Weave+1","JustLucky","Omniscience","TalkToTheHand+1","FearNoEvil","ReachHeaven+1"],"relics":["PureWater","Centennial Puzzle","WingedGreaves","Bag of Marbles","Question Card","StrikeDummy","Tiny Chest","Fusion Hammer","Potion Belt","Dream Catcher"],"acts_visited":["Exordium","TheCity"],"potions_floor_usage":[16,20,24],"damage_taken":[{"damage":2.0,"enemies":"Jaw Worm","floor":1.0,"turns":3.0},{"damage":0.0,"enemies":"2 Louse","floor":3.0,"turns":2.0},{"damage":18.0,"enemies":"Gremlin Nob","floor":6.0,"turns":4.0},{"damage":16,"enemies":"Lagavulin","floor":10,"turns":6},{"damage":16,"enemies":"Gremlin Nob","floor":11,"turns":4},{"damage":0,"enemies":"Cultist","floor":12,"turns":2},{"damage":0,"enemies":"Red Slaver","floor":14,"turns":3},{"damage":2,"enemies":"Hexaghost","floor":16,"turns":9},{"damage":0,"enemies":"Chosen","floor":18,"turns":4},{"damage":12,"enemies":"2 Thieves","floor":20,"turns":5},{"damage":4,"enemies":"Shelled Parasite and Fungi","floor":21,"turns":5},{"damage":0,"enemies":"Book of Stabbing","floor":23,"turns":4},{"damage":47,"enemies":"Gremlin Leader","floor":24,"turns":6}],"seed_played":"-7241169274002356393","potions_obtained":[{"floor":1.0,"key":"EssenceOfSteel"},{"floor":6.0,"key":"Dexterity Potion"},{"floor":12,"key":"SteroidPotion"},{"floor":14,"key":"CultistPotion"},{"floor":16,"key":"PowerPotion"}],"is_trial":false,"path_per_floor":["M","?","M","?","$","E","R","$","T","E","E","M","R","M","R","B",null,"M","$","M","M","?","E","E"],"character_chosen":"WATCHER","items_purchased":["Wallop","Centennial Puzzle","Bag of Marbles","FearNoEvil"],"campfire_rested":1,"item_purchase_floors":[5,5,8,19],"current_hp_per_floor":[63,63,63,52,52,34,34,34,34,18,2,2,21,21,21,19,54,54,54,42,38,38,38,0,0],"gold":145,"neow_bonus":"TWO_FIFTY_GOLD","is_daily":false,"chose_seed":false,"campfire_upgraded":2,"win_rate":0.0,"timestamp":1612201660,"path_taken":["M","?","M","?","?","E","R","$","T","E","E","M","R","M","R","BOSS","M","$","M","M","?","E","E"],"items_purchased_type":["Card","Relic","Relic","Card"],"build_version":"2020-12-22","purchased_purges":2,"victory":false,"max_hp_per_floor":[65,65,65,65,65,65,65,65,65,65,65,65,65,65,65,65,65,65,65,65,65,65,65,65,65],"relic_stats":{"Centennial Puzzle":[21],"Dream Catcher":0,"counters":[13,57],"Tiny Chest":0,"Question Card":9,"obtain_stats":[{"Potion Belt":22,"Centennial Puzzle":5,"Dream Catcher":23,"Tiny Chest":11,"WingedGreaves":6,"Fusion Hammer":17,"Bag of Marbles":8,"PureWater":0,"Question Card":9,"StrikeDummy":10},{"Potion Belt":11,"Centennial Puzzle":2,"Dream Catcher":12,"Tiny Chest":5,"WingedGreaves":3,"Fusion Hammer":8,"Bag of Marbles":3,"PureWater":0,"Question Card":3,"StrikeDummy":4},{"Potion Belt":47,"Centennial Puzzle":5,"Dream Catcher":51,"Tiny Chest":19,"WingedGreaves":9,"Fusion Hammer":33,"Bag of Marbles":9,"PureWater":0,"Question Card":9,"StrikeDummy":15}]},"card_choices":[{"not_picked":["JustLucky","Adaptation"],"picked":"CarveReality","floor":1.0},{"not_picked":["Meditate","Halt"],"picked":"DeceiveReality","floor":3.0},{"not_picked":["InnerPeace","Blasphemy"],"picked":"Protect","floor":6.0},{"not_picked":["PathToVictory","SashWhip","CarveReality"],"picked":"BowlingBash","floor":10},{"not_picked":["DeceiveReality","Devotion","Indignation"],"picked":"Halt","floor":11},{"not_picked":["ForeignInfluence","EmptyMind","PathToVictory"],"picked":"Weave","floor":12},{"not_picked":["FollowUp","CrushJoints","FlyingSleeves"],"picked":"JustLucky","floor":14},{"not_picked":["Blasphemy","Brilliance","Scrawl"],"picked":"Omniscience","floor":16},{"not_picked":["BowlingBash","PathToVictory","Consecrate+1"],"picked":"TalkToTheHand+1","floor":18},{"not_picked":["Swivel","FlyingSleeves","WindmillStrike"],"picked":"ReachHeaven+1","floor":20},{"not_picked":["EmptyBody","CrushJoints+1","EmptyFist","Vault"],"picked":"SKIP","floor":21},{"not_picked":["PathToVictory","WreathOfFlame","Pray","EmptyBody"],"picked":"SKIP","floor":23}],"player_experience":315054,"relics_obtained":[{"floor":6.0,"key":"WingedGreaves"},{"floor":9.0,"key":"Question Card"},{"floor":10,"key":"StrikeDummy"},{"floor":11,"key":"Tiny Chest"},{"floor":23,"key":"Dream Catcher"}],"event_choices":[{"damage_healed":0.0,"max_hp_gain":0.0,"max_hp_loss":0.0,"gold_gain":0.0,"event_name":"Liars Game","player_choice":"Ignored","floor":2.0,"gold_loss":0.0,"damage_taken":0.0},{"damage_healed":0.0,"max_hp_gain":0.0,"max_hp_loss":0.0,"gold_gain":75.0,"event_name":"World of Goop","player_choice":"Gather Gold","floor":4.0,"gold_loss":0.0,"damage_taken":11.0},{"damage_healed":0,"gold_gain":0,"player_choice":"Obtained Relic","damage_taken":0,"relics_obtained":["Potion Belt"],"max_hp_gain":0,"max_hp_loss":0,"event_name":"Addict","floor":22,"gold_loss":85}],"is_beta":false,"boss_relics":[{"not_picked":["Velvet Choker","Pandora\u0027s Box"],"picked":"Fusion Hammer"}],"items_purged_floors":[5,19],"is_endless":false,"potions_floor_spawned":[1,6,12,14,16],"killed_by":"Gremlin Leader","ascension_level":7}}