{"host":"gaqyve1328ta0etl","time":1612167985,"event":{"mods":["BaseMod","Colored Map","Colored Powertips","Googly Eyes","Minty Spire (QoL Compilation)","Shop Mod","StSLib","SuperFastMode","The Hierophant","The Runesmith"],"gold_per_floor":[111,111,126,126,126,126,159,171,207,242,254,280,304,316,328,436,448,474,486,468,480,480],"floor_reached":21,"language":"ENG","playtime":660,"items_purged":[],"score":303,"play_id":"d07a642c-7b28-40a3-91f2-cb605a872436","local_time":"20210201002625","is_ascension_mode":true,"campfire_choices":[{"data":"Go for the Eyes","floor":6,"key":"SMITH"},{"data":"Echo Form","floor":8,"key":"SMITH"},{"floor":11,"key":"REST"},{"data":"Compile Driver","floor":15,"key":"SMITH"}],"circlet_count":0,"master_deck":["AscendersBane","Strike_B","Strike_B","Strike_B","Defend_B","Defend_B","Defend_B","Defend_B","Zap+1","Dualcast+1","Go for the Eyes+1","Glacier","Echo Form+1","Compile Driver+1","Conserve Battery","Thunder Strike","Capacitor"],"relics":["Cracked Core","NeowsBlessing","Meat on the Bone","MawBank","PreservedInsect","Odd Mushroom","Busted Crown"],"acts_visited":["Exordium","TheCity"],"potions_floor_usage":[10,16,16],"damage_taken":[{"damage":0,"enemies":"2 Louse","floor":1,"turns":1},{"damage":0,"enemies":"Jaw Worm","floor":3,"turns":1},{"damage":0,"enemies":"Lagavulin","floor":7,"turns":1},{"damage":5,"enemies":"The Mushroom Lair","floor":10,"turns":4},{"damage":0,"enemies":"Small Slimes","floor":12,"turns":2},{"damage":9,"enemies":"3 Louse","floor":13,"turns":6},{"damage":7,"enemies":"The Guardian","floor":16,"turns":14},{"damage":14,"enemies":"Shell Parasite","floor":18,"turns":6},{"damage":14,"enemies":"2 Thieves","floor":20,"turns":5},{"damage":64,"enemies":"3 Cultists","floor":21,"turns":6}],"seed_played":"6582064367454175964","potions_obtained":[{"floor":7,"key":"Fire Potion"},{"floor":12,"key":"Energy Potion"},{"floor":13,"key":"SkillPotion"}],"is_trial":false,"path_per_floor":["M","?","M","?","?","R","E","R","T","?","R","M","M","?","R","B",null,"M","?","M","M"],"character_chosen":"DEFECT","items_purchased":[],"campfire_rested":1,"item_purchase_floors":[],"current_hp_per_floor":[68,61,61,46,51,51,51,51,51,46,70,70,61,61,61,54,74,60,54,52,0,0],"gold":480,"neow_bonus":"THREE_ENEMY_KILL","is_daily":false,"chose_seed":false,"campfire_upgraded":3,"win_rate":0.0,"timestamp":1612167985,"path_taken":["M","?","M","?","?","R","E","R","T","?","R","M","M","?","R","BOSS","M","?","M","?"],"items_purchased_type":[],"build_version":"2020-12-22","purchased_purges":0,"victory":false,"max_hp_per_floor":[75,75,75,75,80,80,80,80,80,80,80,80,80,80,80,80,80,80,80,80,80,80],"card_choices":[{"not_picked":["Rebound","Stack"],"picked":"Go for the Eyes","floor":1},{"not_picked":["Meteor Strike","Redo"],"picked":"Glacier","floor":3},{"not_picked":["Steam","Double Energy"],"picked":"Echo Form","floor":7},{"not_picked":["Redo","Stack"],"picked":"Compile Driver","floor":10},{"not_picked":["Auto Shields","Static Discharge"],"picked":"Conserve Battery","floor":12},{"not_picked":["Cold Snap","Consume","FTL"],"picked":"SKIP","floor":13},{"not_picked":["Biased Cognition","Meteor Strike"],"picked":"Thunder Strike","floor":16},{"not_picked":["Stack+1"],"picked":"SKIP","floor":18},{"not_picked":[],"picked":"Capacitor","floor":20}],"player_experience":2064048,"relics_obtained":[{"floor":7,"key":"MawBank"},{"floor":9,"key":"PreservedInsect"},{"floor":10,"key":"Odd Mushroom"}],"event_choices":[{"damage_healed":0,"gold_gain":0,"player_choice":"Success","damage_taken":7,"relics_obtained":["Meat on the Bone"],"max_hp_gain":0,"max_hp_loss":0,"event_name":"Scrap Ooze","floor":2,"gold_loss":0},{"damage_healed":0,"gold_gain":0,"player_choice":"Entered Light","damage_taken":15,"max_hp_gain":0,"max_hp_loss":0,"event_name":"Shining Light","floor":4,"gold_loss":0,"cards_upgraded":["Dualcast","Zap"]},{"damage_healed":0,"gold_gain":0,"player_choice":"Donut","damage_taken":0,"max_hp_gain":5,"max_hp_loss":0,"event_name":"Big Fish","floor":5,"gold_loss":0},{"damage_healed":0,"gold_gain":0,"player_choice":"Fought Mushrooms","damage_taken":0,"max_hp_gain":0,"max_hp_loss":0,"event_name":"Mushrooms","floor":10,"gold_loss":0},{"cards_removed":["Strike_B"],"damage_healed":0,"gold_gain":0,"player_choice":"Forget","damage_taken":0,"max_hp_gain":0,"max_hp_loss":0,"event_name":"Living Wall","floor":14,"gold_loss":0},{"damage_healed":0,"gold_gain":0,"player_choice":"","damage_taken":6,"max_hp_gain":0,"max_hp_loss":0,"event_name":"Knowing Skull","floor":19,"potions_obtained":[],"gold_loss":0,"cards_obtained":[]}],"is_beta":false,"boss_relics":[{"not_picked":["Runic Dome","Snecko Eye"],"picked":"Busted Crown"}],"items_purged_floors":[],"is_endless":false,"potions_floor_spawned":[7,12,13],"killed_by":"3 Cultists","ascension_level":10}}