{"host":"dn6kke80v5f7isus","time":1612223263,"event":{"mods":["AchievementEnabler","Act Like it!","BaseMod","Colored Powertips","Custom Start","Defuse TimeMaze Blight","Gremlin Skip","Highlight Path","Hubris","Infinite Spire","Marisa????????","Minty Spire (QoL Compilation)","Rare Cards Sparkle","Reliquary","Replay The Spire","StSLib","The Servant 0.9.4","Uncapped","Unceasing Turn Reminder"],"gold_per_floor":[117,128,128,140,140,175,175,175,175],"floor_reached":8,"language":"ENG","playtime":101,"items_purged":[],"score":59,"play_id":"ddf9669e-0dd2-4cff-b258-57cf076214d4","local_time":"20210201184743","is_ascension_mode":true,"campfire_choices":[{"floor":7,"key":"REST"}],"circlet_count":0,"master_deck":["Strike_MRS","Strike_MRS","Strike_MRS","Strike_MRS","Defend_MRS","Defend_MRS+1","Defend_MRS","Defend_MRS","MasterSpark","UpSweep+1","EarthLightRay","UltimateShortwave","WitchLeyline"],"relics":["MiniHakkero","NeowsBlessing","hubris:CrystalStatue","reliquary:Knoch"],"acts_visited":["Exordium"],"potions_floor_usage":[],"damage_taken":[{"damage":0,"enemies":"Cultist","floor":1,"turns":1},{"damage":0,"enemies":"Small Slimes","floor":2,"turns":1},{"damage":0,"enemies":"2 Louse","floor":4,"turns":1},{"damage":22,"enemies":"Gremlin Nob","floor":6,"turns":4},{"damage":0,"enemies":"3 Sentries","floor":8,"turns":1}],"seed_played":"-3048100510393567750","potions_obtained":[{"floor":2,"key":"LiquidBronze"},{"floor":6,"key":"Swift Potion"}],"is_trial":false,"path_per_floor":["M","M","T","M","?","E","R","E"],"character_chosen":"MARISA","items_purchased":[],"campfire_rested":1,"item_purchase_floors":[],"current_hp_per_floor":[75,75,75,75,60,42,64,64,64],"gold":175,"neow_bonus":"THREE_ENEMY_KILL","is_daily":false,"chose_seed":false,"campfire_upgraded":0,"win_rate":0.0,"timestamp":1612223263,"path_taken":["M","M","?","M","?","E","R","E"],"items_purchased_type":[],"build_version":"2020-12-22","purchased_purges":0,"victory":false,"max_hp_per_floor":[75,75,75,75,75,75,75,75,75],"card_choices":[{"not_picked":["Acceleration","WitchOfGreed"],"picked":"EarthLightRay","floor":1},{"not_picked":["GalacticHalo","NonDirectionalLaser","AsteroidBelt"],"picked":"SKIP","floor":2},{"not_picked":["GalacticHalo","NonDirectionalLaser","AsteroidBelt"],"picked":"SKIP","floor":2},{"not_picked":["WitchLeyline","OneTimeOff"],"picked":"UltimateShortwave","floor":4},{"not_picked":["MilkyWay","CasketOfStar"],"picked":"WitchLeyline","floor":6}],"player_experience":420057,"relics_obtained":[{"floor":3,"key":"hubris:CrystalStatue"},{"floor":6,"key":"reliquary:Knoch"}],"event_choices":[{"damage_healed":0,"gold_gain":0,"player_choice":"Entered Light","damage_taken":15,"max_hp_gain":0,"max_hp_loss":0,"event_name":"Shining Light","floor":5,"gold_loss":0,"cards_upgraded":["Defend_MRS","UpSweep"]}],"is_beta":false,"boss_relics":[],"items_purged_floors":[],"is_endless":false,"potions_floor_spawned":[2,6],"killed_by":"3 Sentries","ascension_level":1}}