{"host":"erjc6dqs793djrmy","time":1612220153,"event":{"mods":["BaseMod","Minty Spire (QoL Compilation)","StSLib","The Animator"],"gold_per_floor":[118,293,368,283,301,301,338,338,365,384,384,427,427,427,427,530,530,549,567,6,6,32,32,73,73,73,107,117,144,175,175,175,175,175],"floor_reached":33,"language":"ENG","playtime":9035,"items_purged":["animator:Defend_GATE"],"score":560,"play_id":"7dab5eed-6196-4a2e-a086-98bc1a67a827","local_time":"20210201175553","is_ascension_mode":true,"campfire_choices":[{"data":"animator:ChaikaBohdan","floor":6,"key":"SMITH"},{"data":"1","floor":8,"key":"LIFT"},{"data":"2","floor":11,"key":"LIFT"},{"data":"3","floor":15,"key":"LIFT"},{"data":"animator:GoblinSlayer","floor":23,"key":"SMITH"},{"data":"animator:Nanami","floor":25,"key":"SMITH"},{"data":"animator:Shinoa","floor":32,"key":"SMITH"}],"circlet_count":0,"master_deck":["AscendersBane","animator:Strike_Fate","animator:Defend_Fate","animator:Alexander","animator:Rider","animator:ChaikaBohdan+1","Doubt","animator:Strike_Konosuba","animator:Strike_Overlord","animator:Strike_OwariNoSeraph+1","animator:Defend_GoblinSlayer","animator:Defend_Overlord","animator:Mitsuba","animator:Witch","animator:JeanneDArc","animator:Nanami+1","animator:HinaKagiyama","animator:Curse_Dizziness","animator:GoblinSlayer+1","animator:Kaijin","animator:GazelDwargon+1","animator:Shinoa+1","animator:Benimaru","animator:HighElfArcher","animator:Archer","animator:HighElfArcher","animator:Assassin+1","animator:SakuraMatou","animator:CowGirl","Necronomicurse"],"relics":["animator:LivingPicture","animator:TheMissingPiece","NeowsBlessing","Girya","Anchor","animator:CursedGlyph","Lantern","Coffee Dripper","Happy Flower","InkBottle","Paper Frog","animator:WizardHat","Darkstone Periapt","Necronomicon"],"acts_visited":["Exordium","TheCity"],"potions_floor_usage":[10,12,12,16,16,24,27,30,33],"damage_taken":[{"damage":0,"enemies":"2 Louse","floor":1,"turns":1},{"damage":0,"enemies":"Small Slimes","floor":5,"turns":1},{"damage":0,"enemies":"Lagavulin","floor":7,"turns":1},{"damage":0,"enemies":"Jaw Worm","floor":10,"turns":4},{"damage":12,"enemies":"3 Sentries","floor":12,"turns":11},{"damage":21,"enemies":"The Guardian","floor":16,"turns":11},{"damage":2,"enemies":"Spheric Guardian","floor":18,"turns":5},{"damage":0,"enemies":"Chosen","floor":19,"turns":5},{"damage":3,"enemies":"Shelled Parasite and Fungi","floor":22,"turns":6},{"damage":0,"enemies":"Book of Stabbing","floor":24,"turns":6},{"damage":18,"enemies":"animator:HornedBat","floor":27,"turns":7},{"damage":0,"enemies":"Centurion and Healer","floor":28,"turns":5},{"damage":0,"enemies":"Snecko","floor":29,"turns":4},{"damage":11,"enemies":"Slavers","floor":30,"turns":4},{"damage":20,"enemies":"Collector","floor":33,"turns":2}],"seed_played":"334591002336834152","potions_obtained":[{"floor":1,"key":"PowerPotion"},{"floor":5,"key":"BlessingOfTheForge"},{"floor":14,"key":"SpeedPotion"},{"floor":14,"key":"Energy Potion"},{"floor":22,"key":"AttackPotion"}],"is_trial":false,"path_per_floor":["M","?","?","?","M","R","E","R","T","M","R","E","?","?","R","B",null,"M","M","$","?","M","R","E","R","T","E","M","M","E","?","R","B"],"character_chosen":"THE_ANIMATOR","items_purchased":["Happy Flower","animator:Shinoa","InkBottle","animator:Benimaru"],"campfire_rested":0,"item_purchase_floors":[20,20,20,20],"current_hp_per_floor":[59,59,48,48,48,48,48,48,48,48,48,36,36,36,36,16,51,49,49,49,49,46,46,46,46,46,28,29,29,19,9,9,0,0],"gold":175,"neow_bonus":"THREE_ENEMY_KILL","is_daily":false,"chose_seed":false,"campfire_upgraded":4,"win_rate":0.0,"timestamp":1612220153,"path_taken":["M","?","?","?","M","R","E","R","T","?","R","E","?","?","R","BOSS","M","?","$","?","?","R","E","R","T","E","M","M","E","?","R","BOSS"],"items_purchased_type":["Relic","Card","Relic","Card"],"build_version":"2020-12-22","purchased_purges":1,"victory":false,"max_hp_per_floor":[66,66,66,66,66,66,66,66,66,62,62,62,62,62,62,63,63,63,63,63,63,63,63,63,63,63,63,64,64,65,71,71,71,71],"card_choices":[{"not_picked":["animator:Benimaru","animator:CrowleyEusford"],"picked":"animator:ChaikaBohdan","floor":1},{"not_picked":["animator:LizardPriest","animator:Priestess"],"picked":"animator:Mitsuba","floor":5},{"not_picked":["animator:AcuraAkari","animator:YuiTsuruno"],"picked":"animator:Witch","floor":7},{"not_picked":["animator:Berserker","animator:EmiyaShirou"],"picked":"animator:JeanneDArc","floor":10},{"not_picked":["animator:DwarfShaman","animator:Shigure"],"picked":"animator:Nanami","floor":12},{"not_picked":["animator:Guren","animator:MadokaKaname"],"picked":"animator:GoblinSlayer","floor":16},{"not_picked":["animator:SuzuneAmano","animator:ZankiKiguchi"],"picked":"animator:Kaijin","floor":18},{"not_picked":["animator:ChaikaBohdan","animator:Guy"],"picked":"animator:GazelDwargon+1","floor":19},{"not_picked":["animator:Priestess","animator:Witch"],"picked":"animator:HighElfArcher","floor":22},{"not_picked":["animator:Shichika","animator:Shinoa"],"picked":"animator:Archer","floor":24},{"not_picked":["animator:Yoichi","animator:ChaikaTrabant"],"picked":"animator:HighElfArcher","floor":27},{"not_picked":["animator:TsurugaMeisai+1","animator:Konayuki+1"],"picked":"animator:Assassin+1","floor":28},{"not_picked":["animator:Berserker","animator:Assassin"],"picked":"animator:SakuraMatou","floor":29},{"not_picked":["animator:Konayuki+1","animator:AcuraAkari"],"picked":"animator:CowGirl","floor":30}],"player_experience":358831,"relics_obtained":[{"floor":7,"key":"Girya"},{"floor":9,"key":"Anchor"},{"floor":10,"key":"animator:CursedGlyph"},{"floor":12,"key":"Lantern"},{"floor":24,"key":"Paper Frog"},{"floor":27,"key":"animator:WizardHat"},{"floor":30,"key":"Darkstone Periapt"},{"floor":31,"key":"Necronomicon"}],"event_choices":[{"damage_healed":0,"gold_gain":175,"player_choice":"AGREE","damage_taken":0,"max_hp_gain":0,"max_hp_loss":0,"event_name":"Liars Game","floor":2,"gold_loss":0,"cards_obtained":["Doubt"]},{"damage_healed":0,"gold_gain":75,"player_choice":"Gather Gold","damage_taken":11,"max_hp_gain":0,"max_hp_loss":0,"event_name":"World of Goop","floor":3,"gold_loss":0},{"damage_healed":0,"gold_gain":0,"player_choice":"Got Potions","damage_taken":0,"max_hp_gain":0,"max_hp_loss":0,"event_name":"Lab","floor":14,"gold_loss":0},{"damage_healed":0,"gold_gain":0,"player_choice":"0 cards matched","damage_taken":0,"max_hp_gain":0,"max_hp_loss":0,"event_name":"Match and Keep!","floor":21,"gold_loss":0,"cards_obtained":[]},{"damage_healed":0,"gold_gain":0,"player_choice":"Obtained Book","damage_taken":16,"max_hp_gain":0,"max_hp_loss":0,"event_name":"Cursed Tome","floor":31,"gold_loss":0}],"is_beta":false,"boss_relics":[{"not_picked":["Empty Cage","Pandora\u0027s Box"],"picked":"Coffee Dripper"}],"items_purged_floors":[20],"is_endless":false,"potions_floor_spawned":[1,5,22,27,28],"killed_by":"Collector","ascension_level":11}}