{"host":"j9610sde00vfp93k","time":1612160293,"event":{"mods":["AchievementEnabler","BaseMod","Minty Spire (QoL Compilation)","StSLib","SuperFastMode"],"gold_per_floor":[209,209,222,242,167,210,229,229,253,292,313,19,49,49,49,168,168,151,171,46,46,46,46],"floor_reached":22,"language":"ENG","playtime":870,"items_purged":["Defend_R","Defend_R","Defend_R"],"score":194,"play_id":"e498d2bb-eeb4-4c73-ad42-c287afb7a859","local_time":"20210201141813","is_ascension_mode":false,"campfire_choices":[{"floor":8,"key":"REST"},{"data":"Clash","floor":15,"key":"SMITH"}],"circlet_count":0,"master_deck":["Strike_R","Strike_R","Strike_R","Strike_R","Strike_R","Defend_R","Bash","Shrug It Off","Clash+1","Panache"],"relics":["Burning Blood","Golden Idol","Regal Pillow","Toy Ornithopter","PreservedInsect","Odd Mushroom","Black Star","Matryoshka"],"acts_visited":["Exordium","TheCity"],"potions_floor_usage":[10,13,13,16,16],"damage_taken":[{"damage":0,"enemies":"Small Slimes","floor":1,"turns":4},{"damage":1,"enemies":"Jaw Worm","floor":3,"turns":3},{"damage":0,"enemies":"2 Louse","floor":4,"turns":2},{"damage":49,"enemies":"3 Sentries","floor":6,"turns":13},{"damage":13,"enemies":"Red Slaver","floor":7,"turns":3},{"damage":61,"enemies":"Lagavulin","floor":10,"turns":9},{"damage":0,"enemies":"Exordium Wildlife","floor":11,"turns":3},{"damage":11,"enemies":"The Mushroom Lair","floor":13,"turns":5},{"damage":37,"enemies":"Hexaghost","floor":16,"turns":9},{"damage":32,"enemies":"2 Thieves","floor":18,"turns":4},{"damage":24,"enemies":"Shell Parasite","floor":19,"turns":6},{"damage":38,"enemies":"Centurion and Healer","floor":22,"turns":3}],"seed_played":"-1505078348572361729","potions_obtained":[{"floor":1,"key":"Ancient Potion"},{"floor":7,"key":"AttackPotion"},{"floor":10,"key":"SkillPotion"},{"floor":11,"key":"BloodPotion"},{"floor":13,"key":"ColorlessPotion"},{"floor":19,"key":"SpeedPotion"}],"is_trial":false,"path_per_floor":["M","?","M","M","$","E","M","R","T","E","M","$","?","$","R","B",null,"M","M","$","?","M"],"character_chosen":"IRONCLAD","items_purchased":["Panache"],"campfire_rested":1,"item_purchase_floors":[12],"current_hp_per_floor":[80,60,65,71,71,28,21,60,60,10,16,16,37,37,37,16,80,54,36,36,36,0,0],"gold":46,"neow_bonus":"HUNDRED_GOLD","is_daily":false,"chose_seed":false,"campfire_upgraded":1,"win_rate":0.0,"timestamp":1612160293,"path_taken":["M","?","M","M","?","E","M","R","T","E","M","$","?","$","R","BOSS","M","M","$","?","M"],"items_purchased_type":["Card"],"build_version":"2020-12-22","purchased_purges":3,"victory":false,"max_hp_per_floor":[80,80,80,80,80,80,80,80,80,80,80,80,80,80,80,80,80,80,80,80,80,80,80],"card_choices":[{"not_picked":["Battle Trance","Sentinel","Searing Blow"],"picked":"SKIP","floor":1},{"not_picked":["Dual Wield","Uppercut"],"picked":"Shrug It Off","floor":3},{"not_picked":["Armaments","Havoc","Shrug It Off"],"picked":"SKIP","floor":4},{"not_picked":["Flame Barrier","Barricade","Uppercut"],"picked":"SKIP","floor":6},{"not_picked":["Pommel Strike","Reckless Charge"],"picked":"Clash","floor":7},{"not_picked":["Body Slam","Anger","Dual Wield"],"picked":"SKIP","floor":10},{"not_picked":["Headbutt","Anger","Rage"],"picked":"SKIP","floor":11},{"not_picked":["Hemokinesis","Evolve","Sword Boomerang"],"picked":"SKIP","floor":18},{"not_picked":["Dark Embrace","Combust+1","Searing Blow"],"picked":"SKIP","floor":19}],"player_experience":179014,"relics_obtained":[{"floor":6,"key":"Regal Pillow"},{"floor":9,"key":"Toy Ornithopter"},{"floor":10,"key":"PreservedInsect"},{"floor":13,"key":"Odd Mushroom"}],"event_choices":[{"damage_healed":0,"gold_gain":0,"player_choice":"Take Damage","damage_taken":20,"relics_obtained":["Golden Idol"],"max_hp_gain":0,"max_hp_loss":0,"event_name":"Golden Idol","floor":2,"gold_loss":0},{"damage_healed":0,"gold_gain":0,"player_choice":"Fought Mushrooms","damage_taken":0,"max_hp_gain":0,"max_hp_loss":0,"event_name":"Mushrooms","floor":13,"gold_loss":0},{"damage_healed":0,"gold_gain":0,"player_choice":"Gave Potion","damage_taken":0,"relics_obtained":["Matryoshka"],"max_hp_gain":0,"max_hp_loss":0,"event_name":"WeMeetAgain","floor":21,"gold_loss":0}],"is_beta":false,"boss_relics":[{"not_picked":["Cursed Key","Tiny House"],"picked":"Black Star"}],"items_purged_floors":[5,12,20],"is_endless":false,"potions_floor_spawned":[1,7,10,11,13,19],"killed_by":"Centurion and Healer","ascension_level":0}}