{"host":"4rvakrj1idbgia3f","time":1612159065,"event":{"mods":["BaseMod","Colored Map","Colored Powertips","DeckTracker","Highlight Path","Minty Spire (QoL Compilation)","Random Character Button","StSLib"],"gold_per_floor":[109,123,123,138,138,138,164,164,216,251,251,251,318,368,368,443,443,459,509,522,191,291,359,359,370,370,370,389,453,484,504,504,504,504],"floor_reached":33,"language":"JPN","playtime":27870,"items_purged":["Decay"],"score":554,"play_id":"aab488b4-5be0-4fc9-b9ed-387a35e5ef5b","local_time":"20210201145745","is_ascension_mode":true,"campfire_choices":[{"data":"Deadly Poison","floor":6.0,"key":"SMITH"},{"data":"Underhanded Strike","floor":8.0,"key":"SMITH"},{"data":"Deadly Poison","floor":12,"key":"SMITH"},{"data":"Neutralize","floor":15,"key":"SMITH"},{"data":"Panacea","floor":24,"key":"SMITH"},{"data":"Corpse Explosion","floor":27,"key":"SMITH"},{"data":"Underhanded Strike","floor":32,"key":"SMITH"}],"circlet_count":0,"master_deck":["AscendersBane","Strike_G","Strike_G","Strike_G","Strike_G","Strike_G","Defend_G","Defend_G","Defend_G","Defend_G","Defend_G","Survivor","Neutralize+1","PiercingWail","Deadly Poison+1","Underhanded Strike+1","Underhanded Strike+1","Deadly Poison+1","Corpse Explosion+1","Phantasmal Killer","Panacea+1","Terror+1","PiercingWail","Underhanded Strike+1"],"relics":["Runic Pyramid","Orichalcum","Smiling Mask","Snake Skull","FossilizedHelix","SsserpentHead","Busted Crown","Chemical X","Du-Vu Doll","Letter Opener"],"acts_visited":["Exordium","TheCity"],"potions_floor_usage":[25,30,33],"damage_taken":[{"damage":3.0,"enemies":"Small Slimes","floor":1.0,"turns":5.0},{"damage":0.0,"enemies":"2 Louse","floor":2.0,"turns":4.0},{"damage":0.0,"enemies":"Jaw Worm","floor":4.0,"turns":4.0},{"damage":10.0,"enemies":"Lagavulin","floor":7.0,"turns":6.0},{"damage":10,"enemies":"3 Sentries","floor":10,"turns":10},{"damage":0,"enemies":"Exordium Thugs","floor":13,"turns":3},{"damage":5,"enemies":"The Guardian","floor":16,"turns":8},{"damage":11,"enemies":"2 Thieves","floor":18,"turns":2},{"damage":0,"enemies":"Shell Parasite","floor":20,"turns":3},{"damage":4,"enemies":"Centurion and Healer","floor":23,"turns":4},{"damage":5,"enemies":"Shelled Parasite and Fungi","floor":25,"turns":4},{"damage":9,"enemies":"Cultist and Chosen","floor":28,"turns":7},{"damage":0,"enemies":"Snecko","floor":29,"turns":4},{"damage":2,"enemies":"Book of Stabbing","floor":30,"turns":4},{"damage":0,"enemies":"3 Cultists","floor":31,"turns":3},{"damage":55,"enemies":"Champ","floor":33,"turns":9}],"seed_played":"-3507904885022334615","potions_obtained":[{"floor":2.0,"key":"Regen Potion"},{"floor":16,"key":"DuplicationPotion"},{"floor":18,"key":"Poison Potion"},{"floor":29,"key":"Block Potion"}],"is_trial":false,"path_per_floor":["M","M","?","M","?","R","E","R","T","E","?","R","M","?","R","B",null,"M","?","M","$","?","M","R","M","T","R","M","M","E","M","R","B"],"character_chosen":"THE_SILENT","items_purchased":["Chemical X","Panacea"],"campfire_rested":0,"item_purchase_floors":[21,21],"current_hp_per_floor":[56,56,45,45,45,45,35,35,35,25,25,25,25,30,30,25,60,49,49,49,49,49,45,45,40,40,40,31,31,29,29,29,0,0],"gold":504,"neow_bonus":"BOSS_RELIC","is_daily":false,"chose_seed":false,"campfire_upgraded":7,"win_rate":0.0,"timestamp":1612159065,"path_taken":["M","M","?","M","?","R","E","R","T","E","?","R","?","?","R","BOSS","M","?","M","$","?","?","R","M","T","R","M","?","E","M","R","BOSS"],"items_purchased_type":["Relic","Card"],"build_version":"2020-12-22","purchased_purges":1,"victory":false,"max_hp_per_floor":[66,66,66,66,66,66,66,66,66,66,66,66,66,71,71,71,71,71,71,71,71,71,71,71,71,71,71,71,71,71,71,71,71,71],"card_choices":[{"not_picked":["Underhanded Strike","Backflip"],"picked":"PiercingWail","floor":1.0},{"not_picked":["Underhanded Strike","Prepared"],"picked":"Deadly Poison","floor":2.0},{"not_picked":["Skewer","Bouncing Flask"],"picked":"Underhanded Strike","floor":4.0},{"not_picked":["Flying Knee","Finisher"],"picked":"Underhanded Strike","floor":7.0},{"not_picked":["Bane","Skewer"],"picked":"Deadly Poison","floor":10},{"not_picked":["Slice","PiercingWail"],"picked":"Corpse Explosion","floor":13},{"not_picked":["Grand Finale","Storm of Steel"],"picked":"Phantasmal Killer","floor":16},{"not_picked":["Quick Slash"],"picked":"SKIP","floor":18},{"not_picked":["Flechettes"],"picked":"SKIP","floor":20},{"not_picked":["Flechettes"],"picked":"SKIP","floor":20},{"not_picked":["Quick Slash"],"picked":"SKIP","floor":23},{"not_picked":["Flying Knee"],"picked":"SKIP","floor":25},{"not_picked":["Cloak And Dagger"],"picked":"SKIP","floor":28},{"not_picked":[],"picked":"Terror+1","floor":29},{"not_picked":[],"picked":"PiercingWail","floor":30},{"not_picked":[],"picked":"Underhanded Strike","floor":31}],"player_experience":2151076,"relics_obtained":[{"floor":7.0,"key":"Smiling Mask"},{"floor":9.0,"key":"Snake Skull"},{"floor":10,"key":"FossilizedHelix"},{"floor":26,"key":"Du-Vu Doll"},{"floor":30,"key":"Letter Opener"}],"event_choices":[{"damage_healed":0.0,"max_hp_gain":0.0,"max_hp_loss":0.0,"gold_gain":0.0,"event_name":"Scrap Ooze","player_choice":"Success","floor":3.0,"gold_loss":0.0,"damage_taken":11.0,"relics_obtained":["Orichalcum"]},{"damage_healed":0.0,"max_hp_gain":0.0,"max_hp_loss":0.0,"gold_gain":0.0,"event_name":"Living Wall","player_choice":"Grow","floor":5.0,"gold_loss":0.0,"damage_taken":0.0,"cards_upgraded":["Underhanded Strike"]},{"damage_healed":0,"gold_gain":0,"player_choice":"Trade","damage_taken":0,"relics_obtained":["SsserpentHead"],"max_hp_gain":0,"max_hp_loss":0,"event_name":"FaceTrader","floor":11,"gold_loss":0},{"damage_healed":0,"gold_gain":0,"player_choice":"Donut","damage_taken":0,"max_hp_gain":5,"max_hp_loss":0,"event_name":"Big Fish","floor":14,"gold_loss":0},{"damage_healed":0,"gold_gain":0,"player_choice":"Smashed Altar","damage_taken":0,"max_hp_gain":0,"max_hp_loss":0,"event_name":"Forgotten Altar","floor":19,"gold_loss":0,"cards_obtained":["Decay"]},{"damage_healed":0,"gold_gain":50,"player_choice":"Pray","damage_taken":0,"max_hp_gain":0,"max_hp_loss":0,"event_name":"Golden Shrine","floor":22,"gold_loss":0}],"is_beta":false,"boss_relics":[{"not_picked":["Empty Cage","Calling Bell"],"picked":"Busted Crown"}],"items_purged_floors":[21],"is_endless":false,"potions_floor_spawned":[2,16,18,23,29],"killed_by":"Champ","ascension_level":20}}