{"host":"qy1e0kd24tpj3i2m","time":1612212214,"event":{"mods":["Act Like it!","Alarm Clock","BaseMod","Better Skull","Better Vampires","Colored Map","Colored Powertips","Custom Start","Faster Ascension Climbing","Friendly Minions","GifTheSpireLib","Gremlin Skip","Highlight Path","Minty Spire (QoL Compilation)","Permanent Neow","Poor People Problems","Quick Restart","Red Circlet Mod","Relic Filter Mod","Relic Sorter","Reorder Act Four","SacredBarkPlus","Shop Mod","StSLib","SuperFastMode","Transform Curses","没有小屋子和绿帽子啦"],"gold_per_floor":[116,116,126,51,51,83,83,114,114,124,24,24,43,74,74,148,148,164,164,183,58,77,77,77,77,126,152,165,192,192,192,192,268,268,285,305,305,330,330,330,630,657,681,694,729,729,746,443,443,443,443],"floor_reached":50,"language":"ZHS","playtime":1543,"items_purged":["Bash","Strike_R","Strike_R","Strike_R"],"score":1258,"play_id":"327d8be6-bbae-436e-9495-92a9e8097f48","local_time":"20210202054334","is_ascension_mode":true,"campfire_choices":[{"data":"Carnage","floor":7.0,"key":"SMITH"},{"data":"Uppercut","floor":12.0,"key":"SMITH"},{"data":"Whirlwind","floor":15.0,"key":"SMITH"},{"data":"Demon Form","floor":23.0,"key":"SMITH"},{"data":"Power Through","floor":25.0,"key":"SMITH"},{"data":"Fire Breathing","floor":30.0,"key":"SMITH"},{"data":"Reckless Charge","floor":32.0,"key":"SMITH"},{"floor":40.0,"key":"RECALL"},{"data":"True Grit","floor":46.0,"key":"SMITH"},{"data":"Limit Break","floor":49.0,"key":"SMITH"}],"circlet_count":0,"master_deck":["AscendersBane","Defend_R+1","Defend_R","Defend_R","Defend_R+1","Iron Wave","Carnage+1","Uppercut+1","Reckless Charge+1","Pommel Strike+1","Whirlwind+1","Demon Form+1","Power Through+1","Pommel Strike+1","Shrug It Off","Fire Breathing+1","Clothesline","Sword Boomerang","Limit Break+1","True Grit+1"],"relics":["Burning Blood","NeowsBlessing","Pocketwatch","Pen Nib","Meat on the Bone","Regal Pillow","Mark of Pain","Blue Candle","Busted Crown","StoneCalendar","Bottled Tornado","Ancient Tea Set","Mercury Hourglass","MerchantsRug"],"acts_visited":["Exordium","TheCity","TheBeyond"],"potions_floor_usage":[],"damage_taken":[{"damage":0.0,"enemies":"Small Slimes","floor":1.0,"turns":1.0},{"damage":0.0,"enemies":"2 Louse","floor":3.0,"turns":1.0},{"damage":0.0,"enemies":"3 Sentries","floor":6.0,"turns":1.0},{"damage":3.0,"enemies":"Gremlin Nob","floor":8.0,"turns":3.0},{"damage":0.0,"enemies":"Cultist","floor":10.0,"turns":2.0},{"damage":1.0,"enemies":"Blue Slaver","floor":13.0,"turns":2.0},{"damage":0.0,"enemies":"3 Sentries","floor":14.0,"turns":5.0},{"damage":31.0,"enemies":"The Guardian","floor":16.0,"turns":9.0},{"damage":0.0,"enemies":"Spheric Guardian","floor":18.0,"turns":1.0},{"damage":8.0,"enemies":"Shell Parasite","floor":20.0,"turns":4.0},{"damage":19.0,"enemies":"Shelled Parasite and Fungi","floor":22.0,"turns":2.0},{"damage":21.0,"enemies":"Book of Stabbing","floor":27.0,"turns":4.0},{"damage":10.0,"enemies":"Snecko","floor":28.0,"turns":3.0},{"damage":18.0,"enemies":"Gremlin Leader","floor":29.0,"turns":5.0},{"damage":40.0,"enemies":"Collector","floor":33.0,"turns":8.0},{"damage":26.0,"enemies":"3 Darklings","floor":35.0,"turns":3.0},{"damage":0.0,"enemies":"Orb Walker","floor":36.0,"turns":2.0},{"damage":5.0,"enemies":"Mind Bloom Boss Battle","floor":38.0,"turns":4.0},{"damage":7.0,"enemies":"Reptomancer","floor":42.0,"turns":4.0},{"damage":0.0,"enemies":"Transient","floor":44.0,"turns":6.0},{"damage":26.0,"enemies":"Giant Head","floor":45.0,"turns":7.0},{"damage":11.0,"enemies":"Spire Growth","floor":47.0,"turns":3.0},{"damage":0,"enemies":"Donu and Deca","floor":50,"turns":1}],"seed_played":"4086227754075965685","potions_obtained":[{"floor":5.0,"key":"HeartOfIron"},{"floor":5.0,"key":"Fire Potion"},{"floor":10.0,"key":"Explosive Potion"},{"floor":14.0,"key":"SkillPotion"},{"floor":18.0,"key":"GamblersBrew"},{"floor":28.0,"key":"AttackPotion"},{"floor":29.0,"key":"LiquidMemories"},{"floor":33.0,"key":"Strength Potion"},{"floor":35.0,"key":"LiquidBronze"},{"floor":45.0,"key":"DuplicationPotion"},{"floor":47.0,"key":"EssenceOfSteel"}],"is_trial":false,"path_per_floor":["M","?","M","$","?","E","R","E","T","M","$","R","M","E","R","B",null,"M","?","M","$","M","R","?","R","T","E","M","E","R","?","R","B",null,"M","M","?","?","?","R","?","E","T","M","E","R","M","$","R","B"],"character_chosen":"IRONCLAD","items_purchased":["MerchantsRug"],"campfire_rested":0,"item_purchase_floors":[48],"current_hp_per_floor":[74,69,75,75,75,75,75,75,75,75,75,75,75,75,75,50,69,75,75,73,73,60,60,60,60,60,45,53,53,53,53,53,31,64,44,50,50,51,51,51,51,50,50,56,48,48,55,55,55,55,55],"gold":443,"neow_bonus":"THREE_ENEMY_KILL","is_daily":false,"chose_seed":false,"campfire_upgraded":9,"win_rate":0.0,"timestamp":1612212214,"path_taken":["M","?","M","$","?","E","R","E","T","M","$","R","M","E","R","BOSS","M","?","M","$","M","R","?","R","T","E","M","E","R","?","R","BOSS","M","?","?","?","?","R","?","E","T","M","E","R","M","$","R","BOSS"],"items_purchased_type":["Relic"],"build_version":"2020-12-22","purchased_purges":4,"victory":false,"max_hp_per_floor":[75,75,75,75,75,75,75,75,75,75,75,75,75,75,75,75,75,75,75,75,75,75,75,75,75,75,75,75,75,75,75,75,75,75,75,75,75,75,75,75,75,75,75,75,75,75,75,75,75,75,75],"card_choices":[{"not_picked":["Armaments","Warcry"],"picked":"Iron Wave","floor":1.0},{"not_picked":["Hemokinesis","Warcry"],"picked":"Carnage","floor":3.0},{"not_picked":["Armaments","Rupture"],"picked":"Uppercut","floor":6.0},{"not_picked":["Carnage","Heavy Blade","Offering"],"picked":"SKIP","floor":8.0},{"not_picked":["Dark Embrace","Dual Wield"],"picked":"Reckless Charge","floor":10.0},{"not_picked":["Bloodletting","Spot Weakness"],"picked":"Pommel Strike","floor":13.0},{"not_picked":["Shrug It Off","Spot Weakness"],"picked":"Whirlwind","floor":14.0},{"not_picked":["Exhume","Bludgeon"],"picked":"Demon Form","floor":16.0},{"not_picked":["Entrench","Cleave+1"],"picked":"Power Through","floor":18.0},{"not_picked":["Clash","Twin Strike+1"],"picked":"Pommel Strike","floor":20.0},{"not_picked":["Sentinel","Armaments"],"picked":"Shrug It Off","floor":22.0},{"not_picked":["Clothesline","Thunderclap"],"picked":"Fire Breathing","floor":27.0},{"not_picked":["Wild Strike","Immolate","Clothesline"],"picked":"SKIP","floor":28.0},{"not_picked":["Whirlwind","Dual Wield","Clash"],"picked":"SKIP","floor":29.0},{"not_picked":[],"picked":"Sword Boomerang","floor":35.0},{"not_picked":["Armaments+1"],"picked":"SKIP","floor":36.0},{"not_picked":[],"picked":"Limit Break","floor":42.0},{"not_picked":[],"picked":"True Grit","floor":44.0},{"not_picked":["Shockwave"],"picked":"SKIP","floor":45.0},{"not_picked":["Anger"],"picked":"SKIP","floor":47.0}],"player_experience":972495,"relics_obtained":[{"floor":6.0,"key":"Pen Nib"},{"floor":8.0,"key":"War Paint"},{"floor":9.0,"key":"Meat on the Bone"},{"floor":14.0,"key":"Regal Pillow"},{"floor":27.0,"key":"Whetstone"},{"floor":29.0,"key":"Blue Candle"},{"floor":38.0,"key":"StoneCalendar"},{"floor":42.0,"key":"Bottled Tornado"},{"floor":43.0,"key":"Ancient Tea Set"},{"floor":45.0,"key":"Mercury Hourglass"}],"event_choices":[{"damage_healed":0.0,"max_hp_gain":0.0,"max_hp_loss":0.0,"gold_gain":0.0,"event_name":"Scrap Ooze","player_choice":"Success","floor":2.0,"gold_loss":0.0,"damage_taken":5.0,"relics_obtained":["Pocketwatch"]},{"damage_healed":0.0,"max_hp_gain":0.0,"max_hp_loss":0.0,"gold_gain":0.0,"event_name":"Lab","player_choice":"Got Potions","floor":5.0,"gold_loss":0.0,"damage_taken":0.0},{"damage_healed":0.0,"max_hp_gain":0.0,"max_hp_loss":0.0,"gold_gain":0.0,"event_name":"Cursed Tome","player_choice":"Ignored","floor":19.0,"gold_loss":0.0,"damage_taken":0.0},{"cards_removed":["Strike_R"],"damage_healed":0.0,"max_hp_gain":0.0,"max_hp_loss":0.0,"gold_gain":0.0,"event_name":"Back to Basics","player_choice":"Elegance","floor":24.0,"gold_loss":0.0,"damage_taken":0.0},{"damage_healed":0.0,"max_hp_gain":0.0,"max_hp_loss":0.0,"gold_gain":0.0,"cards_transformed":["Strike_R"],"event_name":"Transmorgrifier","player_choice":"Transformed","floor":31.0,"gold_loss":0.0,"damage_taken":0.0,"cards_obtained":["Clothesline"]},{"damage_healed":0.0,"max_hp_gain":0.0,"max_hp_loss":0.0,"gold_gain":0.0,"event_name":"Mysterious Sphere","player_choice":"Ignored","floor":37.0,"gold_loss":0.0,"damage_taken":0.0},{"damage_healed":0.0,"max_hp_gain":0.0,"max_hp_loss":0.0,"gold_gain":0.0,"event_name":"MindBloom","player_choice":"Fight","floor":38.0,"gold_loss":0.0,"damage_taken":0.0},{"damage_healed":0.0,"max_hp_gain":0.0,"max_hp_loss":0.0,"gold_gain":0.0,"event_name":"Tomb of Lord Red Mask","player_choice":"Ignored","floor":39.0,"gold_loss":0.0,"damage_taken":0.0},{"damage_healed":0.0,"max_hp_gain":0.0,"max_hp_loss":0.0,"gold_gain":300.0,"event_name":"Wheel of Change","player_choice":"Gold","floor":41.0,"gold_loss":0.0,"damage_taken":0.0}],"is_beta":false,"boss_relics":[{"not_picked":["Black Star","Snecko Eye"],"picked":"Mark of Pain"},{"not_picked":["Coffee Dripper","Philosopher\u0027s Stone"],"picked":"Busted Crown"}],"items_purged_floors":[4,11,21,48],"is_endless":false,"potions_floor_spawned":[10,13,14,18,28,29,33,35,42,45,47],"killed_by":"Donu and Deca","ascension_level":20}}