{"host":"1pkwkj8mkn7raipg","time":1612195614,"event":{"mods":["BaseMod","LagranYue(拉格朗・月)","Minty Spire (QoL Compilation)","Replay The Spire","StSLib","TestMod"],"gold_per_floor":[111,111,111,126,51,51,84,84,107,507,518,530,144,144,144,248,248,262,274,274,285,301,336,350,350,377,199,210,222,234,234,234,333,333,353,353,53,53,63,63,90,90,116,116,135,145,163,195,195,195,195,195,20,53,53],"floor_reached":56,"language":"ZHS","playtime":2489,"items_purged":["Strike_B","Defend_B","Strike_B","Strike_B","Defend_B"],"score":1807,"play_id":"7570be6a-dd8b-4a90-ac09-6e45bdd75611","local_time":"20210202000654","is_ascension_mode":true,"campfire_choices":[{"data":"Dualcast","floor":6,"key":"SMITH"},{"data":"Steam","floor":15,"key":"SMITH"},{"floor":25,"key":"RECALL"},{"floor":32,"key":"REST"},{"floor":40,"key":"REST"},{"floor":44,"key":"REST"},{"floor":49,"key":"REST"},{"floor":52,"key":"REST"}],"circlet_count":0,"master_deck":["Defend_B","Defend_B","Zap+1","Dualcast+1","Steam+1","Gash+1","Go for the Eyes+1","ReplayGash+1","Chill+1","Seek","Hologram+1","Spreading Infection","Injury","Amnesia","Steam","Hologram","Gash","Reboot","Decay","HalloweenModTrick+1","HalloweenModCandy+1","HalloweenModCandy","HalloweenModCandy+1"],"relics":["Cracked Core","LagranYue:RandomDrawCardRelic","testmod-CrystalShield","NeowsBlessing","Bag of Preparation","testmod-ConstraintPeriapt","ReplayFunnel","Whetstone","Fusion Hammer","testmod-Laevatain","Oddly Smooth Stone","Replay:Grab Bag","LagranYue:SoulBurningRelic","LagranYue:ContractPerformanceRelic","testmod-TimeTraveler","HalloweenModHalloween","Blue Candle","testmod-AssaultLearning","Darkstone Periapt","testmod-IndustrialRevolution","Centennial Puzzle","Happy Flower"],"acts_visited":["Exordium","TheCity","TheBeyond","TheEnding"],"potions_floor_usage":[55,55,55],"damage_taken":[{"damage":0.0,"enemies":"Jaw Worm","floor":1.0,"turns":1.0},{"damage":0,"enemies":"2 Louse","floor":4,"turns":1},{"damage":0,"enemies":"3 Sentries","floor":7,"turns":1},{"damage":0,"enemies":"Cultist","floor":11,"turns":3},{"damage":0,"enemies":"Exordium Wildlife","floor":12,"turns":2},{"damage":0,"enemies":"Fading Forest","floor":16,"turns":11},{"damage":0,"enemies":"Shell Parasite","floor":18,"turns":5},{"damage":0,"enemies":"2 Thieves","floor":19,"turns":4},{"damage":0,"enemies":"3 Cultists","floor":21,"turns":3},{"damage":4,"enemies":"Snecko","floor":22,"turns":4},{"damage":0,"enemies":"Book of Stabbing","floor":23,"turns":5},{"damage":6,"enemies":"Centurion and Healer","floor":24,"turns":4},{"damage":0,"enemies":"Shelled Parasite and Fungi","floor":28,"turns":5},{"damage":0,"enemies":"Cultist and Chosen","floor":29,"turns":4},{"damage":0,"enemies":"Snecko","floor":30,"turns":4},{"damage":0,"enemies":"Champ","floor":33,"turns":8},{"damage":2,"enemies":"3 Shapes","floor":35,"turns":2},{"damage":6,"enemies":"3 Darklings","floor":39,"turns":3},{"damage":43,"enemies":"R_Hoarder","floor":41,"turns":5},{"damage":3,"enemies":"Jaw Worm Horde","floor":45,"turns":1},{"damage":4,"enemies":"4 Shapes","floor":46,"turns":3},{"damage":9,"enemies":"Transient","floor":47,"turns":5},{"damage":10,"enemies":"Nemesis","floor":48,"turns":3},{"damage":14,"enemies":"Donu and Deca","floor":50,"turns":6},{"damage":7,"enemies":"Shield and Spear","floor":54,"turns":3},{"damage":53,"enemies":"The Heart","floor":55,"turns":8}],"seed_played":"7460490258594446344","potions_obtained":[{"floor":4,"key":"Adrenaline Potion"},{"floor":11,"key":"Block Potion"},{"floor":16,"key":"CultistPotion"},{"floor":18,"key":"Adrenaline Potion"},{"floor":23,"key":"DuplicationPotion"}],"is_trial":false,"path_per_floor":["M","?","?","M","$","R","E","T","T","?","M","M","$","?","R","B",null,"M","M","T","M","M","E","M","R","T","$","M","M","M","?","R","B",null,"M","?","$","?","M","R","E","?","T","R","M","M","M","E","R","B",null,"R","$","E","B",null],"character_chosen":"DEFECT","items_purchased":["ReplayGash+1","Whetstone","Chill","Hologram","testmod-AssaultLearning"],"campfire_rested":5,"item_purchase_floors":[13,13,13,27,37],"current_hp_per_floor":[68,68,68,68,68,68,68,68,68,68,69,70,70,70,70,75,75,75,75,75,75,71,75,73,73,73,73,75,75,75,59,75,75,74,72,72,72,72,66,75,32,32,32,53,53,52,55,54,75,73,74,75,75,75,53],"gold":53,"neow_bonus":"THREE_ENEMY_KILL","is_daily":false,"chose_seed":false,"campfire_upgraded":2,"win_rate":0.0,"timestamp":1612195614,"path_taken":["M","?","?","?","$","R","E","?","T","?","M","M","$","?","R","BOSS","M","M","?","?","M","E","?","R","T","$","M","M","M","?","R","BOSS","M","?","$","?","?","R","E","?","T","R","?","M","M","E","R","BOSS","R","$","E","BOSS"],"items_purchased_type":["Card","Relic","Card","Card","Relic"],"build_version":"2020-12-22","purchased_purges":5,"victory":true,"max_hp_per_floor":[75,75,75,75,75,75,75,75,75,75,75,75,75,75,75,75,75,75,75,75,75,75,75,75,75,75,75,75,75,75,75,75,75,75,75,75,75,75,75,75,75,75,75,75,75,75,75,75,75,75,75,75,75,75,75],"card_choices":[{"not_picked":["Compile Driver","ReplaySolidLightProjector"],"picked":"Steam","floor":1.0},{"not_picked":["Hello World","Compile Driver"],"picked":"Gash","floor":4},{"not_picked":["ReplayTheSpireMod:Calculation Training","Panic Button","ReplayTheSpireMod:Omega Cannon"],"picked":"SKIP","floor":7},{"not_picked":["Reinforced Body","Ball Lightning","Sweeping Beam"],"picked":"SKIP","floor":11},{"not_picked":["Force Field","Tempest"],"picked":"Go for the Eyes","floor":12},{"not_picked":["Buffer","Biased Cognition"],"picked":"Seek","floor":16},{"not_picked":["Sweeping Beam","Conserve Battery+1"],"picked":"Hologram+1","floor":18},{"not_picked":["Rebound+1","Turbo","Leap"],"picked":"SKIP","floor":19},{"not_picked":["Leap+1","Rebound"],"picked":"Steam","floor":21},{"not_picked":["Consume","Sweeping Beam","Compile Driver"],"picked":"SKIP","floor":22},{"not_picked":["Defragment+1","Crystallizer+1","Sweeping Beam"],"picked":"SKIP","floor":23},{"not_picked":["Loop+1","FIFO Queue+1","Barrage"],"picked":"SKIP","floor":24},{"not_picked":["Melter+1","Stack+1","Steam"],"picked":"SKIP","floor":28},{"not_picked":["Ball Lightning","Conserve Battery","Steam"],"picked":"SKIP","floor":29},{"not_picked":["Redo","Static Discharge"],"picked":"Gash","floor":30},{"not_picked":["Echo Form","Multi-Cast"],"picked":"Reboot","floor":33},{"not_picked":["Redo","Cold Snap+1","Panic Button"],"picked":"SKIP","floor":35},{"not_picked":["HalloweenModCandy","HalloweenModGhostCostume"],"picked":"HalloweenModTrick+1","floor":39},{"not_picked":["HalloweenModGhostCostume","HalloweenModTrick+1"],"picked":"HalloweenModCandy+1","floor":41},{"not_picked":["HalloweenModGhostCostume","HalloweenModTrick+1","HalloweenModCandy"],"picked":"SKIP","floor":45},{"not_picked":["HalloweenModTrick","HalloweenModGhostCostume+1"],"picked":"HalloweenModCandy","floor":46},{"not_picked":["HalloweenModGhostCostume+1","HalloweenModTrick+1"],"picked":"HalloweenModCandy+1","floor":47},{"not_picked":["HalloweenModCandy","HalloweenModGhostCostume+1","HalloweenModTrick"],"picked":"SKIP","floor":48},{"not_picked":["HalloweenModGhostCostume+1","HalloweenModTrick+1","HalloweenModCandy"],"picked":"SKIP","floor":54}],"player_experience":404247,"relics_obtained":[{"floor":7,"key":"Bag of Preparation"},{"floor":8,"key":"testmod-ConstraintPeriapt"},{"floor":9,"key":"ReplayFunnel"},{"floor":20,"key":"testmod-Laevatain"},{"floor":23,"key":"Oddly Smooth Stone"},{"floor":31,"key":"Enchiridion"},{"floor":41,"key":"Darkstone Periapt"},{"floor":43,"key":"testmod-IndustrialRevolution"},{"floor":48,"key":"Centennial Puzzle"},{"floor":54,"key":"Happy Flower"}],"event_choices":[{"damage_healed":0,"gold_gain":0,"player_choice":"Grow","damage_taken":0,"max_hp_gain":0,"max_hp_loss":0,"event_name":"Living Wall","floor":2,"gold_loss":0,"cards_upgraded":["Zap"]},{"cards_removed":["Strike_B"],"damage_healed":0,"gold_gain":0,"player_choice":"Offered Basic","damage_taken":0,"max_hp_gain":0,"max_hp_loss":0,"event_name":"Bonfire Elementals","floor":3,"gold_loss":0},{"damage_healed":0,"gold_gain":400,"player_choice":"Sell","damage_taken":0,"max_hp_gain":0,"max_hp_loss":0,"event_name":"恩洛斯的盘子","floor":10,"relics_lost":["testmod-TestBox"],"gold_loss":0},{"damage_healed":0,"gold_gain":0,"player_choice":"Forge","damage_taken":0,"max_hp_gain":0,"max_hp_loss":0,"event_name":"Accursed Blacksmith","floor":14,"gold_loss":0,"cards_upgraded":["Chill"]},{"damage_healed":0,"gold_gain":0,"player_choice":"Obtained Book","damage_taken":16,"max_hp_gain":0,"max_hp_loss":0,"event_name":"Cursed Tome","floor":31,"gold_loss":0},{"damage_healed":0,"gold_gain":0,"player_choice":"Swap Relic","damage_taken":0,"relics_obtained":["HalloweenModHalloween"],"max_hp_gain":0,"max_hp_loss":0,"event_name":"给自己的盒子","floor":36,"relics_lost":["Enchiridion"],"gold_loss":0},{"damage_healed":0,"gold_gain":0,"player_choice":"Cursed","damage_taken":0,"max_hp_gain":0,"max_hp_loss":0,"event_name":"Wheel of Change","floor":38,"gold_loss":0,"cards_obtained":["Decay"]},{"damage_healed":0,"gold_gain":0,"player_choice":"Got Potions","damage_taken":0,"max_hp_gain":0,"max_hp_loss":0,"event_name":"Lab","floor":42,"gold_loss":0}],"is_beta":false,"boss_relics":[{"not_picked":["testmod-BloodSacrificeSpiritualization","testmod-Fanaticism"],"picked":"Fusion Hammer"},{"not_picked":["Nuclear Battery","Tiny House"],"picked":"Replay:Grab Bag"},{"not_picked":["Velvet Choker","ChewingGum"],"picked":"LagranYue:SoulBurningRelic"},{"not_picked":["Busted Crown","Runic Dome"],"picked":"LagranYue:ContractPerformanceRelic"},{"not_picked":["testmod-CardMagician","testmod-StringDisintegrator"],"picked":"testmod-TimeTraveler"}],"items_purged_floors":[5,13,27,37,53],"is_endless":false,"potions_floor_spawned":[4,11,16,18,23,24,33,45,46],"ascension_level":7}}