{"host":"utqe55yv0jihe4d6","time":1612152520,"event":{"mods":["2.2 Compatiblity","AchievementEnabler","BaseMod","Block Reminder","Colored Map","Colored Powertips","Minty Spire (QoL Compilation)","Quick Restart","Rare Cards Sparkle","Relic Stats","SuperFastMode"],"gold_per_floor":[13,24,24,34,50,50,50,79,155,187,209,209,227,243,243,317,317,331,331,331,6,26,56,56,88,88,13,24,24,51,63,75,158,170,198,210,222,248,272,284,323,335,372,407,444,469,481,527,551,563,575,587,599,611,137,164,164],"floor_reached":58,"language":"ENG","playtime":2695,"items_purged":["Strike_G","Strike_G+1"],"score":3051,"play_id":"50f8d547-cd73-4d80-bcf7-2829aa3f353c","local_time":"20210131230840","is_ascension_mode":true,"campfire_choices":[{"data":"Bouncing Flask","floor":6,"key":"SMITH"},{"floor":12,"key":"REST"},{"data":"Envenom","floor":15,"key":"SMITH"},{"data":"Wraith Form v2","floor":24,"key":"SMITH"},{"data":"Sadistic Nature","floor":32,"key":"SMITH"},{"floor":42,"key":"REST"},{"floor":47,"key":"RECALL"},{"data":"Footwork","floor":50,"key":"SMITH"},{"data":"Neutralize","floor":54,"key":"SMITH"}],"circlet_count":0,"master_deck":["AscendersBane","Defend_G+1","Defend_G+1","Defend_G+1","Defend_G+1","Defend_G+1","Survivor","Neutralize","Sadistic Nature+1","Bouncing Flask+1","Neutralize+1","Escape Plan+1","Wraith Form v2+1","Cloak And Dagger+1","Dagger Throw","Envenom+1","Backflip+1","Backflip+1","Skewer","Burst+1","Crippling Poison+1","Ghostly+1","Ghostly+1","Ghostly+1","Crippling Poison+1","Footwork+1","PiercingWail+1","Night Terror+1","Expertise+1","Blade Dance+1","Footwork","Burst+1","Madness+1","Forethought+1","Outmaneuver+1","Dodge and Roll+1","Shame","Backflip+1","Parasite","Catalyst+1","Tools of the Trade","Burst+1","Burst+1"],"relics":["Ring of the Snake","Turnip","Toxic Egg 2","Regal Pillow","Odd Mushroom","Cursed Key","OrangePellets","Centennial Puzzle","Juzu Bracelet","MawBank","Runic Pyramid","Ornamental Fan","Mango","Mummified Hand","Pear","Membership Card","Happy Flower","War Paint"],"acts_visited":["Exordium","TheCity","TheBeyond","TheEnding"],"potions_floor_usage":[8,25,57],"damage_taken":[{"damage":3.0,"enemies":"2 Louse","floor":1.0,"turns":4.0},{"damage":0.0,"enemies":"Cultist","floor":2.0,"turns":3.0},{"damage":0.0,"enemies":"Jaw Worm","floor":4.0,"turns":2.0},{"damage":0,"enemies":"Large Slime","floor":5,"turns":5},{"damage":23,"enemies":"3 Sentries","floor":8,"turns":8},{"damage":0,"enemies":"Lagavulin","floor":10,"turns":7},{"damage":8,"enemies":"The Mushroom Lair","floor":11,"turns":5},{"damage":6,"enemies":"3 Louse","floor":13,"turns":5},{"damage":0,"enemies":"Looter","floor":14,"turns":2},{"damage":17,"enemies":"Hexaghost","floor":16,"turns":8},{"damage":9,"enemies":"Chosen","floor":18,"turns":5},{"damage":0,"enemies":"Shell Parasite","floor":22,"turns":6},{"damage":3,"enemies":"Book of Stabbing","floor":23,"turns":7},{"damage":0,"enemies":"Slavers","floor":25,"turns":4},{"damage":0,"enemies":"Snake Plant","floor":28,"turns":4},{"damage":6,"enemies":"Gremlin Leader","floor":30,"turns":9},{"damage":19,"enemies":"Automaton","floor":33,"turns":11},{"damage":1,"enemies":"3 Shapes","floor":35,"turns":6},{"damage":0,"enemies":"3 Darklings","floor":38,"turns":3},{"damage":0,"enemies":"Maw","floor":39,"turns":8},{"damage":1,"enemies":"Nemesis","floor":41,"turns":11},{"damage":0,"enemies":"Mind Bloom Boss Battle","floor":43,"turns":6},{"damage":1,"enemies":"Giant Head","floor":45,"turns":10},{"damage":0,"enemies":"Jaw Worm Horde","floor":46,"turns":5},{"damage":0,"enemies":"Reptomancer","floor":48,"turns":6},{"damage":1,"enemies":"Writhing Mass","floor":49,"turns":7},{"damage":2,"enemies":"Donu and Deca","floor":51,"turns":12},{"damage":3,"enemies":"Awakened One","floor":52,"turns":9},{"damage":4,"enemies":"Shield and Spear","floor":56,"turns":7},{"damage":31,"enemies":"The Heart","floor":57,"turns":5}],"seed_played":"6989824187575665636","potions_obtained":[{"floor":4.0,"key":"ColorlessPotion"},{"floor":5,"key":"Strength Potion"},{"floor":14,"key":"AttackPotion"},{"floor":18,"key":"SkillPotion"},{"floor":33,"key":"Strength Potion"},{"floor":38,"key":"Energy Potion"},{"floor":45,"key":"SkillPotion"}],"is_trial":false,"path_per_floor":["M","M","?","M","M","R","?","E","T","E","?","R","M","M","R","B",null,"M","?","?","$","M","E","R","E","T","?","M","?","E","?","R","B",null,"M","?","?","M","M","M","E","R","?","T","E","M","R","E","M","R","B","B",null,"R","$","E","B",null],"character_chosen":"THE_SILENT","items_purchased":["OrangePellets","Footwork","Membership Card","Happy Flower","Tools of the Trade","Burst+1","War Paint"],"campfire_rested":2,"item_purchase_floors":[21,21,55,55,55,55,55],"current_hp_per_floor":[56,56,56,56,56,56,49,26,26,26,18,52,46,46,46,29,57,48,33,33,33,33,30,30,30,30,30,30,30,24,24,24,5,26,25,25,20,20,20,20,19,31,45,45,44,44,44,54,53,53,51,48,53,53,53,49,18],"gold":164,"neow_bonus":"RANDOM_COLORLESS_2","is_daily":false,"chose_seed":false,"campfire_upgraded":6,"win_rate":0.0,"timestamp":1612152520,"path_taken":["M","M","?","?","M","R","?","E","T","E","?","R","M","M","R","BOSS","M","?","?","$","M","E","R","E","T","?","M","?","E","?","R","BOSS","M","?","?","M","M","M","E","R","?","T","E","M","R","E","M","R","BOSS","BOSS","R","$","E","BOSS"],"items_purchased_type":["Relic","Card","Relic","Relic","Card","Card","Relic"],"build_version":"2020-12-22","purchased_purges":2,"victory":true,"max_hp_per_floor":[66,66,66,66,66,66,66,66,66,66,66,66,66,66,66,66,66,66,33,33,33,33,33,33,33,33,33,33,33,33,33,33,33,33,33,31,31,31,31,31,31,31,45,45,45,45,45,55,55,55,55,55,55,55,55,55,55],"relic_stats":{"Regal Pillow":18,"Happy Flower":[4],"counters":[30,190],"Juzu Bracelet":1,"War Paint":["Cloak And Dagger","Escape Plan"],"Cursed Key":1,"MawBank":300,"OrangePellets":[25],"Centennial Puzzle":[30],"Ornamental Fan":[64],"Mummified Hand":[39],"Turnip":[25],"obtain_stats":[{"Regal Pillow":10,"Pear":48,"Happy Flower":55,"Mango":43,"Juzu Bracelet":25,"Odd Mushroom":11,"War Paint":55,"Cursed Key":17,"MawBank":30,"OrangePellets":21,"Centennial Puzzle":23,"Ornamental Fan":41,"Mummified Hand":45,"Turnip":8,"Membership Card":55,"Toxic Egg 2":9,"Ring of the Snake":0,"Runic Pyramid":34},{"Regal Pillow":6,"Pear":25,"Happy Flower":28,"Mango":22,"Juzu Bracelet":14,"Odd Mushroom":7,"War Paint":28,"Cursed Key":10,"MawBank":16,"OrangePellets":11,"Centennial Puzzle":13,"Ornamental Fan":21,"Mummified Hand":23,"Turnip":5,"Membership Card":28,"Toxic Egg 2":5,"Ring of the Snake":0,"Runic Pyramid":17},{"Regal Pillow":29,"Pear":150,"Happy Flower":178,"Mango":129,"Juzu Bracelet":71,"Odd Mushroom":34,"War Paint":178,"Cursed Key":49,"MawBank":84,"OrangePellets":54,"Centennial Puzzle":67,"Ornamental Fan":123,"Mummified Hand":139,"Turnip":22,"Membership Card":178,"Toxic Egg 2":22,"Ring of the Snake":0,"Runic Pyramid":95}],"Ring of the Snake":[60]},"card_choices":[{"not_picked":["Chrysalis","Secret Technique"],"picked":"Sadistic Nature","floor":0.0},{"not_picked":["Outmaneuver","Backflip","PiercingWail"],"picked":"SKIP","floor":1.0},{"not_picked":["Slice","Flying Knee"],"picked":"Bouncing Flask","floor":2.0},{"not_picked":["Deflect","Prepared"],"picked":"Wraith Form v2","floor":4.0},{"not_picked":["Slice","Backstab"],"picked":"Cloak And Dagger","floor":5},{"not_picked":["Choke","Deflect"],"picked":"Dagger Throw","floor":8},{"not_picked":["Outmaneuver+1","Poisoned Stab"],"picked":"Envenom","floor":10},{"not_picked":["Cloak And Dagger+1","Bane"],"picked":"Backflip+1","floor":11},{"not_picked":["Slice","Sucker Punch"],"picked":"Backflip+1","floor":13},{"not_picked":["Infinite Blades","Riddle With Holes"],"picked":"Skewer","floor":14},{"not_picked":["Phantasmal Killer+1","Venomology+1"],"picked":"Burst+1","floor":16},{"not_picked":["Cloak And Dagger+1","Underhanded Strike"],"picked":"Crippling Poison+1","floor":18},{"not_picked":["Dagger Throw","Cloak And Dagger+1"],"picked":"PiercingWail+1","floor":22},{"not_picked":["Distraction+1","Backflip+1"],"picked":"Night Terror+1","floor":23},{"not_picked":["Heel Hook","Prepared+1"],"picked":"Expertise+1","floor":25},{"not_picked":["Backflip+1","Deflect+1"],"picked":"Blade Dance+1","floor":28},{"not_picked":["Deadly Poison+1","Blade Dance+1","Bane"],"picked":"SKIP","floor":30},{"not_picked":["Bullet Time+1","Tools of the Trade"],"picked":"Burst+1","floor":33},{"not_picked":["Terror+1","Dagger Spray","All Out Attack"],"picked":"SKIP","floor":35},{"not_picked":["Jack Of All Trades+1","Violence+1"],"picked":"Madness+1","floor":37},{"not_picked":["Discovery+1","Dramatic Entrance"],"picked":"Forethought+1","floor":37},{"not_picked":["Deadly Poison+1","Sucker Punch+1","Choke"],"picked":"SKIP","floor":38},{"not_picked":["Dagger Throw","PiercingWail+1","Finisher"],"picked":"SKIP","floor":39},{"not_picked":["Underhanded Strike+1","Deflect+1"],"picked":"Outmaneuver+1","floor":41},{"not_picked":["Blade Dance+1","Tactician+1"],"picked":"Dodge and Roll+1","floor":43},{"not_picked":["Expertise+1","Underhanded Strike","All Out Attack"],"picked":"SKIP","floor":45},{"not_picked":["Prepared+1","Eviscerate"],"picked":"Backflip+1","floor":46},{"not_picked":["Endless Agony","Eviscerate","Terror+1"],"picked":"SKIP","floor":48},{"not_picked":["Poisoned Stab","Setup+1"],"picked":"Catalyst+1","floor":49},{"not_picked":["Blur+1","Skewer+1"],"picked":"Burst+1","floor":56}],"player_experience":2969970,"relics_obtained":[{"floor":8,"key":"Turnip"},{"floor":9,"key":"Toxic Egg 2"},{"floor":10,"key":"Regal Pillow"},{"floor":11,"key":"Odd Mushroom"},{"floor":23,"key":"Centennial Puzzle"},{"floor":25,"key":"Juzu Bracelet"},{"floor":30,"key":"MawBank"},{"floor":41,"key":"Ornamental Fan"},{"floor":43,"key":"Mango"},{"floor":45,"key":"Mummified Hand"},{"floor":48,"key":"Pear"}],"event_choices":[{"damage_healed":0.0,"max_hp_gain":0.0,"max_hp_loss":0.0,"gold_gain":0.0,"event_name":"Match and Keep!","player_choice":"2 cards matched","floor":3.0,"gold_loss":0.0,"damage_taken":0.0,"cards_obtained":["Neutralize","Escape Plan"]},{"cards_removed":["Strike_G"],"damage_healed":0,"gold_gain":0,"player_choice":"Card Removal","damage_taken":7,"max_hp_gain":0,"max_hp_loss":0,"event_name":"Golden Wing","floor":7,"gold_loss":0},{"damage_healed":0,"gold_gain":0,"player_choice":"Fought Mushrooms","damage_taken":0,"max_hp_gain":0,"max_hp_loss":0,"event_name":"Mushrooms","floor":11,"gold_loss":0},{"damage_healed":0,"gold_gain":0,"player_choice":"Became a Ghost","damage_taken":0,"max_hp_gain":0,"max_hp_loss":33,"event_name":"Ghosts","floor":19,"gold_loss":0,"cards_obtained":["Ghostly","Ghostly","Ghostly"]},{"damage_healed":0,"gold_gain":0,"cards_transformed":["Strike_G"],"player_choice":"Transformed","damage_taken":0,"max_hp_gain":0,"max_hp_loss":0,"event_name":"Transmorgrifier","floor":20,"gold_loss":0,"cards_obtained":["Crippling Poison"]},{"cards_removed":["Strike_G"],"damage_healed":0,"gold_gain":0,"player_choice":"Gave Gold","damage_taken":0,"max_hp_gain":0,"max_hp_loss":0,"event_name":"Beggar","floor":27,"gold_loss":75},{"damage_healed":0,"gold_gain":0,"player_choice":"Read","damage_taken":0,"max_hp_gain":0,"max_hp_loss":0,"event_name":"The Library","floor":29,"gold_loss":0,"cards_obtained":["Footwork"]},{"damage_healed":0,"gold_gain":0,"player_choice":"Simplicity","damage_taken":0,"max_hp_gain":0,"max_hp_loss":0,"event_name":"Back to Basics","floor":31,"gold_loss":0,"cards_upgraded":["Strike_G","Defend_G","Defend_G","Defend_G","Defend_G","Defend_G"]},{"damage_healed":0,"gold_gain":0,"player_choice":"Max HP","damage_taken":0,"max_hp_gain":0,"max_hp_loss":2,"event_name":"Winding Halls","floor":36,"gold_loss":0},{"damage_healed":0,"gold_gain":0,"player_choice":"Memory 2","damage_taken":5,"max_hp_gain":0,"max_hp_loss":0,"event_name":"SensoryStone","floor":37,"gold_loss":0},{"damage_healed":0,"gold_gain":0,"player_choice":"Fight","damage_taken":0,"max_hp_gain":0,"max_hp_loss":0,"event_name":"MindBloom","floor":43,"gold_loss":0}],"is_beta":false,"boss_relics":[{"not_picked":["Ectoplasm","Busted Crown"],"picked":"Cursed Key"},{"not_picked":["Black Star","Pandora\u0027s Box"],"picked":"Runic Pyramid"}],"items_purged_floors":[21,55],"is_endless":false,"potions_floor_spawned":[4,5,14,16,18,33,38,43,45,48],"ascension_level":20}}