{"host":"wuernuywc9gl215o","time":1612219561,"event":{"mods":["AchievementEnabler","BaseMod","Block Reminder","Key Reminder","Minty Spire (QoL Compilation)","Permanent Neow","Potion Indicator Mod","Quick Restart","Relic Stats"],"gold_per_floor":[169,169,179,195,207,233,233,263,289,289,214,227,227,243,243,243,243],"floor_reached":16,"language":"ENG","playtime":898,"items_purged":[],"score":224,"play_id":"e314cce3-5312-45e9-820e-50de5487a1ae","local_time":"20210201224601","is_ascension_mode":true,"campfire_choices":[{"floor":7.0,"key":"REST"},{"floor":10.0,"key":"REST"},{"data":"Spot Weakness","floor":13.0,"key":"SMITH"},{"data":"Bash","floor":15.0,"key":"SMITH"}],"circlet_count":0,"master_deck":["AscendersBane","Strike_R","Strike_R+1","Strike_R","Strike_R","Defend_R","Defend_R","Defend_R","Defend_R","Bash+1","Pommel Strike","Clash","Headbutt","Clothesline","Hemokinesis","True Grit","Spot Weakness+1","Flame Barrier"],"relics":["Tiny House","Unceasing Top","Bag of Marbles","Regal Pillow"],"acts_visited":["Exordium"],"potions_floor_usage":[16],"damage_taken":[{"damage":2.0,"enemies":"Jaw Worm","floor":1.0,"turns":3.0},{"damage":1.0,"enemies":"Cultist","floor":3.0,"turns":3.0},{"damage":3.0,"enemies":"2 Louse","floor":4.0,"turns":2.0},{"damage":4.0,"enemies":"Large Slime","floor":5.0,"turns":6.0},{"damage":31.0,"enemies":"Lagavulin","floor":6.0,"turns":6.0},{"damage":31.0,"enemies":"Gremlin Nob","floor":8.0,"turns":4.0},{"damage":9.0,"enemies":"Exordium Thugs","floor":12.0,"turns":4.0},{"damage":5.0,"enemies":"3 Louse","floor":14.0,"turns":3.0},{"damage":61,"enemies":"Slime Boss","floor":16,"turns":8}],"seed_played":"2274854833012189634","potions_obtained":[{"floor":0.0,"key":"Explosive Potion"},{"floor":2.0,"key":"GamblersBrew"},{"floor":4.0,"key":"PowerPotion"},{"floor":6.0,"key":"SpeedPotion"}],"is_trial":false,"path_per_floor":["M","?","M","M","M","E","R","E","T","R","?","M","R","M","R","B"],"character_chosen":"IRONCLAD","items_purchased":[],"campfire_rested":2,"item_purchase_floors":[],"current_hp_per_floor":[71,71,70,67,63,32,56,25,25,64,64,55,55,50,50,0,0],"gold":243,"neow_bonus":"BOSS_RELIC","is_daily":false,"chose_seed":false,"campfire_upgraded":2,"win_rate":0.0,"timestamp":1612219561,"path_taken":["M","?","?","M","M","E","R","E","T","R","?","M","R","M","R","BOSS"],"items_purchased_type":[],"build_version":"2020-12-22","purchased_purges":0,"victory":false,"max_hp_per_floor":[80,80,80,80,80,80,80,80,80,80,80,80,80,80,80,80,80],"relic_stats":{"Regal Pillow":15,"counters":[9,39],"obtain_stats":[{"Regal Pillow":9,"Tiny House":0,"Bag of Marbles":8,"Burning Blood":0,"Unceasing Top":6},{"Regal Pillow":6,"Tiny House":0,"Bag of Marbles":6,"Burning Blood":0,"Unceasing Top":5},{"Regal Pillow":24,"Tiny House":0,"Bag of Marbles":24,"Burning Blood":0,"Unceasing Top":20}],"Unceasing Top":[2]},"card_choices":[{"not_picked":["Havoc","Body Slam"],"picked":"Pommel Strike","floor":0.0},{"not_picked":["Pommel Strike","Burning Pact"],"picked":"Clash","floor":1.0},{"not_picked":["Warcry","Pommel Strike"],"picked":"Headbutt","floor":3.0},{"not_picked":["Power Through","Flex"],"picked":"Clothesline","floor":4.0},{"not_picked":["Wild Strike","Rupture"],"picked":"Hemokinesis","floor":5.0},{"not_picked":["Bloodletting","Berserk"],"picked":"True Grit","floor":6.0},{"not_picked":["Perfected Strike","True Grit"],"picked":"Spot Weakness","floor":8.0},{"not_picked":["Havoc","Dropkick"],"picked":"Flame Barrier","floor":12.0},{"not_picked":["Havoc","Heavy Blade","Thunderclap"],"picked":"SKIP","floor":14.0}],"player_experience":758861,"relics_obtained":[{"floor":6.0,"key":"Unceasing Top"},{"floor":8.0,"key":"Bag of Marbles"},{"floor":9.0,"key":"Regal Pillow"}],"event_choices":[{"damage_healed":0.0,"max_hp_gain":0.0,"max_hp_loss":0.0,"gold_gain":0.0,"event_name":"Lab","player_choice":"Got Potions","floor":2.0,"gold_loss":0.0,"damage_taken":0.0},{"cards_removed":["Strike_R"],"damage_healed":0.0,"max_hp_gain":0.0,"max_hp_loss":0.0,"gold_gain":0.0,"event_name":"The Cleric","player_choice":"Card Removal","floor":11.0,"gold_loss":75.0,"damage_taken":0.0}],"is_beta":false,"boss_relics":[],"items_purged_floors":[],"is_endless":false,"potions_floor_spawned":[3,4,6],"killed_by":"Slime Boss","ascension_level":20}}