{"host":"sav7uxregyirlf69","time":1612186245,"event":{"mods":["AchievementEnabler","BaseMod","Colored Map","DeckTracker","Keyboard Shortcuts","Minty Spire (QoL Compilation)","READ ME - Guardian Mod","StSLib","SuperFastMode"],"gold_per_floor":[112,112,124,135,135,135,135,135,135,154,168,7,27,42,42,137,137,156,194,194,11,31,31,31,31,55,69,69,69,69,69,69],"floor_reached":31,"language":"KOR","playtime":493,"items_purged":["Strike_G","Strike_G"],"score":450,"play_id":"db2032ea-d0e1-4981-ac05-af41444bfec7","local_time":"20210201223045","is_ascension_mode":true,"campfire_choices":[{"data":"Noxious Fumes","floor":6.0,"key":"SMITH"},{"data":"Blade Dance","floor":8.0,"key":"SMITH"},{"data":"Catalyst","floor":15.0,"key":"SMITH"},{"floor":23.0,"key":"REST"},{"data":"1","floor":25,"key":"LIFT"},{"floor":29,"key":"REST"}],"circlet_count":0,"master_deck":["AscendersBane","Strike_G","Strike_G","Strike_G","Defend_G","Defend_G","Defend_G","Defend_G+1","Defend_G+1","Survivor","Neutralize","Blade Dance+1","Noxious Fumes+1","Backstab","Neutralize","PiercingWail","Footwork","Catalyst+1","Adrenaline","Escape Plan","Blade Dance+1"],"relics":["Ring of the Snake","Potion Belt","Golden Idol","Girya","Cursed Key","Red Mask"],"acts_visited":["Exordium","TheCity"],"potions_floor_usage":[31],"damage_taken":[{"damage":1.0,"enemies":"Small Slimes","floor":1.0,"turns":4.0},{"damage":1.0,"enemies":"2 Louse","floor":3.0,"turns":3.0},{"damage":0.0,"enemies":"Cultist","floor":4.0,"turns":4.0},{"damage":7.0,"enemies":"Large Slime","floor":10.0,"turns":5.0},{"damage":10.0,"enemies":"Exordium Wildlife","floor":11.0,"turns":5.0},{"damage":1.0,"enemies":"2 Fungi Beasts","floor":13.0,"turns":4.0},{"damage":5.0,"enemies":"Exordium Thugs","floor":14.0,"turns":5.0},{"damage":7.0,"enemies":"The Guardian","floor":16.0,"turns":10.0},{"damage":16.0,"enemies":"Shell Parasite","floor":18.0,"turns":7.0},{"damage":26.0,"enemies":"Masked Bandits","floor":19.0,"turns":4.0},{"damage":4.0,"enemies":"Spheric Guardian","floor":22.0,"turns":5.0},{"damage":29,"enemies":"Snake Plant","floor":27,"turns":5},{"damage":27,"enemies":"Chosen and Byrds","floor":31,"turns":5}],"seed_played":"7190214077545003850","potions_obtained":[{"floor":3.0,"key":"Explosive Potion"},{"floor":11.0,"key":"EssenceOfSteel"},{"floor":13.0,"key":"Fire Potion"},{"floor":14.0,"key":"Energy Potion"},{"floor":19.0,"key":"Regen Potion"},{"floor":22.0,"key":"Strength Potion"},{"floor":27,"key":"Energy Potion"}],"is_trial":false,"path_per_floor":["M","?","M","M","?","R","?","R","T","M","M","$","M","M","R","B",null,"M","?","?","$","M","R","?","R","T","M","$","R","?","M"],"character_chosen":"THE_SILENT","items_purchased":["Footwork","DuplicationPotion"],"campfire_rested":2,"item_purchase_floors":[12,21],"current_hp_per_floor":[58,38,37,37,37,37,37,37,37,30,20,20,19,14,14,7,47,31,5,5,5,16,34,34,34,34,5,5,23,23,0,0],"gold":69,"neow_bonus":"RANDOM_COMMON_RELIC","is_daily":false,"chose_seed":false,"campfire_upgraded":3,"win_rate":0.0,"timestamp":1612186245,"path_taken":["M","?","M","M","?","R","?","R","T","M","M","$","M","?","R","BOSS","M","?","?","$","M","R","?","R","T","?","?","R","?","M"],"items_purchased_type":["Card","Potion"],"build_version":"2020-12-22","purchased_purges":2,"victory":false,"max_hp_per_floor":[66,66,66,66,60,60,60,60,60,60,60,60,60,60,60,60,60,60,60,60,60,60,60,60,60,60,60,60,60,60,60,60],"card_choices":[{"not_picked":["Caltrops","Dagger Throw"],"picked":"Blade Dance","floor":1.0},{"not_picked":["Blade Dance","Backstab"],"picked":"Noxious Fumes","floor":3.0},{"not_picked":["Slice","Heel Hook"],"picked":"Backstab","floor":4.0},{"not_picked":["Deflect","Choke"],"picked":"PiercingWail","floor":10.0},{"not_picked":["Acrobatics","PiercingWail","Flying Knee"],"picked":"SKIP","floor":11.0},{"not_picked":["All Out Attack","Acrobatics","PiercingWail"],"picked":"SKIP","floor":13.0},{"not_picked":["Deflect","Endless Agony"],"picked":"Catalyst","floor":14.0},{"not_picked":["Glass Knife","Storm of Steel"],"picked":"Adrenaline","floor":16.0},{"not_picked":["Dodge and Roll","Eviscerate"],"picked":"Escape Plan","floor":18.0},{"not_picked":["Dagger Throw","Flying Knee","Underhanded Strike"],"picked":"SKIP","floor":22.0},{"not_picked":["Quick Slash","Flying Knee+1"],"picked":"Blade Dance+1","floor":27}],"player_experience":1456183,"relics_obtained":[{"floor":9.0,"key":"Girya"},{"floor":19.0,"key":"Red Mask"}],"event_choices":[{"damage_healed":0.0,"max_hp_gain":0.0,"max_hp_loss":0.0,"gold_gain":0.0,"event_name":"Shining Light","player_choice":"Entered Light","floor":2.0,"gold_loss":0.0,"damage_taken":20.0,"cards_upgraded":["Defend_G","Defend_G"]},{"damage_healed":0.0,"max_hp_gain":0.0,"max_hp_loss":6.0,"gold_gain":0.0,"event_name":"Golden Idol","player_choice":"Lose Max HP","floor":5.0,"gold_loss":0.0,"damage_taken":0.0,"relics_obtained":["Golden Idol"]},{"damage_healed":0.0,"max_hp_gain":0.0,"max_hp_loss":0.0,"gold_gain":0.0,"event_name":"Match and Keep!","player_choice":"1 cards matched","floor":7.0,"gold_loss":0.0,"damage_taken":0.0,"cards_obtained":["Neutralize"]},{"damage_healed":0.0,"max_hp_gain":0.0,"max_hp_loss":0.0,"gold_gain":0.0,"event_name":"Masked Bandits","player_choice":"Fought Bandits","floor":19.0,"gold_loss":0.0,"damage_taken":0.0},{"damage_healed":0.0,"max_hp_gain":0.0,"max_hp_loss":0.0,"gold_gain":0.0,"event_name":"Ghosts","player_choice":"Ignored","floor":20.0,"gold_loss":0.0,"damage_taken":0.0},{"damage_healed":0,"gold_gain":0,"player_choice":"Leave","damage_taken":0,"max_hp_gain":0,"max_hp_loss":0,"event_name":"FaceTrader","floor":24,"gold_loss":0},{"cards_removed":["Decay"],"damage_healed":0,"gold_gain":0,"player_choice":"Card Removal","damage_taken":0,"max_hp_gain":0,"max_hp_loss":0,"event_name":"Wheel of Change","floor":30,"gold_loss":0}],"is_beta":false,"boss_relics":[{"not_picked":["SlaversCollar","Tiny House"],"picked":"Cursed Key"}],"items_purged_floors":[12,21],"is_endless":false,"potions_floor_spawned":[3,11,13,14,19,22,27],"killed_by":"Chosen and Byrds","ascension_level":20}}