{"host":"bf5upntvbdompq33","time":1612156554,"event":{"mods":["BaseMod","Colored Map","Colored Powertips","Curses Come First","Minty Spire (QoL Compilation)","StSLib"],"gold_per_floor":[116,130,149,36,36,64,75,75,152,152,152],"floor_reached":10,"language":"ENG","playtime":378,"items_purged":["Strike_R"],"score":112,"play_id":"87e8794a-b658-4068-b974-b94a308f9604","local_time":"20210131221554","is_ascension_mode":true,"campfire_choices":[{"floor":8,"key":"REST"}],"circlet_count":0,"master_deck":["AscendersBane","Strike_R","Strike_R","Strike_R","Strike_R","Defend_R","Defend_R","Defend_R","Defend_R","Bash","Shockwave","Body Slam","Feel No Pain","Entrench","Armaments"],"relics":["Burning Blood","NeowsBlessing","Pocketwatch","Singing Bowl"],"acts_visited":["Exordium"],"potions_floor_usage":[],"damage_taken":[{"damage":0,"enemies":"Jaw Worm","floor":1,"turns":1},{"damage":0,"enemies":"Small Slimes","floor":2,"turns":1},{"damage":0,"enemies":"2 Louse","floor":3,"turns":1},{"damage":63,"enemies":"Gremlin Nob","floor":6,"turns":6},{"damage":16,"enemies":"Exordium Wildlife","floor":7,"turns":5},{"damage":39,"enemies":"Lagavulin","floor":10,"turns":8}],"seed_played":"2401521137112685595","potions_obtained":[{"floor":2,"key":"ColorlessPotion"},{"floor":3,"key":"LiquidBronze"}],"is_trial":false,"path_per_floor":["M","M","M","$","?","E","M","R","T","E"],"character_chosen":"IRONCLAD","items_purchased":["Entrench"],"campfire_rested":1,"item_purchase_floors":[4],"current_hp_per_floor":[78,80,80,80,80,23,13,37,37,0,0],"gold":152,"neow_bonus":"THREE_ENEMY_KILL","is_daily":false,"chose_seed":false,"campfire_upgraded":0,"win_rate":0.0,"timestamp":1612156554,"path_taken":["M","M","M","$","?","E","M","R","T","E"],"items_purchased_type":["Card"],"build_version":"2020-12-22","purchased_purges":1,"victory":false,"max_hp_per_floor":[80,80,80,80,80,80,80,80,80,80,80],"card_choices":[{"not_picked":["Shrug It Off","Iron Wave"],"picked":"Shockwave","floor":1},{"not_picked":["Warcry","Intimidate"],"picked":"Body Slam","floor":2},{"not_picked":["Shrug It Off","Sword Boomerang"],"picked":"Feel No Pain","floor":3},{"not_picked":["Perfected Strike","Armaments","Flex"],"picked":"SKIP","floor":6},{"not_picked":["Demon Form","Pummel"],"picked":"Armaments","floor":7}],"player_experience":1283856,"relics_obtained":[{"floor":6,"key":"Pocketwatch"},{"floor":9,"key":"Singing Bowl"}],"event_choices":[{"damage_healed":0,"gold_gain":0,"player_choice":"Ignored","damage_taken":0,"max_hp_gain":0,"max_hp_loss":0,"event_name":"Golden Idol","floor":5,"gold_loss":0}],"is_beta":false,"boss_relics":[],"items_purged_floors":[4],"is_endless":false,"potions_floor_spawned":[2,3],"killed_by":"Lagavulin","ascension_level":13}}