{"host":"auv68s8i97pkmhwr","time":1612158981,"event":{"mods":["A Penny For Your Troubles","AchievementEnabler","BaseMod","Best Route Mod","Bestiary","Better Altar","Better Match","Better Sensory Stone","Better Skull","Better Third Choice","Better Vampires","BetterRewards","Block Reminder","Colored Map","Colored Powertips","Dark Map","Displayed Cursed Tome","Minty Spire (QoL Compilation)","StSLib","SuperFastMode","Uncapped","Unceasing Turn Reminder"],"gold_per_floor":[155,209,240,301,371,418,418,448,448,534,534,563,563,592,592,710,710,743,743,779,816,871,925,925,970,1023,1090,1144,1162,1217,1217,1217,1340,1340,1359,1359,1400,808,872,925,925,954,954,984,997,997,1016,1046,1046,1047,1047,1047,232,260,260],"floor_reached":56,"language":"ENG","playtime":1898,"items_purged":["Strike_R","Strike_R","Strike_R","Barricade","Strike_R"],"score":2816,"play_id":"88c8a599-7a9c-4fe4-9856-cf9abb19bb87","local_time":"20210201135621","is_ascension_mode":true,"campfire_choices":[{"data":"Inflame","floor":7,"key":"SMITH"},{"data":"Sword Boomerang","floor":11,"key":"SMITH"},{"data":"True Grit","floor":13,"key":"SMITH"},{"data":"Feel No Pain","floor":15,"key":"SMITH"},{"data":"Limit Break","floor":24,"key":"SMITH"},{"data":"Feel No Pain","floor":32,"key":"SMITH"},{"data":"Second Wind","floor":46,"key":"SMITH"},{"floor":49,"key":"RECALL"},{"data":"Bash","floor":52,"key":"SMITH"}],"circlet_count":0,"master_deck":["AscendersBane","Strike_R+1","Defend_R","Defend_R","Defend_R","Defend_R","Bash+1","Feel No Pain+1","Inflame+1","True Grit+1","Spot Weakness","Sword Boomerang+1","Cleave","Limit Break+1","Feel No Pain+1","Battle Trance+1","Entrench+1","Seeing Red+1","Second Wind+1","Limit Break+1"],"relics":["Burning Blood","Incense Burner","CaptainsWheel","Torii","Sling","FossilizedHelix","ClockworkSouvenir","Bird Faced Urn","Ancient Tea Set","Bag of Marbles","HornCleat","Ice Cream","StrikeDummy","Mark of Pain","Centennial Puzzle","Whetstone","Red Skull","Happy Flower","Eternal Feather","Nilry\u0027s Codex","Black Star","OrangePellets","Calipers","Strawberry","Dead Branch","Shuriken","Pantograph","Akabeko","Bag of Preparation","Bronze Scales","Anchor","Boot","Charon\u0027s Ashes","DollysMirror","Vajra","Art of War"],"acts_visited":["Exordium","TheCity","TheBeyond","TheEnding"],"potions_floor_usage":[3,4,10,22,28,35,42,42,47,50,54,55,55,55],"damage_taken":[{"damage":0,"enemies":"Small Slimes","floor":1,"turns":3},{"damage":1,"enemies":"2 Louse","floor":2,"turns":5},{"damage":0,"enemies":"Jaw Worm","floor":3,"turns":4},{"damage":0,"enemies":"2 Fungi Beasts","floor":4,"turns":4},{"damage":12,"enemies":"3 Louse","floor":5,"turns":7},{"damage":0,"enemies":"Lagavulin","floor":6,"turns":8},{"damage":11,"enemies":"3 Sentries","floor":10,"turns":11},{"damage":0,"enemies":"Gremlin Nob","floor":12,"turns":5},{"damage":0,"enemies":"Lagavulin","floor":14,"turns":4},{"damage":3,"enemies":"The Guardian","floor":16,"turns":7},{"damage":0,"enemies":"Spheric Guardian","floor":18,"turns":3},{"damage":14,"enemies":"Chosen","floor":20,"turns":5},{"damage":0,"enemies":"Snecko","floor":21,"turns":7},{"damage":15,"enemies":"Chosen and Byrds","floor":22,"turns":5},{"damage":21,"enemies":"Slavers","floor":23,"turns":4},{"damage":0,"enemies":"Gremlin Leader","floor":25,"turns":8},{"damage":0,"enemies":"Centurion and Healer","floor":27,"turns":5},{"damage":0,"enemies":"Book of Stabbing","floor":28,"turns":4},{"damage":0,"enemies":"Snake Plant","floor":29,"turns":4},{"damage":18,"enemies":"Gremlin Leader","floor":30,"turns":7},{"damage":53,"enemies":"Automaton","floor":33,"turns":8},{"damage":0,"enemies":"Orb Walker","floor":35,"turns":5},{"damage":1,"enemies":"3 Shapes","floor":37,"turns":3},{"damage":0,"enemies":"Sphere and 2 Shapes","floor":39,"turns":5},{"damage":28,"enemies":"Giant Head","floor":40,"turns":7},{"damage":15,"enemies":"Reptomancer","floor":42,"turns":4},{"damage":0,"enemies":"Giant Head","floor":44,"turns":6},{"damage":0,"enemies":"Spire Growth","floor":45,"turns":4},{"damage":0,"enemies":"Jaw Worm Horde","floor":47,"turns":3},{"damage":0,"enemies":"Reptomancer","floor":48,"turns":4},{"damage":0,"enemies":"Time Eater","floor":50,"turns":5},{"damage":0,"enemies":"Shield and Spear","floor":54,"turns":6},{"damage":2,"enemies":"The Heart","floor":55,"turns":6}],"seed_played":"-7955757600727972958","potions_obtained":[{"floor":1,"key":"SteroidPotion"},{"floor":2,"key":"BlessingOfTheForge"},{"floor":5,"key":"Block Potion"},{"floor":16,"key":"Regen Potion"},{"floor":21,"key":"ColorlessPotion"},{"floor":25,"key":"Fire Potion"},{"floor":27,"key":"SmokeBomb"},{"floor":33,"key":"PowerPotion"},{"floor":39,"key":"ElixirPotion"},{"floor":44,"key":"ElixirPotion"},{"floor":47,"key":"Explosive Potion"},{"floor":48,"key":"SkillPotion"}],"is_trial":false,"path_per_floor":["M","M","M","M","M","E","R","?","T","E","R","E","R","E","R","B",null,"M","?","M","M","M","E","R","E","T","M","E","M","E","?","R","B",null,"M","?","M","$","M","E","?","E","T","E","M","R","M","E","R","B",null,"R","$","E","B",null],"character_chosen":"IRONCLAD","items_purchased":["Incense Burner","HandOfGreed","Feel No Pain","Inflame","Sling","True Grit","ClockworkSouvenir","OrangePellets","Calipers","Charon\u0027s Ashes","DollysMirror","EntropicBrew","SpeedPotion","Block Potion"],"campfire_rested":0,"item_purchase_floors":[0,0,0,0,0,0,0,38,38,53,53,53,53,53],"current_hp_per_floor":[80,80,80,80,78,80,80,80,80,75,75,80,80,80,80,80,80,80,80,76,80,73,62,62,72,72,80,80,80,70,54,63,28,67,80,80,80,80,80,65,65,73,73,85,87,87,87,87,87,87,87,87,87,87,87],"gold":260,"neow_bonus":"","is_daily":false,"chose_seed":false,"campfire_upgraded":8,"win_rate":0.0,"timestamp":1612158981,"path_taken":["M","M","M","M","M","E","R","?","T","E","R","E","R","E","R","BOSS","M","?","M","M","M","E","R","E","T","M","E","M","E","?","R","BOSS","M","?","M","$","M","E","?","E","T","E","M","R","M","E","R","BOSS","R","$","E","BOSS"],"items_purchased_type":["Relic","Card","Card","Card","Relic","Card","Relic","Relic","Relic","Relic","Relic","Potion","Potion","Potion"],"build_version":"2020-12-22","purchased_purges":5,"victory":true,"max_hp_per_floor":[80,80,80,80,80,80,80,80,80,80,80,80,80,80,80,80,80,80,80,80,80,80,80,80,80,80,80,80,80,80,80,80,80,80,80,80,80,80,80,87,87,87,87,87,87,87,87,87,87,87,87,87,87,87,87],"card_choices":[{"not_picked":["Entrench","Thunderclap","Clothesline"],"picked":"SKIP","floor":1},{"not_picked":["Anger","Entrench","Perfected Strike"],"picked":"SKIP","floor":2},{"not_picked":["Combust","Twin Strike","True Grit"],"picked":"SKIP","floor":3},{"not_picked":["Feel No Pain","Warcry"],"picked":"Spot Weakness","floor":4},{"not_picked":["Rupture","Twin Strike"],"picked":"Sword Boomerang","floor":5},{"not_picked":["Havoc","Juggernaut","Twin Strike"],"picked":"SKIP","floor":6},{"not_picked":["Blood for Blood","Power Through","Anger"],"picked":"SKIP","floor":10},{"not_picked":["Heavy Blade","Seeing Red","Fire Breathing"],"picked":"SKIP","floor":12},{"not_picked":["Flex","Berserk"],"picked":"Cleave","floor":14},{"not_picked":["Brutality","Offering"],"picked":"Limit Break","floor":16},{"not_picked":["True Grit","Headbutt","Thunderclap+1"],"picked":"SKIP","floor":18},{"not_picked":["Intimidate","Burning Pact","Anger"],"picked":"SKIP","floor":20},{"not_picked":["Sentinel","Sword Boomerang","Reckless Charge"],"picked":"SKIP","floor":21},{"not_picked":["Clash","Anger","Cleave"],"picked":"SKIP","floor":22},{"not_picked":["Rampage","Warcry+1","Anger"],"picked":"SKIP","floor":23},{"not_picked":["Rampage","Warcry+1","Anger"],"picked":"SKIP","floor":23},{"not_picked":["Anger","Clothesline","Corruption"],"picked":"SKIP","floor":25},{"not_picked":["Wild Strike","Iron Wave","Sword Boomerang"],"picked":"SKIP","floor":27},{"not_picked":["Headbutt+1","Shockwave"],"picked":"Feel No Pain","floor":28},{"not_picked":["Pommel Strike","Perfected Strike"],"picked":"Battle Trance+1","floor":29},{"not_picked":["Battle Trance","Brutality","Exhume"],"picked":"SKIP","floor":30},{"not_picked":["Immolate","Bludgeon"],"picked":"Barricade","floor":33},{"not_picked":["Heavy Blade","Sword Boomerang+1","True Grit"],"picked":"SKIP","floor":35},{"not_picked":["Sentinel+1","Cleave+1"],"picked":"Entrench+1","floor":37},{"not_picked":["Rupture+1","Rage","Cleave"],"picked":"SKIP","floor":39},{"not_picked":["Warcry+1","Armaments","Blood for Blood"],"picked":"SKIP","floor":40},{"not_picked":["Seeing Red+1","Reckless Charge","Clothesline+1"],"picked":"SKIP","floor":42},{"not_picked":["Reckless Charge","Clothesline+1"],"picked":"Seeing Red+1","floor":42},{"not_picked":["Wild Strike+1","Perfected Strike"],"picked":"Second Wind","floor":44},{"not_picked":["Pommel Strike","Twin Strike","Clothesline+1"],"picked":"SKIP","floor":45},{"not_picked":["True Grit","Reckless Charge+1","Blood for Blood+1"],"picked":"SKIP","floor":47},{"not_picked":["Armaments","Uppercut","Reckless Charge+1"],"picked":"SKIP","floor":48},{"not_picked":["Twin Strike+1","Bludgeon","Immolate"],"picked":"SKIP","floor":54}],"player_experience":1275578,"relics_obtained":[{"floor":6,"key":"Ancient Tea Set"},{"floor":10,"key":"HornCleat"},{"floor":12,"key":"Ice Cream"},{"floor":14,"key":"StrikeDummy"},{"floor":23,"key":"Centennial Puzzle"},{"floor":25,"key":"Whetstone"},{"floor":26,"key":"Red Skull"},{"floor":28,"key":"Happy Flower"},{"floor":30,"key":"Eternal Feather"},{"floor":40,"key":"Strawberry"},{"floor":40,"key":"Dead Branch"},{"floor":42,"key":"Shuriken"},{"floor":42,"key":"Pantograph"},{"floor":43,"key":"Akabeko"},{"floor":44,"key":"Bag of Preparation"},{"floor":44,"key":"Bronze Scales"},{"floor":48,"key":"Anchor"},{"floor":48,"key":"Boot"},{"floor":54,"key":"Vajra"},{"floor":54,"key":"Art of War"}],"event_choices":[{"damage_healed":0,"gold_gain":30,"player_choice":"Searched \u00272\u0027 times","damage_taken":0,"relics_obtained":["Bag of Marbles"],"max_hp_gain":0,"max_hp_loss":0,"event_name":"Dead Adventurer","floor":8,"gold_loss":0},{"damage_healed":0,"gold_gain":0,"player_choice":"Ignored","damage_taken":0,"max_hp_gain":0,"max_hp_loss":0,"event_name":"Vampires","floor":19,"gold_loss":0},{"damage_healed":0,"gold_gain":0,"player_choice":"Obtained Book","damage_taken":16,"max_hp_gain":0,"max_hp_loss":0,"event_name":"Cursed Tome","floor":31,"gold_loss":0},{"damage_healed":0,"gold_gain":3,"player_choice":"1","damage_taken":0,"max_hp_gain":0,"max_hp_loss":0,"event_name":"betterStone:BetterStone","floor":36,"gold_loss":0},{"cards_removed":["HandOfGreed"],"damage_healed":0,"gold_gain":0,"player_choice":"Removed Attack","damage_taken":0,"max_hp_gain":0,"max_hp_loss":0,"event_name":"Falling","floor":41,"gold_loss":0}],"is_beta":false,"boss_relics":[{"not_picked":["Tiny House","Coffee Dripper"],"picked":"Mark of Pain"},{"not_picked":["Black Blood","Velvet Choker"],"picked":"Black Star"}],"items_purged_floors":[0,0,0,38,53],"is_endless":false,"potions_floor_spawned":[1,2,5,16,21,25,27,33,39,44,47,48],"ascension_level":10}}