{"host":"Qube","time":1612153342,"event":{"mods":["AchievementEnabler","BaseMod","Colored Map","Colored Powertips","Highlight Path","Minty Spire (QoL Compilation)","Permanent Neow","Quick Restart","Random Character Button","StSLib"],"gold_per_floor":[116,131,131,148,163,163,191,191,191,226,245,10,10,27,27,101,101,121,133,133,133,151,184,184,184,184,216,216,230,230,278,278,278,278],"floor_reached":33,"language":"ENG","playtime":1314,"items_purged":["Carnage"],"score":590,"play_id":"f07723a8-21e5-4ccd-bb0e-ed054ce881cf","local_time":"20210131202222","is_ascension_mode":true,"campfire_choices":[{"data":"Searing Blow","floor":6.0,"key":"SMITH"},{"data":"Searing Blow+1","floor":8.0,"key":"SMITH"},{"data":"Searing Blow+2","floor":13.0,"key":"SMITH"},{"data":"Searing Blow+3","floor":15.0,"key":"SMITH"},{"data":"Searing Blow+4","floor":24,"key":"SMITH"},{"floor":30,"key":"REST"},{"data":"Searing Blow+5","floor":32,"key":"SMITH"}],"circlet_count":0,"master_deck":["AscendersBane","Bash","Searing Blow+6","Pummel","Headbutt","Reaper","Headbutt","Intimidate","Iron Wave","Metallicize","Shrug It Off","Sever Soul","Power Through","True Grit","Seeing Red","Shrug It Off","Immolate","Armaments","Second Wind","Searing Blow+5"],"relics":["Pandora\u0027s Box","Centennial Puzzle","Question Card","FossilizedHelix","Lee\u0027s Waffle","Busted Crown","Mummified Hand","Shuriken","Blue Candle","PreservedInsect"],"acts_visited":["Exordium","TheCity"],"potions_floor_usage":[23,33],"damage_taken":[{"damage":0.0,"enemies":"Cultist","floor":1.0,"turns":2.0},{"damage":8.0,"enemies":"2 Louse","floor":2.0,"turns":3.0},{"damage":3.0,"enemies":"Small Slimes","floor":4.0,"turns":3.0},{"damage":6.0,"enemies":"Blue Slaver","floor":5.0,"turns":5.0},{"damage":38.0,"enemies":"Lagavulin","floor":7.0,"turns":8.0},{"damage":30.0,"enemies":"Gremlin Nob","floor":10.0,"turns":4.0},{"damage":6.0,"enemies":"Lots of Slimes","floor":11.0,"turns":3.0},{"damage":0.0,"enemies":"Large Slime","floor":14.0,"turns":4.0},{"damage":13.0,"enemies":"Slime Boss","floor":16.0,"turns":10.0},{"damage":0.0,"enemies":"Chosen","floor":18.0,"turns":4.0},{"damage":0.0,"enemies":"Spheric Guardian","floor":19.0,"turns":3.0},{"damage":23.0,"enemies":"Centurion and Healer","floor":22.0,"turns":5.0},{"damage":19,"enemies":"Book of Stabbing","floor":23,"turns":5},{"damage":19,"enemies":"Slavers","floor":27,"turns":6},{"damage":16,"enemies":"Snake Plant","floor":29,"turns":2},{"damage":34,"enemies":"Collector","floor":33,"turns":3}],"seed_played":"3839295465385836015","potions_obtained":[{"floor":1.0,"key":"DistilledChaos"},{"floor":10.0,"key":"Strength Potion"},{"floor":11.0,"key":"BlessingOfTheForge"},{"floor":16.0,"key":"FearPotion"},{"floor":18.0,"key":"Regen Potion"},{"floor":23,"key":"Fruit Juice"},{"floor":29,"key":"PowerPotion"}],"is_trial":false,"path_per_floor":["M","M","?","M","M","R","E","R","T","E","M","$","R","M","R","B",null,"M","M","?","?","M","E","R","?","T","E","?","M","R","T","R","B"],"character_chosen":"IRONCLAD","items_purchased":["Lee\u0027s Waffle"],"campfire_rested":1,"item_purchase_floors":[12],"current_hp_per_floor":[68,67,67,64,62,62,30,30,30,4,28,82,82,82,82,69,79,82,82,58,58,57,38,38,38,38,22,22,6,32,32,32,0,0],"gold":278,"neow_bonus":"BOSS_RELIC","is_daily":false,"chose_seed":false,"campfire_upgraded":6,"win_rate":0.0,"timestamp":1612153342,"path_taken":["M","?","?","?","M","R","E","R","T","E","M","?","R","?","R","BOSS","M","M","?","?","?","E","R","?","T","E","?","?","R","?","R","BOSS"],"items_purchased_type":["Relic"],"build_version":"2020-12-18","purchased_purges":1,"victory":false,"max_hp_per_floor":[75,75,75,75,75,75,75,75,75,75,75,82,82,82,82,82,82,82,82,87,87,87,87,87,87,87,87,87,87,87,87,87,87,87],"card_choices":[{"not_picked":["Infernal Blade","Twin Strike"],"picked":"Iron Wave","floor":1.0},{"not_picked":["Twin Strike","Entrench"],"picked":"Metallicize","floor":2.0},{"not_picked":["Body Slam","Iron Wave"],"picked":"Shrug It Off","floor":4.0},{"not_picked":["Anger","Searing Blow"],"picked":"Sever Soul","floor":5.0},{"not_picked":["Headbutt","Inflame"],"picked":"Power Through","floor":7.0},{"not_picked":["Body Slam","Rampage","Warcry"],"picked":"True Grit","floor":10.0},{"not_picked":["Thunderclap","Wild Strike","Heavy Blade"],"picked":"Seeing Red","floor":11.0},{"not_picked":["Barricade","Thunderclap","Perfected Strike"],"picked":"Shrug It Off","floor":14.0},{"not_picked":["Impervious","Bludgeon","Limit Break"],"picked":"Immolate","floor":16.0},{"not_picked":["Heavy Blade","Twin Strike"],"picked":"SKIP","floor":18.0},{"not_picked":["Dropkick"],"picked":"Armaments","floor":19.0},{"not_picked":["Ghostly Armor"],"picked":"Second Wind","floor":22.0},{"not_picked":["Thunderclap","Bludgeon"],"picked":"SKIP","floor":23},{"not_picked":["Havoc+1","Body Slam"],"picked":"SKIP","floor":27},{"not_picked":["Shrug It Off","True Grit"],"picked":"SKIP","floor":29}],"player_experience":1035661,"relics_obtained":[{"floor":7.0,"key":"Centennial Puzzle"},{"floor":9.0,"key":"Question Card"},{"floor":10.0,"key":"FossilizedHelix"},{"floor":23,"key":"Mummified Hand"},{"floor":26,"key":"Shuriken"},{"floor":27,"key":"Blue Candle"},{"floor":31,"key":"PreservedInsect"}],"event_choices":[{"cards_removed":["Juggernaut"],"damage_healed":0.0,"max_hp_gain":0.0,"max_hp_loss":0.0,"gold_gain":0.0,"event_name":"Purifier","player_choice":"Purged","floor":3.0,"gold_loss":0.0,"damage_taken":0.0},{"damage_healed":0.0,"max_hp_gain":5.0,"max_hp_loss":0.0,"gold_gain":0.0,"event_name":"Forgotten Altar","player_choice":"Shed Blood","floor":20.0,"gold_loss":0.0,"damage_taken":29.0},{"cards_removed":["Infernal Blade"],"damage_healed":0.0,"max_hp_gain":0.0,"max_hp_loss":0.0,"gold_gain":0.0,"event_name":"Purifier","player_choice":"Purged","floor":21.0,"gold_loss":0.0,"damage_taken":0.0},{"damage_healed":0,"gold_gain":0,"player_choice":"Ignored","damage_taken":0,"max_hp_gain":0,"max_hp_loss":0,"event_name":"Vampires","floor":25,"gold_loss":0},{"damage_healed":0,"gold_gain":0,"player_choice":"Copied","damage_taken":0,"max_hp_gain":0,"max_hp_loss":0,"event_name":"Duplicator","floor":28,"gold_loss":0,"cards_obtained":["Searing Blow"]}],"is_beta":true,"boss_relics":[{"not_picked":["Cursed Key","Sozu"],"picked":"Busted Crown"}],"items_purged_floors":[12],"is_endless":false,"potions_floor_spawned":[1,10,11,16,18,23,29],"killed_by":"Collector","ascension_level":20}}