{"host":"t6ponz91vunhggr5","time":1612222736,"event":{"mods":["AchievementEnabler","BaseMod","BetterRewards","Colored Powertips","Conspire","Custom Start","Minty Spire (QoL Compilation)","Rare Cards Sparkle","Replay The Spire","StSLib"],"gold_per_floor":[115,166,166,91,104,134,134,147,147,157,176,194,228,128,128,228,228,245,245,255,289,302,334,334,353,353,278,308,318,351,351,351,448,448,468,468,482,494,494,494,521,471,498,498,498,523,537,547,547,547],"floor_reached":51,"language":"ENG","playtime":3985,"items_purged":["Strike_P","Strike_P","Writhe"],"score":952,"play_id":"3e62c10b-0089-445a-b1ee-c139aef87b28","local_time":"20210201233856","is_ascension_mode":false,"campfire_choices":[{"data":"Ragnarok+1","floor":7,"key":"SMITH"},{"data":"Eruption","floor":15,"key":"SMITH"},{"data":"Ragnarok+2","floor":24,"key":"SMITH"},{"data":"Wish+1","floor":32,"key":"SMITH"},{"data":"Ragnarok+3","floor":40,"key":"SMITH"},{"data":"Ragnarok+4","floor":44,"key":"SMITH"},{"data":"Ragnarok+5","floor":49,"key":"SMITH"}],"circlet_count":0,"master_deck":["Strike_P","Defend_P","Defend_P","Defend_P","Defend_P","Eruption+1","Vigilance","BattleHymn+1","Crescendo+1","Ragnarok+6","Prostrate+1","MentalFortress+1","Replay:AtTheReady+1","ClearTheMind+1","Replay:LoomingThreat+1","Vault+1","Prostrate+1","Wish+2","Alpha+1","CarveReality+1","DevaForm+1","ReplayTheSpireMod:Private Reserves+1"],"relics":["PureWater","conspire:InfiniteJournal","Toxic Egg 2","Quantum Egg","Molten Egg 2","Golden Egg","Frozen Egg 2","Black Star","White Beast Statue","conspire:DeflatedDodgeball","Replay:Bottled Steam","Bottled Tornado","Gremlin Horn","conspire:GiftBox","Runic Dome","Question Card","Yang","conspire:GlowingRock","Replay:Towering Pillar of Hats","Replay:Baseball","Smiling Mask","Durian","Pocketwatch","ChewingGum","Bottled Lightning","Pen Nib","Damaru","Happy Flower","Blue Candle"],"acts_visited":["Exordium","TheCity","TheBeyond"],"potions_floor_usage":[16,16,29,33],"damage_taken":[{"damage":1,"enemies":"2 Louse","floor":1,"turns":4},{"damage":7,"enemies":"conspire:RoseBush","floor":5,"turns":1},{"damage":0,"enemies":"Lagavulin","floor":6,"turns":2},{"damage":0,"enemies":"Cultist","floor":8,"turns":2},{"damage":10,"enemies":"Lots of Slimes","floor":10,"turns":3},{"damage":0,"enemies":"Exordium Wildlife","floor":11,"turns":2},{"damage":0,"enemies":"Large Slime","floor":12,"turns":6},{"damage":0,"enemies":"3 Sentries","floor":13,"turns":4},{"damage":14,"enemies":"Hexaghost","floor":16,"turns":5},{"damage":8,"enemies":"2 Thieves","floor":18,"turns":3},{"damage":0,"enemies":"Chosen","floor":20,"turns":3},{"damage":0,"enemies":"conspire:MimicChest","floor":21,"turns":4},{"damage":1,"enemies":"Sentry and Sphere","floor":22,"turns":3},{"damage":19,"enemies":"Slavers","floor":23,"turns":4},{"damage":0,"enemies":"Shelled Parasite and Fungi","floor":25,"turns":4},{"damage":0,"enemies":"Replay:Snechameleon","floor":28,"turns":4},{"damage":0,"enemies":"Chosen and Byrds","floor":29,"turns":4},{"damage":0,"enemies":"conspire:SneckoGhost","floor":30,"turns":3},{"damage":2,"enemies":"Champ","floor":33,"turns":6},{"damage":14,"enemies":"3 Shapes","floor":35,"turns":4},{"damage":9,"enemies":"Orb Walker","floor":37,"turns":2},{"damage":14,"enemies":"Spire Growth","floor":38,"turns":4},{"damage":0,"enemies":"R_Hoarder","floor":41,"turns":4},{"damage":0,"enemies":"Reptomancer","floor":46,"turns":5},{"damage":0,"enemies":"Transient","floor":47,"turns":6},{"damage":0,"enemies":"3 Darklings","floor":48,"turns":4},{"damage":7,"enemies":"Donu and Deca","floor":50,"turns":5}],"seed_played":"10303336873533345","potions_obtained":[{"floor":1,"key":"BottledMiracle"},{"floor":5,"key":"Block Potion"},{"floor":6,"key":"SkillPotion"},{"floor":16,"key":"Fire Potion"},{"floor":18,"key":"LiquidBronze"},{"floor":20,"key":"Flashbang"},{"floor":30,"key":"SpeedPotion"},{"floor":37,"key":"BottledMiracle"},{"floor":41,"key":"ColorlessPotion"},{"floor":46,"key":"Strength Potion"}],"is_trial":true,"path_per_floor":["M","?","?","$","M","E","R","M","T","M","M","M","E","$","R","B",null,"M","?","M","?","M","E","R","M","T","?","E","M","E","?","R","B",null,"M","?","M","M","?","R","E","$","T","R","?","E","M","M","R","B",null],"character_chosen":"WATCHER","items_purchased":[],"campfire_rested":0,"item_purchase_floors":[],"current_hp_per_floor":[71,71,71,71,64,64,64,64,64,54,54,54,54,54,54,40,72,64,64,64,64,63,44,44,44,44,44,44,44,49,49,49,47,77,63,77,68,54,54,54,54,54,54,54,54,54,54,54,54,47],"gold":547,"neow_bonus":"","is_daily":false,"chose_seed":false,"campfire_upgraded":7,"win_rate":0.0,"timestamp":1612222736,"path_taken":["M","?","?","$","?","E","R","M","T","?","M","M","E","$","R","BOSS","M","?","M","?","M","E","R","?","T","?","E","M","E","?","R","BOSS","M","?","M","M","?","R","E","$","T","R","?","E","?","M","R","BOSS"],"items_purchased_type":[],"build_version":"2020-12-22","purchased_purges":3,"victory":true,"max_hp_per_floor":[72,72,72,72,72,72,72,72,72,72,72,72,72,72,72,72,72,72,72,72,72,72,72,72,72,72,72,72,72,77,77,77,77,77,77,77,77,77,77,77,77,77,77,77,77,77,77,77,77,77],"card_choices":[{"not_picked":["FlurryOfBlows+1","Crescendo+1"],"picked":"BattleHymn+1","floor":1},{"not_picked":["PathToVictory+1","WaveOfTheHand+1"],"picked":"Crescendo+1","floor":2},{"not_picked":["Indignation+1","ClearTheMind+1"],"picked":"Ragnarok+1","floor":2},{"not_picked":["CutThroughFate+1","Replay:AtTheReady+1"],"picked":"Prostrate+1","floor":5},{"not_picked":["Replay:Battleflow+1","FlyingSleeves+1"],"picked":"MentalFortress+1","floor":6},{"not_picked":["CrushJoints+1","EmptyFist+1","Replay:BluntJabs+1"],"picked":"SKIP","floor":8},{"not_picked":["FlurryOfBlows+1","EmptyBody+1"],"picked":"Replay:AtTheReady+1","floor":10},{"not_picked":["TalkToTheHand+1","Nirvana+1","Sanctity+1"],"picked":"SKIP","floor":11},{"not_picked":["WindmillStrike+1","Wallop+1"],"picked":"ClearTheMind+1","floor":12},{"not_picked":["Blasphemy+1","MasterReality+1"],"picked":"Replay:LoomingThreat+1","floor":13},{"not_picked":["Fasting2+1","SashWhip+1","Protect+1"],"picked":"SKIP","floor":13},{"not_picked":["Judgement+1","Blasphemy+1"],"picked":"Vault+1","floor":16},{"not_picked":["Replay:ManipulateFuture+1","Meditate+1"],"picked":"Prostrate+1","floor":18},{"not_picked":["Perseverance+1","Replay:BluntJabs+1","InnerPeace+1"],"picked":"SKIP","floor":20},{"not_picked":["Replay:AtTheReady+1","Fasting2+1","BowlingBash+1","Consecrate+1"],"picked":"SKIP","floor":22},{"not_picked":["Worship+1","Replay:ManipulateFuture+1","Replay:AtTheReady+1","ForeignInfluence+1"],"picked":"SKIP","floor":23},{"not_picked":["CrushJoints+1","PathToVictory+1","Replay:Vibes+1","EmptyFist+1"],"picked":"SKIP","floor":25},{"not_picked":["Weave+1","SashWhip+1","Fasting2+1","Blasphemy+1"],"picked":"SKIP","floor":28},{"not_picked":["FlyingSleeves+1","FollowUp+1","JustLucky+1","Replay:BluntJabs+1"],"picked":"SKIP","floor":29},{"not_picked":["SashWhip+1","Nirvana+1","ClearTheMind+1"],"picked":"Wish+1","floor":30},{"not_picked":["Replay:LoomingThreat+1","Omniscience+1","SpiritShield+1"],"picked":"DevaForm+1","floor":33},{"not_picked":["Perseverance+1","Halt+1","CutThroughFate+1","Consecrate+1"],"picked":"SKIP","floor":35},{"not_picked":["Replay:AtTheReady+1","Tantrum+1","FlurryOfBlows+1","Replay:AllIn+1"],"picked":"SKIP","floor":37},{"not_picked":["Replay:ManipulateFuture+1","Halt+1","FollowUp+1","Tantrum+1"],"picked":"SKIP","floor":38},{"not_picked":["Midas Touch+1","Poisoned Strike+1","Panacea+1"],"picked":"ReplayTheSpireMod:Private Reserves+1","floor":39},{"not_picked":["LikeWater+1","BowlingBash+1","Consecrate+1","FlyingSleeves+1"],"picked":"SKIP","floor":41},{"not_picked":["Replay:BluntJabs+1","Halt+1","Weave+1","SashWhip+1"],"picked":"SKIP","floor":46},{"not_picked":["Replay:ManipulateFuture+1","FollowUp+1","Weave+1","BowlingBash+1"],"picked":"SKIP","floor":47},{"not_picked":["Replay:ManipulateFuture+1","FlyingSleeves+1","Meditate+1","ClearTheMind+1"],"picked":"SKIP","floor":48}],"player_experience":120128,"relics_obtained":[{"floor":2,"key":"White Beast Statue"},{"floor":6,"key":"conspire:DeflatedDodgeball"},{"floor":6,"key":"Replay:Bottled Steam"},{"floor":9,"key":"Bottled Tornado"},{"floor":13,"key":"Gremlin Horn"},{"floor":13,"key":"conspire:GiftBox"},{"floor":21,"key":"Question Card"},{"floor":23,"key":"Yang"},{"floor":23,"key":"conspire:GlowingRock"},{"floor":26,"key":"Replay:Towering Pillar of Hats"},{"floor":28,"key":"Replay:Baseball"},{"floor":28,"key":"Smiling Mask"},{"floor":30,"key":"Durian"},{"floor":30,"key":"Pocketwatch"},{"floor":41,"key":"Bottled Lightning"},{"floor":41,"key":"Pen Nib"},{"floor":43,"key":"Damaru"},{"floor":46,"key":"Happy Flower"},{"floor":46,"key":"Blue Candle"}],"event_choices":[{"damage_healed":0,"gold_gain":0,"player_choice":"Ignored","damage_taken":0,"max_hp_gain":0,"max_hp_loss":0,"event_name":"NoteForYourself","floor":3,"gold_loss":0},{"damage_healed":0,"gold_gain":0,"player_choice":"Ignored","damage_taken":0,"max_hp_gain":0,"max_hp_loss":0,"event_name":"Vampires","floor":19,"gold_loss":0},{"cards_removed":["Strike_P"],"damage_healed":0,"gold_gain":0,"player_choice":"Gave Gold","damage_taken":0,"max_hp_gain":0,"max_hp_loss":0,"event_name":"Beggar","floor":27,"gold_loss":75},{"damage_healed":0,"gold_gain":0,"player_choice":"2 cards matched","damage_taken":0,"max_hp_gain":0,"max_hp_loss":0,"event_name":"Match and Keep!","floor":31,"gold_loss":0,"cards_obtained":["Alpha","CarveReality"]},{"damage_healed":0,"gold_gain":0,"player_choice":"2 cards matched","damage_taken":0,"max_hp_gain":0,"max_hp_loss":0,"event_name":"Match and Keep!","floor":31,"gold_loss":0,"cards_obtained":["Alpha","CarveReality"]},{"damage_healed":19,"gold_gain":0,"player_choice":"Writhe","damage_taken":0,"max_hp_gain":0,"max_hp_loss":0,"event_name":"Winding Halls","floor":36,"gold_loss":0,"cards_obtained":["Writhe"]},{"damage_healed":0,"gold_gain":0,"player_choice":"Memory 1","damage_taken":0,"max_hp_gain":0,"max_hp_loss":0,"event_name":"SensoryStone","floor":39,"gold_loss":0},{"damage_healed":0,"gold_gain":0,"player_choice":"Ignored","damage_taken":0,"max_hp_gain":0,"max_hp_loss":0,"event_name":"SecretPortal","floor":45,"gold_loss":0}],"is_beta":false,"boss_relics":[{"not_picked":["Busted Crown","Ring of Chaos"],"picked":"Runic Dome"},{"not_picked":["Replay:Drink Me","Empty Cage"],"picked":"ChewingGum"}],"items_purged_floors":[4,14,42],"is_endless":false,"potions_floor_spawned":[1,5,6,8,10,11,12,13,16,18,20,21,22,23,25,28,29,30,33,35,37,38,41,46,47,48],"ascension_level":0}}