{"host":"rolltorest","time":1612141943,"event":{"mods":["BaseMod","Minty Spire (QoL Compilation)","Relic Stats","Slay the Relics Exporter","StSLib"],"gold_per_floor":[119,130,130,25,25,25,54,54,54,19,33,64,84,1,1,74,74,84,84,109,123,23,23,23],"floor_reached":23,"language":"ENG","playtime":656,"items_purged":["Strike_G","Strike_G"],"score":544,"play_id":"faf38ed0-f042-47da-b4bf-a499f40293ce","local_time":"20210131171223","is_ascension_mode":true,"campfire_choices":[{"data":"Dagger Throw","floor":6,"key":"SMITH"},{"data":"Bane","floor":8,"key":"SMITH"},{"data":"Leg Sweep","floor":15,"key":"SMITH"}],"circlet_count":0,"master_deck":["AscendersBane","Strike_G","Strike_G","Defend_G","Defend_G","Defend_G","Defend_G","Defend_G","Survivor","Neutralize","Leg Sweep+1","Noxious Fumes+1","Dagger Throw+1","Bane+1","Night Terror","Bouncing Flask","Die Die Die","Corpse Explosion","Ghostly","Ghostly","Ghostly","Acrobatics"],"relics":["Ring of the Snake","NeowsBlessing","Bag of Preparation","Singing Bowl","Blue Candle","Velvet Choker","Red Mask"],"acts_visited":["Exordium","TheCity"],"potions_floor_usage":[],"damage_taken":[{"damage":0,"enemies":"Small Slimes","floor":1,"turns":1},{"damage":0,"enemies":"Jaw Worm","floor":2,"turns":1},{"damage":0,"enemies":"Lagavulin","floor":7,"turns":3},{"damage":0,"enemies":"2 Louse","floor":11,"turns":3},{"damage":13,"enemies":"3 Sentries","floor":12,"turns":7},{"damage":0,"enemies":"Large Slime","floor":13,"turns":6},{"damage":0,"enemies":"The Guardian","floor":16,"turns":10},{"damage":15,"enemies":"Spheric Guardian","floor":18,"turns":5},{"damage":7,"enemies":"Masked Bandits","floor":20,"turns":3},{"damage":8,"enemies":"2 Thieves","floor":21,"turns":3},{"damage":20,"enemies":"Slavers","floor":23,"turns":5}],"seed_played":"-6285433775582553344","potions_obtained":[{"floor":1,"key":"Ancient Potion"},{"floor":7,"key":"FearPotion"}],"is_trial":false,"path_per_floor":["M","M","?","$","?","R","E","R","T","?","M","E","M","$","R","B",null,"M","?","?","M","$","E"],"character_chosen":"THE_SILENT","items_purchased":["Dagger Throw","Die Die Die"],"campfire_rested":0,"item_purchase_floors":[4,14],"current_hp_per_floor":[59,59,59,59,52,52,52,52,52,66,68,55,55,55,55,55,65,52,35,30,22,22,2,2],"gold":23,"neow_bonus":"THREE_ENEMY_KILL","is_daily":false,"chose_seed":false,"campfire_upgraded":3,"win_rate":0.0,"timestamp":1612141943,"path_taken":["M","M","?","$","?","R","E","R","T","?","M","E","M","$","R","BOSS","M","?","?","M","$","E"],"items_purchased_type":["Card","Card"],"build_version":"2020-12-18","purchased_purges":2,"victory":false,"max_hp_per_floor":[66,66,66,66,66,66,66,66,66,66,68,68,68,68,68,68,68,70,35,37,37,37,37,37],"relic_stats":{"Singing Bowl":6,"counters":[11,47],"Blue Candle":[0],"Bag of Preparation":[16],"obtain_stats":[{"NeowsBlessing":0,"Singing Bowl":9,"Blue Candle":12,"Velvet Choker":17,"Bag of Preparation":7,"Red Mask":20,"Ring of the Snake":0},{"NeowsBlessing":0,"Singing Bowl":3,"Blue Candle":5,"Velvet Choker":7,"Bag of Preparation":3,"Red Mask":9,"Ring of the Snake":0},{"NeowsBlessing":0,"Singing Bowl":5,"Blue Candle":15,"Velvet Choker":31,"Bag of Preparation":5,"Red Mask":39,"Ring of the Snake":0}],"Ring of the Snake":[22]},"card_choices":[{"not_picked":["Reflex","Acrobatics"],"picked":"Leg Sweep","floor":1},{"not_picked":["Dagger Throw","Reflex"],"picked":"Noxious Fumes","floor":2},{"not_picked":["Phantasmal Killer","Terror"],"picked":"Bane","floor":7},{"not_picked":["Heel Hook","Bane","Quick Slash"],"picked":"Singing Bowl","floor":11},{"not_picked":["Slice","Choke"],"picked":"Night Terror","floor":12},{"not_picked":["Cloak And Dagger","Dodge and Roll"],"picked":"Bouncing Flask","floor":13},{"not_picked":["After Image","Burst"],"picked":"Corpse Explosion","floor":16},{"not_picked":["Dodge and Roll","Outmaneuver","Expertise+1"],"picked":"Singing Bowl","floor":18},{"not_picked":["Predator","Underhanded Strike","Cloak And Dagger+1"],"picked":"Singing Bowl","floor":20},{"not_picked":["Cloak And Dagger","Dodge and Roll"],"picked":"Acrobatics","floor":21}],"player_experience":1782553,"relics_obtained":[{"floor":7,"key":"Bag of Preparation"},{"floor":9,"key":"Singing Bowl"},{"floor":12,"key":"Blue Candle"},{"floor":20,"key":"Red Mask"}],"event_choices":[{"damage_healed":0,"gold_gain":0,"player_choice":"Grow","damage_taken":0,"max_hp_gain":0,"max_hp_loss":0,"event_name":"Living Wall","floor":3,"gold_loss":0,"cards_upgraded":["Noxious Fumes"]},{"cards_removed":["Strike_G"],"damage_healed":0,"gold_gain":0,"player_choice":"Card Removal","damage_taken":7,"max_hp_gain":0,"max_hp_loss":0,"event_name":"Golden Wing","floor":5,"gold_loss":0},{"damage_healed":16,"gold_gain":0,"player_choice":"Healed","damage_taken":0,"max_hp_gain":0,"max_hp_loss":0,"event_name":"The Cleric","floor":10,"gold_loss":35},{"damage_healed":0,"gold_gain":0,"player_choice":"Became a Ghost","damage_taken":0,"max_hp_gain":0,"max_hp_loss":35,"event_name":"Ghosts","floor":19,"gold_loss":0,"cards_obtained":["Ghostly","Ghostly","Ghostly"]},{"damage_healed":0,"gold_gain":0,"player_choice":"Fought Bandits","damage_taken":0,"max_hp_gain":0,"max_hp_loss":0,"event_name":"Masked Bandits","floor":20,"gold_loss":0}],"is_beta":true,"boss_relics":[{"not_picked":["Calling Bell","Pandora\u0027s Box"],"picked":"Velvet Choker"}],"items_purged_floors":[4,22],"is_endless":false,"potions_floor_spawned":[1,7,13,18,20],"killed_by":"Slavers","ascension_level":20}}