{"host":"g2kelmgng7xf1xjg","time":1612155389,"event":{"mods":["BaseMod","Bestiary","Highlight Path","Minty Spire (QoL Compilation)","Relic Stats","StSLib"],"gold_per_floor":[10,26,36,52,69,69,82,82,105,139,139,169,169,169,169,271,271,285,300,300,69,85,85,116,116,186,285,295,305,305,305,305],"floor_reached":31,"language":"ENG","playtime":1931,"items_purged":["Strike_B"],"score":467,"play_id":"f07ab3c0-cff0-4dcc-816d-4854508cfca0","local_time":"20210131225629","is_ascension_mode":true,"campfire_choices":[{"data":"Streamline","floor":6,"key":"SMITH"},{"data":"Hyperbeam","floor":8,"key":"SMITH"},{"floor":11,"key":"REST"},{"data":"Hologram","floor":15,"key":"SMITH"},{"data":"Genetic Algorithm","floor":23,"key":"SMITH"},{"data":"Zap","floor":25,"key":"SMITH"}],"circlet_count":0,"master_deck":["AscendersBane","Strike_B","Strike_B+1","Defend_B","Defend_B","Defend_B","Defend_B","Zap+1","Dualcast","Streamline+1","Compile Driver+1","Hologram+1","Genetic Algorithm+1","Hyperbeam+1","Glacier","Recycle","Undo","Sweeping Beam+1","Ball Lightning"],"relics":["Cracked Core","StoneCalendar","Whetstone","White Beast Statue","Akabeko","Anchor","SlaversCollar","Medical Kit","Frozen Egg 2","Toxic Egg 2"],"acts_visited":["Exordium","TheCity"],"potions_floor_usage":[12,12,16,19,22,24,28,31],"damage_taken":[{"damage":7,"enemies":"Small Slimes","floor":1,"turns":3},{"damage":0,"enemies":"2 Louse","floor":2,"turns":2},{"damage":1,"enemies":"Cultist","floor":3,"turns":3},{"damage":10,"enemies":"3 Louse","floor":4,"turns":3},{"damage":13,"enemies":"Large Slime","floor":5,"turns":6},{"damage":7,"enemies":"Looter","floor":7,"turns":4},{"damage":18,"enemies":"Gremlin Nob","floor":10,"turns":4},{"damage":25,"enemies":"Lagavulin","floor":12,"turns":5},{"damage":11,"enemies":"Slime Boss","floor":16,"turns":7},{"damage":20,"enemies":"Spheric Guardian","floor":18,"turns":6},{"damage":0,"enemies":"3 Byrds","floor":19,"turns":2},{"damage":4,"enemies":"Snecko","floor":22,"turns":5},{"damage":0,"enemies":"Slavers","floor":24,"turns":4},{"damage":7,"enemies":"3 Cultists","floor":28,"turns":4},{"damage":25,"enemies":"Centurion and Healer","floor":29,"turns":7},{"damage":6,"enemies":"Snake Plant","floor":31,"turns":2}],"seed_played":"5649908065159131011","potions_obtained":[{"floor":2,"key":"SmokeBomb"},{"floor":7,"key":"FocusPotion"},{"floor":10,"key":"PowerPotion"},{"floor":12,"key":"GamblersBrew"},{"floor":16,"key":"Explosive Potion"},{"floor":18,"key":"SteroidPotion"},{"floor":19,"key":"AttackPotion"},{"floor":22,"key":"SteroidPotion"},{"floor":24,"key":"Explosive Potion"},{"floor":28,"key":"Strength Potion"},{"floor":29,"key":"Weak Potion"}],"is_trial":false,"path_per_floor":["M","M","M","M","M","R","M","R","T","E","R","E","?","?","R","B",null,"M","M","?","$","M","R","E","R","T","?","M","M","?","M"],"character_chosen":"DEFECT","items_purchased":["Medical Kit"],"campfire_rested":1,"item_purchase_floors":[21],"current_hp_per_floor":[61,61,60,50,37,37,30,30,30,12,34,9,34,31,31,20,61,41,41,41,41,37,37,37,37,37,37,30,5,5,0,0],"gold":305,"neow_bonus":"ONE_RARE_RELIC","is_daily":false,"chose_seed":false,"campfire_upgraded":5,"win_rate":0.0,"timestamp":1612155389,"path_taken":["M","M","M","M","M","R","M","R","T","E","R","E","?","?","R","BOSS","M","M","?","?","M","R","E","R","T","?","M","M","?","M"],"items_purchased_type":["Relic"],"build_version":"2020-12-22","purchased_purges":1,"victory":false,"max_hp_per_floor":[75,75,75,75,75,75,75,75,75,75,75,75,75,75,75,75,75,75,75,75,75,75,75,75,75,75,75,75,75,75,75,75],"relic_stats":{"counters":[16,67],"StoneCalendar":[84],"Whetstone":["Compile Driver","Strike_B"],"Medical Kit":[0],"obtain_stats":[{"SlaversCollar":17,"Anchor":14,"StoneCalendar":0,"Whetstone":9,"Frozen Egg 2":24,"Toxic Egg 2":26,"Cracked Core":0,"Medical Kit":21,"White Beast Statue":10,"Akabeko":12},{"SlaversCollar":9,"Anchor":8,"StoneCalendar":0,"Whetstone":6,"Frozen Egg 2":13,"Toxic Egg 2":13,"Cracked Core":0,"Medical Kit":11,"White Beast Statue":7,"Akabeko":8},{"SlaversCollar":37,"Anchor":30,"StoneCalendar":0,"Whetstone":21,"Frozen Egg 2":54,"Toxic Egg 2":54,"Cracked Core":0,"Medical Kit":45,"White Beast Statue":25,"Akabeko":30}]},"card_choices":[{"not_picked":["Coolheaded","Hologram"],"picked":"Streamline","floor":1},{"not_picked":["Glacier","Aggregate"],"picked":"Compile Driver","floor":2},{"not_picked":["Compile Driver","Redo"],"picked":"Hologram","floor":3},{"not_picked":["Coolheaded","Conserve Battery"],"picked":"Genetic Algorithm","floor":4},{"not_picked":["Turbo","Compile Driver","Streamline"],"picked":"SKIP","floor":5},{"not_picked":["Redo","Tempest"],"picked":"Hyperbeam","floor":7},{"not_picked":["Rebound","Beam Cell","Turbo"],"picked":"SKIP","floor":10},{"not_picked":["Leap","Gash"],"picked":"Glacier","floor":12},{"not_picked":["Scrape","Gash"],"picked":"Recycle","floor":18},{"not_picked":["Storm+1","Steam+1"],"picked":"Undo","floor":19},{"not_picked":["Cold Snap","Turbo"],"picked":"Sweeping Beam+1","floor":22},{"not_picked":["Reinforced Body","Conserve Battery"],"picked":"Ball Lightning","floor":24},{"not_picked":["Turbo+1","Streamline","Beam Cell"],"picked":"SKIP","floor":28},{"not_picked":["BootSequence+1","Beam Cell","Reinforced Body+1"],"picked":"SKIP","floor":29}],"player_experience":1036633,"relics_obtained":[{"floor":9,"key":"Whetstone"},{"floor":10,"key":"White Beast Statue"},{"floor":12,"key":"Akabeko"},{"floor":24,"key":"Frozen Egg 2"},{"floor":26,"key":"Toxic Egg 2"}],"event_choices":[{"damage_healed":25,"gold_gain":0,"player_choice":"Banana","damage_taken":0,"max_hp_gain":0,"max_hp_loss":0,"event_name":"Big Fish","floor":13,"gold_loss":0},{"damage_healed":0,"gold_gain":0,"player_choice":"Success","damage_taken":3,"relics_obtained":["Anchor"],"max_hp_gain":0,"max_hp_loss":0,"event_name":"Scrap Ooze","floor":14,"gold_loss":0},{"cards_removed":["Strike_B"],"damage_healed":0,"gold_gain":0,"player_choice":"Purged","damage_taken":0,"max_hp_gain":0,"max_hp_loss":0,"event_name":"Purifier","floor":20,"gold_loss":0},{"damage_healed":0,"gold_gain":99,"player_choice":"Stole From Cult","damage_taken":0,"max_hp_gain":0,"max_hp_loss":0,"event_name":"Nest","floor":27,"gold_loss":0},{"damage_healed":0,"gold_gain":0,"player_choice":"Ignored","damage_taken":0,"max_hp_gain":0,"max_hp_loss":0,"event_name":"Ghosts","floor":30,"gold_loss":0}],"is_beta":false,"boss_relics":[{"not_picked":["Runic Dome","Tiny House"],"picked":"SlaversCollar"}],"items_purged_floors":[21],"is_endless":false,"potions_floor_spawned":[2,7,10,12,16,18,19,22,24,28,29],"killed_by":"Snake Plant","ascension_level":12}}