{"host":"igi9xpgoc000gxf5","time":1612210326,"event":{"mods":["BaseMod","Colored Powertips","Downfall","Googly Eyes","Minty Spire (QoL Compilation)","StSLib"],"gold_per_floor":[99,113,213,229,64,164,188,188,188,188],"floor_reached":8,"language":"ENG","playtime":701,"items_purged":[],"score":44,"play_id":"fc748350-2f4d-4c32-b09f-e8a55608f61a","local_time":"20210201211206","is_ascension_mode":false,"campfire_choices":[{"data":"sneckomod:Unknown","floor":1,"key":"SMITH"}],"circlet_count":0,"master_deck":["sneckomod:Strike","sneckomod:Strike","sneckomod:Strike","sneckomod:Defend","sneckomod:Defend","sneckomod:Defend","sneckomod:TailWhip","sneckomod:SnekBite","sneckomod:Unknown+1","sneckomod:Unknown","sneckomod:UnknownBlock","sneckomod:Unknown1Cost","sneckomod:UnknownCommonSkill","sneckomod:MorePower","sneckomod:UnknownRareSkill+1","sneckomod:QuickMove"],"relics":["sneckomod:SneckoSoul","sneckomod:LoadedDie","White Beast Statue","Regal Pillow"],"acts_visited":["Exordium"],"potions_floor_usage":[6,8],"damage_taken":[{"damage":7,"enemies":"2 Louse","floor":2,"turns":3},{"damage":0,"enemies":"Jaw Worm","floor":4,"turns":3},{"damage":0,"enemies":"downfall:FleeingMerchant","floor":5,"turns":4},{"damage":48,"enemies":"downfall:LadyInBlue","floor":6,"turns":12},{"damage":39,"enemies":"Lagavulin","floor":8,"turns":11}],"seed_played":"2446710756776994200","potions_obtained":[{"floor":4,"key":"PowerPotion"},{"floor":6,"key":"Slimebound:ThreeZeroPotion"},{"floor":6,"key":"Block Potion"},{"floor":6,"key":"hexamod:SoulburnPotion"},{"floor":6,"key":"ColorlessPotion"}],"is_trial":false,"path_per_floor":["R","M","?","M","$","?","T","E"],"character_chosen":"THE_SNECKO","items_purchased":["sneckomod:LoadedDie"],"campfire_rested":0,"item_purchase_floors":[5],"current_hp_per_floor":[90,83,83,83,83,35,35,0,0,0],"gold":188,"neow_bonus":"THREE_CARDS","is_daily":false,"chose_seed":false,"campfire_upgraded":1,"win_rate":0.0,"timestamp":1612210326,"path_taken":["R","M","?","M","$","?","T","E"],"items_purchased_type":["Relic"],"build_version":"2020-12-22","purchased_purges":0,"victory":false,"max_hp_per_floor":[90,90,90,90,90,90,90,90,90,90],"card_choices":[{"not_picked":["sneckomod:Unknown1Cost","sneckomod:DiceBlock"],"picked":"sneckomod:UnknownBlock","floor":0},{"not_picked":["sneckomod:UnknownExhaust","sneckomod:UnknownBlock"],"picked":"sneckomod:Unknown1Cost","floor":2},{"not_picked":["sneckomod:SoulDraw","sneckomod:RainOfDice"],"picked":"sneckomod:UnknownCommonSkill","floor":4},{"not_picked":["sneckomod:SoulDraw","sneckomod:UnknownDexterity"],"picked":"sneckomod:MorePower","floor":5},{"not_picked":["sneckomod:UnknownCommonSkill+1","sneckomod:UnknownVulnerable+1"],"picked":"sneckomod:UnknownRareSkill+1","floor":6},{"not_picked":["sneckomod:UnknownDraw","sneckomod:QuickBite"],"picked":"sneckomod:QuickMove","floor":6}],"player_experience":961488,"relics_obtained":[{"floor":6,"key":"White Beast Statue"},{"floor":7,"key":"Regal Pillow"}],"event_choices":[],"is_beta":false,"boss_relics":[],"items_purged_floors":[],"is_endless":false,"potions_floor_spawned":[4,6],"killed_by":"Lagavulin","ascension_level":0}}