{"host":"p3zt8dfkctnz3iz1","time":1612189808,"event":{"mods":["Act Like it!","BaseMod","Card Forge","Custom Start","Marisa£¨Ùöéë¡¡Øª×âÞÞ£©","Minty Spire (QoL Compilation)","Quick Restart","StSLib"],"gold_per_floor":[117,137,62,62,75,75,75,90,90,107,135,135,135,149,149,248,248,264,164,178,103,202,202,117,117,117,133,107,118,133,143,143,143,143],"floor_reached":33,"language":"KOR","playtime":2303,"items_purged":["Strike_MRS","Strike_MRS"],"score":261,"play_id":"aea234d4-7d39-4d61-b777-18d455c2bc90","local_time":"20210201233008","is_ascension_mode":true,"campfire_choices":[{"data":"Deep Breath","floor":6.0,"key":"SMITH"},{"data":"AbsoluteMagnitude","floor":12.0,"key":"SMITH"},{"data":"PulseMagic","floor":13.0,"key":"SMITH"},{"data":"UpSweep","floor":15.0,"key":"SMITH"},{"data":"EscapeVelocity","floor":23.0,"key":"SMITH"},{"data":"6A","floor":25.0,"key":"SMITH"},{"data":"AsteroidBelt","floor":32,"key":"SMITH"}],"circlet_count":0,"master_deck":["Strike_MRS","Defend_MRS","Defend_MRS","Defend_MRS","Defend_MRS","MasterSpark+1","UpSweep+1","ChargeUpSpray","Deep Breath+1","ChargingUp","MagicAbsorber","PulseMagic+1","AbsoluteMagnitude+1","EscapeVelocity+1","6A+1","AsteroidBelt+1","GalacticHalo"],"relics":["BewitchedHakkero","Hammer of Thor","Seething Fire","Anvil of the Gods","WingedGreaves","Mummified Hand","Happy Flower","Blood Vial","Ornamental Fan"],"acts_visited":["Exordium","TheCity"],"potions_floor_usage":[29,33,33],"damage_taken":[{"damage":0.0,"enemies":"2 Louse","floor":1.0,"turns":2.0},{"damage":0.0,"enemies":"Cultist","floor":2.0,"turns":3.0},{"damage":3.0,"enemies":"Small Slimes","floor":5.0,"turns":4.0},{"damage":0.0,"enemies":"2 Fungi Beasts","floor":8.0,"turns":3.0},{"damage":7.0,"enemies":"Blue Slaver","floor":10.0,"turns":2.0},{"damage":18.0,"enemies":"Lagavulin","floor":11.0,"turns":6.0},{"damage":6.0,"enemies":"Exordium Thugs","floor":14.0,"turns":4.0},{"damage":29.0,"enemies":"Slime Boss","floor":16.0,"turns":8.0},{"damage":17.0,"enemies":"2 Thieves","floor":18.0,"turns":3.0},{"damage":9.0,"enemies":"3 Byrds","floor":20.0,"turns":6.0},{"damage":4.0,"enemies":"Snecko","floor":27.0,"turns":4.0},{"damage":7,"enemies":"Shelled Parasite and Fungi","floor":29,"turns":3},{"damage":1,"enemies":"Snake Plant","floor":30,"turns":4},{"damage":0,"enemies":"Centurion and Healer","floor":31,"turns":5},{"damage":44,"enemies":"Collector","floor":33,"turns":14}],"seed_played":"-4670949491958618898","potions_obtained":[{"floor":1.0,"key":"Regen Potion"},{"floor":2.0,"key":"LiquidBronze"},{"floor":11.0,"key":"AttackPotion"},{"floor":18.0,"key":"Ancient Potion"},{"floor":29,"key":"Energy Potion"},{"floor":31,"key":"Block Potion"}],"is_trial":false,"path_per_floor":["M","M","$","?","M","R","?","M","T","M","E","R","R","M","R","B",null,"M","$","M","?","?","R","?","R","T","M","$","M","M","M","R","B"],"character_chosen":"MARISA","items_purchased":["AsteroidBelt"],"campfire_rested":0,"item_purchase_floors":[28],"current_hp_per_floor":[75,75,75,75,72,72,69,69,69,62,44,44,44,38,38,24,75,58,58,49,49,49,49,49,49,49,47,47,42,43,45,45,3,3],"gold":143,"neow_bonus":"UPGRADE_CARD","is_daily":false,"chose_seed":false,"campfire_upgraded":7,"win_rate":0.0,"timestamp":1612189808,"path_taken":["M","M","$","?","?","R","?","M","T","M","E","R","R","M","R","BOSS","M","$","M","?","?","R","?","R","T","M","?","M","M","M","R","BOSS"],"items_purchased_type":["Card"],"build_version":"2020-12-22","purchased_purges":2,"victory":false,"max_hp_per_floor":[75,75,75,75,75,75,75,75,75,75,75,75,75,75,75,75,75,75,75,75,75,75,75,75,75,75,75,75,75,75,75,75,75,75],"card_choices":[{"not_picked":["DoubleSpark","DeepEcoloBomb"],"picked":"ChargeUpSpray","floor":1.0},{"not_picked":["MilkyWay","SuperPerseids","SprinkleStarSeal"],"picked":"SKIP","floor":2.0},{"not_picked":["UnstableBomb","GravityBeat"],"picked":"MagicAbsorber","floor":5.0},{"not_picked":["WitchLeyline","DoubleSpark"],"picked":"PulseMagic","floor":8.0},{"not_picked":["FinalSpark","ShootingEcho","RefractionSpark"],"picked":"SKIP","floor":10.0},{"not_picked":["PulseMagic","GalacticHalo"],"picked":"AbsoluteMagnitude","floor":11.0},{"not_picked":["PropBag","ShootingEcho","MysteriousBeam"],"picked":"SKIP","floor":14.0},{"not_picked":["AbsoluteMagnitude","TreasureHunter"],"picked":"EscapeVelocity","floor":16.0},{"not_picked":["WitchOfGreed","DC+1","MeteoricShower"],"picked":"SKIP","floor":18.0},{"not_picked":["PowerUp+1","DC"],"picked":"6A","floor":20.0},{"not_picked":["SprinkleStarSeal","ShootingEcho+1","NonDirectionalLaser"],"picked":"SKIP","floor":27.0},{"not_picked":["DC","ShootingEcho"],"picked":"GalacticHalo","floor":29},{"not_picked":["BinaryStars","DarkSpark","PropBag"],"picked":"SKIP","floor":30},{"not_picked":["Orbital","GalacticHalo","PowerUp"],"picked":"SKIP","floor":31}],"player_experience":110728,"relics_obtained":[{"floor":9.0,"key":"Mummified Hand"},{"floor":11.0,"key":"Happy Flower"},{"floor":26.0,"key":"Ornamental Fan"}],"event_choices":[{"damage_healed":0.0,"max_hp_gain":0.0,"max_hp_loss":0.0,"gold_gain":0.0,"event_name":"Match and Keep!","player_choice":"2 cards matched","floor":4.0,"gold_loss":0.0,"damage_taken":0.0,"cards_obtained":["Deep Breath","ChargingUp"]},{"damage_healed":0.0,"max_hp_gain":0.0,"max_hp_loss":0.0,"gold_gain":0.0,"event_name":"Scrap Ooze","player_choice":"Success","floor":7.0,"gold_loss":0.0,"damage_taken":3.0,"relics_obtained":["WingedGreaves"]},{"cards_removed":["Strike_MRS"],"damage_healed":0.0,"max_hp_gain":0.0,"max_hp_loss":0.0,"gold_gain":0.0,"event_name":"Beggar","player_choice":"Gave Gold","floor":21.0,"gold_loss":75.0,"damage_taken":0.0},{"damage_healed":0.0,"max_hp_gain":0.0,"max_hp_loss":0.0,"gold_gain":99.0,"event_name":"Nest","player_choice":"Stole From Cult","floor":22.0,"gold_loss":0.0,"damage_taken":0.0},{"damage_healed":0.0,"max_hp_gain":0.0,"max_hp_loss":0.0,"gold_gain":0.0,"event_name":"Addict","player_choice":"Obtained Relic","floor":24.0,"gold_loss":85.0,"damage_taken":0.0,"relics_obtained":["Blood Vial"]}],"is_beta":false,"boss_relics":[{"not_picked":["Coffee Dripper","Black Star"],"picked":"BewitchedHakkero"}],"items_purged_floors":[3,19],"is_endless":false,"potions_floor_spawned":[1,2,11,16,18,29,31],"killed_by":"Collector","ascension_level":1}}