{"host":"yecadp3kwkksam5a","time":1612191996,"event":{"mods":["100% Spire Juice","Arknights","BaseMod","Minty Spire (QoL Compilation)","Replay The Spire","StSLib","SuperFastMode","The Cursed","WarShipGirlsR/??á´Ò³R mod"],"gold_per_floor":[114,131,121,121,137,172,186,203,203,230,230,230,260,270,270,349,349,367,367,380,390,403,432,445,476,551,584,584,595,620,633,633,710,710,725,330,355,375,385,385,415,415,415],"floor_reached":42,"language":"KOR","playtime":2188,"items_purged":[],"score":1414,"play_id":"fa50791d-b683-41c2-8d71-57c0ea88f3f9","local_time":"20210202000636","daily_mods":["Draft","Hoarder","Heirloom"],"is_ascension_mode":true,"campfire_choices":[{"floor":11.0,"key":"RECALL"},{"data":"Hologram","floor":15.0,"key":"SMITH"},{"data":"Buffer","floor":32,"key":"SMITH"}],"circlet_count":0,"master_deck":["AscendersBane","Gash","Gash","Gash","Gash","Gash","Gash","Coolheaded","Coolheaded","Coolheaded","Gash","Gash","Gash","Storm","Storm","Storm","Hologram","Hologram","Hologram+1","Coolheaded","Coolheaded","Coolheaded","Streamline","Streamline","Streamline","Compile Driver","Compile Driver","Compile Driver","Stack","Stack","Stack","ReplayTheSpireMod:Calculation Training","ReplayTheSpireMod:Calculation Training","ReplayTheSpireMod:Calculation Training","Turbo","Turbo","Turbo","Conserve Battery","Conserve Battery","Conserve Battery","Beam Cell","Beam Cell","Beam Cell","Hologram","Hologram","Hologram","Mayhem+1","Mayhem+1","Mayhem+1","Mayhem+1","Mayhem+1","Mayhem+1","Mayhem+1","Mayhem+1","Mayhem+1","Mayhem+1","Mayhem+1","Mayhem+1","Mayhem+1","Mayhem+1","Mayhem+1","Stack","Stack","Stack","Apotheosis+1","Apotheosis+1","Apotheosis+1","Storm","Storm","Storm","ReplaySolidLightProjector","ReplaySolidLightProjector","ReplaySolidLightProjector","Sunder","Sunder","Sunder","Thunder Strike","Thunder Strike","Thunder Strike","Buffer+1","Buffer","Buffer","Aggregate","Aggregate","Aggregate","Capacitor","Capacitor","Capacitor","Electrodynamics","Electrodynamics","Electrodynamics","ReplayGash+1","ReplayGash+1","ReplayGash+1","Heatsinks","Heatsinks","Heatsinks","Defragment","Defragment","Defragment","Glacier","Glacier","Glacier","ReplayTheSpireMod:Calculation Training","ReplayTheSpireMod:Calculation Training","ReplayTheSpireMod:Calculation Training","Chill","Chill","Chill","White Noise","White Noise","White Noise","Coolheaded","Coolheaded","Coolheaded","Hologram","Hologram","Hologram","Coolheaded","Coolheaded","Coolheaded","Defragment","Defragment","Defragment","Blizzard","Blizzard","Blizzard","Multi-Cast","Multi-Cast","Multi-Cast","Tempest+1","Tempest+1","Tempest+1","Glacier","Glacier","Glacier","Defragment","Defragment","Defragment","Compile Driver+1","Compile Driver+1","Compile Driver+1","Glacier","Glacier","Glacier","Storm","Storm","Storm","Mirror Shield","Mirror Shield","Mirror Shield"],"relics":["Cracked Core","Ginger","Bird Faced Urn","Replay:Baseball","CaptainsWheel","PreservedInsect","Kunai","Prayer Wheel","Prayer Wheel","SlaversCollar","CultistMask","Tiny Chest","Regal Pillow","HornCleat","ReplayTheSpireMod:Shallot","MutagenicStrength","Unceasing Top","Philosopher\u0027s Stone","Torii","Replay:Towering Pillar of Hats","DataDisk"],"acts_visited":["Exordium","TheCity","TheBeyond"],"potions_floor_usage":[41],"damage_taken":[{"damage":3.0,"enemies":"Jaw Worm","floor":1.0,"turns":3.0},{"damage":0.0,"enemies":"Small Slimes","floor":2.0,"turns":4.0},{"damage":0.0,"enemies":"Cultist","floor":5.0,"turns":3.0},{"damage":0.0,"enemies":"Lagavulin","floor":6.0,"turns":4.0},{"damage":14.0,"enemies":"Exordium Wildlife","floor":7.0,"turns":2.0},{"damage":7.0,"enemies":"Large Slime","floor":8.0,"turns":3.0},{"damage":8.0,"enemies":"Gremlin Nob","floor":10.0,"turns":3.0},{"damage":10.0,"enemies":"3 Sentries","floor":13.0,"turns":4.0},{"damage":14.0,"enemies":"Red Slaver","floor":14.0,"turns":3.0},{"damage":26.0,"enemies":"Hexaghost","floor":16.0,"turns":8.0},{"damage":6.0,"enemies":"Spheric Guardian","floor":18.0,"turns":5.0},{"damage":25.0,"enemies":"3 Byrds","floor":20.0,"turns":5.0},{"damage":0.0,"enemies":"Snecko","floor":21.0,"turns":4.0},{"damage":40.0,"enemies":"Snake Plant","floor":22.0,"turns":5.0},{"damage":45.0,"enemies":"Gremlin Leader","floor":23.0,"turns":3.0},{"damage":22.0,"enemies":"Cultist and Chosen","floor":24.0,"turns":5.0},{"damage":21,"enemies":"Replay:Snechameleon","floor":25,"turns":5},{"damage":21,"enemies":"Book of Stabbing","floor":27,"turns":4},{"damage":0,"enemies":"3 Cultists","floor":29,"turns":4},{"damage":1,"enemies":"Gremlin Leader","floor":30,"turns":5},{"damage":7,"enemies":"Snake Plant","floor":31,"turns":3},{"damage":3,"enemies":"Champ","floor":33,"turns":5},{"damage":0,"enemies":"Orb Walker","floor":35,"turns":1},{"damage":0,"enemies":"Mind Bloom Boss Battle","floor":37,"turns":3},{"damage":31,"enemies":"3 Darklings","floor":38,"turns":3},{"damage":1,"enemies":"4 Shapes","floor":39,"turns":4},{"damage":30,"enemies":"Reptomancer","floor":41,"turns":5},{"damage":0,"enemies":"Jaw Worm Horde","floor":42,"turns":1}],"seed_played":"4686639060923729904","potions_obtained":[{"floor":2.0,"key":"Swift Potion"},{"floor":4.0,"key":"LiquidMemories"},{"floor":8.0,"key":"DuplicationPotion"}],"is_trial":true,"path_per_floor":["M","M","?","?","M","E","M","M","T","E","R","T","E","M","R","B",null,"M","?","M","M","M","E","M","E","T","E","?","M","E","M","R","B",null,"M","$","?","M","M","?","E","M"],"character_chosen":"DEFECT","items_purchased":["Glacier","Torii"],"campfire_rested":0,"item_purchase_floors":[36,36],"current_hp_per_floor":[71,71,71,71,71,71,65,70,70,65,65,65,69,63,63,59,68,69,69,56,71,45,20,20,43,43,48,48,70,71,71,71,71,71,71,71,71,42,55,55,37,37,37],"gold":415,"neow_bonus":"","is_daily":false,"chose_seed":false,"campfire_upgraded":2,"win_rate":0.0,"timestamp":1612191996,"path_taken":["M","M","?","?","M","E","M","?","T","E","R","?","E","M","R","BOSS","M","?","M","M","?","E","M","E","T","E","?","M","E","M","R","BOSS","M","$","?","M","M","?","E","M"],"items_purchased_type":["Card","Relic"],"build_version":"2020-12-22","purchased_purges":0,"victory":false,"max_hp_per_floor":[71,71,71,71,71,71,71,71,71,71,71,71,71,71,71,71,71,71,71,71,71,71,71,71,71,71,71,71,71,71,71,71,71,71,71,71,71,71,71,67,67,67,67],"card_choices":[{"not_picked":["Turbo","Chaos"],"picked":"Gash","floor":0.0},{"not_picked":["Double Energy","Stack"],"picked":"Gash","floor":0.0},{"not_picked":["Hologram","Consume"],"picked":"Coolheaded","floor":0.0},{"not_picked":["Self Repair","Leap"],"picked":"Gash","floor":0.0},{"not_picked":["Conserve Battery","Tempest"],"picked":"Storm","floor":0.0},{"not_picked":["Panic Button","Scrape"],"picked":"Hologram","floor":0.0},{"not_picked":["Skim","Self Repair"],"picked":"Coolheaded","floor":0.0},{"not_picked":["ReplayTheSpireMod:Reroute Power","Auto Shields"],"picked":"Streamline","floor":0.0},{"not_picked":["Panic Button","Genetic Algorithm"],"picked":"Compile Driver","floor":0.0},{"not_picked":["Coolheaded","Streamline"],"picked":"Stack","floor":0.0},{"not_picked":["FTL","Gash"],"picked":"ReplayTheSpireMod:Calculation Training","floor":0.0},{"not_picked":["FTL","Compile Driver"],"picked":"Turbo","floor":0.0},{"not_picked":["Ball Lightning","Turbo"],"picked":"Conserve Battery","floor":0.0},{"not_picked":["BasicCrystalCard","Auto Shields"],"picked":"Beam Cell","floor":0.0},{"not_picked":["BasicCrystalCard","Steam"],"picked":"Hologram","floor":0.0},{"not_picked":["Hologram","Sweeping Beam"],"picked":"Stack","floor":1.0},{"not_picked":["ReplayTheSpireMod:Reroute Power","Lockon"],"picked":"Storm","floor":2.0},{"not_picked":["Steam","Chill"],"picked":"ReplaySolidLightProjector","floor":5.0},{"not_picked":["Hologram","Sweeping Beam","Redo"],"picked":"SKIP","floor":6.0},{"not_picked":["Go for the Eyes","Crystallizer","Leap"],"picked":"SKIP","floor":7.0},{"not_picked":["BasicCrystalCard","Melter"],"picked":"Sunder","floor":8.0},{"not_picked":["Panic Button","Crystallizer","Streamline"],"picked":"SKIP","floor":10.0},{"not_picked":["Ball Lightning","Loop"],"picked":"ReplayTheSpireMod:Fabricate Wheel","floor":13.0},{"not_picked":["Static Discharge","Cold Snap","Go for the Eyes"],"picked":"SKIP","floor":14.0},{"not_picked":["Multi-Cast","Fission"],"picked":"Buffer","floor":16.0},{"not_picked":["Coolheaded","Reprogram"],"picked":"Aggregate","floor":18.0},{"not_picked":["Stack","Double Energy"],"picked":"Capacitor","floor":18.0},{"not_picked":["Rip and Tear","Sweeping Beam","Time Bomb+1"],"picked":"SKIP","floor":18.0},{"not_picked":["Steam","Ball Lightning+1","Beam Cell"],"picked":"SKIP","floor":20.0},{"not_picked":["Turbo","Sweeping Beam","Chill"],"picked":"SKIP","floor":20.0},{"not_picked":["ReplayTheSpireMod:Reroute Power","Steam","Ball Lightning"],"picked":"SKIP","floor":20.0},{"not_picked":["Leap","Capacitor"],"picked":"Electrodynamics","floor":21.0},{"not_picked":["Sweeping Beam","Reinforced Body"],"picked":"ReplayGash+1","floor":21.0},{"not_picked":["Beam Cell","Streamline+1","Crystallizer"],"picked":"SKIP","floor":21.0},{"not_picked":["Ball Lightning","ReplayTheSpireMod:Reroute Power"],"picked":"Heatsinks","floor":22.0},{"not_picked":["Steam","Beam Cell"],"picked":"Defragment","floor":22.0},{"not_picked":["Lockon","Leap","Stack"],"picked":"SKIP","floor":22.0},{"not_picked":["Crystallizer","Conserve Battery"],"picked":"Glacier","floor":23.0},{"not_picked":["Ball Lightning","Gash"],"picked":"ReplayTheSpireMod:Calculation Training","floor":24.0},{"not_picked":["Rebound","Sweeping Beam"],"picked":"Chill","floor":24.0},{"not_picked":["Machine Learning","Turbo","Beam Cell"],"picked":"SKIP","floor":24.0},{"not_picked":["Sweeping Beam","BasicCrystalCard"],"picked":"White Noise","floor":25},{"not_picked":["Panic Button","Streamline","Steam"],"picked":"SKIP","floor":27},{"not_picked":["Cold Snap","Hologram"],"picked":"Coolheaded","floor":29},{"not_picked":["Multi-Cast","Panic Button"],"picked":"Hologram","floor":29},{"not_picked":["ReplayGash","Barrage"],"picked":"Coolheaded","floor":29},{"not_picked":["Sweeping Beam","Lockon"],"picked":"Defragment","floor":30},{"not_picked":["Redo","Sweeping Beam"],"picked":"Blizzard","floor":31},{"not_picked":["Streamline","Cold Snap+1","Leap"],"picked":"SKIP","floor":31},{"not_picked":["BasicCrystalCard","Steam","Barrage"],"picked":"SKIP","floor":31},{"not_picked":["Machine Learning","Core Surge"],"picked":"Multi-Cast","floor":33},{"not_picked":["Stack","Crystallizer"],"picked":"Tempest+1","floor":35},{"not_picked":["Coolheaded","Streamline+1","Static Discharge+1"],"picked":"SKIP","floor":35},{"not_picked":["Hologram","Sweeping Beam","Rebound"],"picked":"SKIP","floor":35},{"not_picked":["Chill","Auto Shields"],"picked":"Defragment","floor":38},{"not_picked":["Coolheaded","Mirror Shield"],"picked":"Compile Driver+1","floor":38},{"not_picked":["Heatsinks","Panic Button"],"picked":"Glacier","floor":38},{"not_picked":["Force Field+1","Steam"],"picked":"Storm","floor":39},{"not_picked":["Leap","Redo"],"picked":"Mirror Shield","floor":39},{"not_picked":["Go for the Eyes","Coolheaded","Conserve Battery"],"picked":"SKIP","floor":39},{"not_picked":["Leap","Capacitor+1","Doom and Gloom+1"],"picked":"SKIP","floor":41}],"player_experience":581501,"relics_obtained":[{"floor":6.0,"key":"Replay:Baseball"},{"floor":10.0,"key":"CaptainsWheel"},{"floor":12.0,"key":"PreservedInsect"},{"floor":13.0,"key":"Kunai"},{"floor":23.0,"key":"Tiny Chest"},{"floor":25,"key":"Regal Pillow"},{"floor":26,"key":"HornCleat"},{"floor":27,"key":"ReplayTheSpireMod:Shallot"},{"floor":30,"key":"Unceasing Top"},{"floor":37,"key":"Replay:Towering Pillar of Hats"},{"floor":41,"key":"DataDisk"}],"event_choices":[{"damage_healed":0.0,"max_hp_gain":0.0,"max_hp_loss":0.0,"gold_gain":0.0,"event_name":"Lab","player_choice":"Got Potions","floor":4.0,"gold_loss":0.0,"damage_taken":0.0},{"damage_healed":0.0,"max_hp_gain":0.0,"max_hp_loss":0.0,"gold_gain":0.0,"event_name":"FaceTrader","player_choice":"Trade","floor":19.0,"gold_loss":0.0,"damage_taken":0.0,"relics_obtained":["CultistMask"]},{"damage_healed":0,"gold_gain":0,"player_choice":"Inject Mutagens","damage_taken":0,"relics_obtained":["MutagenicStrength"],"max_hp_gain":0,"max_hp_loss":0,"event_name":"Drug Dealer","floor":28,"gold_loss":0},{"damage_healed":0,"gold_gain":0,"player_choice":"Fight","damage_taken":0,"max_hp_gain":0,"max_hp_loss":0,"event_name":"MindBloom","floor":37,"gold_loss":0},{"damage_healed":0,"gold_gain":0,"player_choice":"Max HP","damage_taken":0,"max_hp_gain":0,"max_hp_loss":4,"event_name":"Winding Halls","floor":40,"gold_loss":0}],"is_beta":false,"boss_relics":[{"not_picked":["Runic Pyramid","Ring of Chaos"],"picked":"SlaversCollar"},{"not_picked":["ReplayTheSpireMod:DimensionalGlitch","Empty Cage"],"picked":"Philosopher\u0027s Stone"}],"items_purged_floors":[],"is_endless":false,"potions_floor_spawned":[2,7,8,14,18,23,27,30,31,35,39],"killed_by":"Jaw Worm Horde","ascension_level":20}}