{"host":"2i0myh7fqij2ti1z","time":1612167311,"event":{"mods":["Aspiration","BaseMod","Better Third Choice","Colored Powertips","Conspire","Evolution","FoggyMod","GifTheSpireLib","Highlight Path","Hubris","Minty Spire (QoL Compilation)","Permanent Neow","Quick Restart","Random Character Button","Random Character Mod","Replay The Spire","Shop Mod","Spicy Shops","StSLib","Stuff the Spire","Wandering Minibosses","óô»ðÖ¸ÄÏ"],"gold_per_floor":[109,4,4,4,4,338,338,373,399,399,399,399,399,399,399,399,399],"floor_reached":16,"language":"ENG","playtime":2786,"items_purged":[],"score":184,"play_id":"f91a0ea0-b298-4783-8b8e-cfed3f6693a8","local_time":"20210201161511","is_ascension_mode":true,"campfire_choices":[{"floor":12,"key":"REST"},{"data":"Devotion","floor":15,"key":"SMITH"}],"circlet_count":0,"master_deck":["Strike_R","Strike_R","Strike_R","Strike_R","Strike_R","Defend_R","Defend_R","Defend_R","Bash","Devotion+1","StuffTheSpire:Innocence","StuffTheSpire:Slingshot","Cleave"],"relics":["Burning Blood","EVO:Axolotl","aspiration:Nostalgia","Iron Core","Black Star","Juzu Bracelet","Membership Card","Darkstone Periapt","ReplayTheSpireMod:Shallot","Nunchaku","Old Coin","Pocketwatch","Replay:PocketPolymizer","Happy Flower","hubris:Backtick","WingedGreaves"],"acts_visited":["Exordium"],"potions_floor_usage":[],"damage_taken":[{"damage":6,"enemies":"Cultist","floor":1,"turns":4},{"damage":28,"enemies":"Lagavulin","floor":6,"turns":8},{"damage":20,"enemies":"Gremlin Nob","floor":8,"turns":4},{"damage":34,"enemies":"The Guardian","floor":16,"turns":2}],"seed_played":"-5998577490033916519","potions_obtained":[],"is_trial":false,"path_per_floor":["M","$","?","?","?","E","?","E","T","E","R","R","$","$","R","B"],"character_chosen":"IRONCLAD","items_purchased":["Membership Card"],"campfire_rested":1,"item_purchase_floors":[2],"current_hp_per_floor":[72,72,72,58,51,29,29,15,15,5,5,29,29,29,29,0,0],"gold":399,"neow_bonus":"NOSTALGIA","is_daily":false,"chose_seed":false,"campfire_upgraded":1,"win_rate":0.0,"timestamp":1612167311,"path_taken":["M","$","?","?","?","E","?","E","T","E","R","R","?","$","R","BOSS"],"items_purchased_type":["Relic"],"build_version":"2020-12-22","purchased_purges":0,"victory":false,"max_hp_per_floor":[80,80,80,80,80,80,80,80,80,80,80,80,80,80,80,80,80],"card_choices":[{"not_picked":["Headbutt","Heavy Blade"],"picked":"Armaments","floor":1},{"not_picked":["Heavy Blade","Iron Wave"],"picked":"StuffTheSpire:Slingshot","floor":6},{"not_picked":["Hemogenesis","Headbutt"],"picked":"Cleave","floor":8}],"player_experience":318288,"relics_obtained":[{"floor":6,"key":"Nunchaku"},{"floor":6,"key":"Old Coin"},{"floor":8,"key":"Pocketwatch"},{"floor":8,"key":"Replay:PocketPolymizer"},{"floor":9,"key":"Happy Flower"}],"event_choices":[{"cards_removed":["Armaments"],"damage_healed":0,"gold_gain":0,"player_choice":"Gave Card","damage_taken":0,"relics_obtained":["Darkstone Periapt"],"max_hp_gain":0,"max_hp_loss":0,"event_name":"WeMeetAgain","floor":3,"gold_loss":0},{"cards_removed":["Defend_R"],"damage_healed":0,"gold_gain":0,"player_choice":"Forget","damage_taken":0,"max_hp_gain":0,"max_hp_loss":0,"event_name":"Living Wall","floor":7,"gold_loss":0}],"is_beta":false,"boss_relics":[],"items_purged_floors":[],"is_endless":false,"potions_floor_spawned":[],"killed_by":"The Guardian","ascension_level":9}}