{"host":"yecadp3kwkksam5a","time":1612195597,"event":{"mods":["100% Spire Juice","Arknights","BaseMod","Minty Spire (QoL Compilation)","StSLib","SuperFastMode","The Cursed","WarShipGirlsR/??á´Ò³R mod"],"gold_per_floor":[119,119,119,44,94,134,134,167,215,215,115,133,176,207,207,298,298,316,83,83,83,83,118,156,191,191,191,234,234,268,304,304,393,393,413,164,230,230,249,288,319,332,332,365,225,256,281,324,324,324,324,324,324,30,64,64],"floor_reached":57,"language":"KOR","playtime":1948,"items_purged":["Dagger Spray","Deadly Poison","Underhanded Strike","Backflip","Escape Plan"],"score":4239,"play_id":"6accb853-0d7c-4c1f-8901-f32b9ddac7a5","local_time":"20210202010637","daily_mods":["Draft","Heirloom","Flight"],"is_ascension_mode":true,"campfire_choices":[{"data":"Tactician","floor":7.0,"key":"SMITH"},{"data":"Prepared","floor":10.0,"key":"SMITH"},{"data":"Reflex","floor":15.0,"key":"SMITH"},{"floor":32,"key":"RECALL"},{"data":"Purity","floor":49,"key":"SMITH"},{"data":"Well Laid Plans","floor":53,"key":"SMITH"}],"circlet_count":0,"master_deck":["AscendersBane","Prepared+1","Well Laid Plans+1","Eviscerate+1","Acrobatics","Reflex+1","Terror","Tactician+1","Acrobatics","Flechettes+1","Envenom","Purity+1","Well Laid Plans"],"relics":["Ring of the Snake","Du-Vu Doll","White Beast Statue","Golden Idol","Pantograph","Bag of Preparation","Pen Nib","Vajra","Tiny Chest","WristBlade","MutagenicStrength","Art of War","The Courier","Regal Pillow","Bronze Scales","Sundial","StrikeDummy","Molten Egg 2","Toxic Egg 2","Sozu","TheAbacus","Calipers","PreservedInsect","Bag of Marbles","Question Card","Snake Skull","Eternal Feather","Whetstone","Potion Belt","Membership Card","Strawberry","Toy Ornithopter","Happy Flower"],"acts_visited":["Exordium","TheCity","TheBeyond","TheEnding"],"potions_floor_usage":[],"damage_taken":[{"damage":0.0,"enemies":"Cultist","floor":1.0,"turns":2.0},{"damage":20.0,"enemies":"3 Sentries","floor":6.0,"turns":5.0},{"damage":0.0,"enemies":"Lagavulin","floor":8.0,"turns":2.0},{"damage":0.0,"enemies":"Small Slimes","floor":12.0,"turns":1.0},{"damage":0.0,"enemies":"Gremlin Nob","floor":13.0,"turns":1.0},{"damage":0.0,"enemies":"3 Sentries","floor":14.0,"turns":1.0},{"damage":0.0,"enemies":"Slime Boss","floor":16.0,"turns":1.0},{"damage":0.0,"enemies":"Shell Parasite","floor":18.0,"turns":1.0},{"damage":0,"enemies":"Book of Stabbing","floor":23,"turns":1},{"damage":0,"enemies":"Gremlin Leader","floor":24,"turns":1},{"damage":0,"enemies":"Slavers","floor":25,"turns":1},{"damage":0,"enemies":"Gremlin Leader","floor":28,"turns":1},{"damage":0,"enemies":"Slavers","floor":30,"turns":1},{"damage":0,"enemies":"Gremlin Leader","floor":31,"turns":1},{"damage":0,"enemies":"Champ","floor":33,"turns":1},{"damage":0,"enemies":"Orb Walker","floor":35,"turns":1},{"damage":0,"enemies":"2 Orb Walkers","floor":37,"turns":1},{"damage":18,"enemies":"3 Darklings","floor":39,"turns":2},{"damage":0,"enemies":"Giant Head","floor":40,"turns":1},{"damage":0,"enemies":"Nemesis","floor":41,"turns":1},{"damage":0,"enemies":"Spire Growth","floor":42,"turns":1},{"damage":0,"enemies":"Reptomancer","floor":44,"turns":1},{"damage":0,"enemies":"Nemesis","floor":46,"turns":1},{"damage":0,"enemies":"Reptomancer","floor":48,"turns":1},{"damage":0,"enemies":"Awakened One","floor":50,"turns":2},{"damage":0,"enemies":"Time Eater","floor":51,"turns":2},{"damage":0,"enemies":"Shield and Spear","floor":55,"turns":1},{"damage":6,"enemies":"The Heart","floor":56,"turns":4}],"seed_played":"-6102100057754825317","potions_obtained":[{"floor":6.0,"key":"Energy Potion"},{"floor":8.0,"key":"Swift Potion"}],"is_trial":true,"path_per_floor":["M","T","?","$","?","E","R","E","T","R","$","M","E","E","R","B",null,"M","$","?","T","$","E","E","E","T","?","E","T","E","E","R","B",null,"M","$","?","?","M","E","E","M","T","E","$","E","T","E","R","B","B",null,"R","$","E","B",null],"character_chosen":"THE_SILENT","items_purchased":["Purity","TheAbacus","Membership Card","Well Laid Plans","Strawberry","Toy Ornithopter"],"campfire_rested":0,"item_purchase_floors":[19,36,54,54,54,54],"current_hp_per_floor":[59,59,36,36,36,16,16,16,16,16,16,16,16,16,16,41,60,60,60,60,60,60,60,60,60,60,60,60,60,60,60,60,66,66,66,66,66,66,48,48,48,48,48,48,48,48,48,48,54,66,66,66,66,73,73,67],"gold":64,"neow_bonus":"","is_daily":false,"chose_seed":false,"campfire_upgraded":5,"win_rate":0.0,"timestamp":1612195597,"path_taken":["M","?","?","$","?","E","R","E","T","R","$","?","E","E","R","BOSS","M","$","?","?","$","E","E","E","T","?","E","?","E","E","R","BOSS","M","$","?","?","M","E","E","?","T","E","$","E","?","E","R","BOSS","BOSS","R","$","E","BOSS"],"items_purchased_type":["Card","Relic","Relic","Card","Relic","Relic"],"build_version":"2020-12-22","purchased_purges":5,"victory":true,"max_hp_per_floor":[66,66,66,66,66,66,66,66,66,66,66,66,66,66,66,66,66,66,66,66,66,66,66,66,66,66,66,66,66,66,66,66,66,66,66,66,66,66,66,66,66,66,66,66,66,66,66,66,66,66,66,66,66,73,73,73],"card_choices":[{"not_picked":["Cloak And Dagger","Outmaneuver"],"picked":"Prepared","floor":0.0},{"not_picked":["Dodge and Roll","Underhanded Strike"],"picked":"Well Laid Plans","floor":0.0},{"not_picked":["Blade Dance","Dash"],"picked":"Eviscerate","floor":0.0},{"not_picked":["Choke","Outmaneuver"],"picked":"Deadly Poison","floor":0.0},{"not_picked":["Flying Knee","Quick Slash"],"picked":"Acrobatics","floor":0.0},{"not_picked":["Noxious Fumes","Expertise"],"picked":"Reflex","floor":0.0},{"not_picked":["Sucker Punch","Caltrops"],"picked":"Escape Plan","floor":0.0},{"not_picked":["Flying Knee","Dash"],"picked":"Caltrops","floor":0.0},{"not_picked":["Bane","Leg Sweep"],"picked":"Terror","floor":0.0},{"not_picked":["Riddle With Holes","Poisoned Stab"],"picked":"Underhanded Strike","floor":0.0},{"not_picked":["Cloak And Dagger","Sucker Punch"],"picked":"Backflip","floor":0.0},{"not_picked":["Cloak And Dagger","Well Laid Plans"],"picked":"Tactician","floor":0.0},{"not_picked":["Prepared","Eviscerate"],"picked":"Acrobatics","floor":0.0},{"not_picked":["Dagger Spray","Sucker Punch"],"picked":"Flechettes","floor":0.0},{"not_picked":["Bouncing Flask","Heel Hook"],"picked":"Dagger Spray","floor":0.0},{"not_picked":["Dagger Spray","Choke","Poisoned Stab"],"picked":"SKIP","floor":1.0},{"not_picked":["Envenom","Flechettes","Slice"],"picked":"SKIP","floor":6.0},{"not_picked":["Deflect","Bane","Tactician"],"picked":"SKIP","floor":8.0},{"not_picked":["Outmaneuver","A Thousand Cuts","Flying Knee"],"picked":"SKIP","floor":12.0},{"not_picked":["Sucker Punch","Dash","Underhanded Strike"],"picked":"SKIP","floor":13.0},{"not_picked":["Prepared","Distraction","Backstab"],"picked":"SKIP","floor":14.0},{"not_picked":["Doppelganger","Die Die Die"],"picked":"Envenom","floor":16.0},{"not_picked":["Setup","Deflect","PiercingWail"],"picked":"SKIP","floor":18.0},{"not_picked":["Eviscerate+1","Poisoned Stab+1","Dodge and Roll"],"picked":"SKIP","floor":23},{"not_picked":["Die Die Die","Backstab","Flying Knee+1"],"picked":"SKIP","floor":24},{"not_picked":["Prepared","Choke","Eviscerate"],"picked":"SKIP","floor":25},{"not_picked":["Prepared","Dagger Spray","Setup"],"picked":"SKIP","floor":28},{"not_picked":["Distraction","Catalyst","Predator+1"],"picked":"SKIP","floor":30},{"not_picked":["Sucker Punch+1","Dagger Spray+1","Well Laid Plans+1"],"picked":"SKIP","floor":31},{"not_picked":["Dagger Spray+1","PiercingWail+1","Cloak And Dagger+1"],"picked":"SKIP","floor":35},{"not_picked":["Bane+1","Endless Agony+1","Crippling Poison+1"],"picked":"SKIP","floor":39},{"not_picked":["Night Terror+1","Deadly Poison+1","Backflip+1"],"picked":"SKIP","floor":40},{"not_picked":["Corpse Explosion+1","Underhanded Strike+1","Bouncing Flask+1"],"picked":"SKIP","floor":41},{"not_picked":["Concentrate+1","Choke+1","Endless Agony+1"],"picked":"SKIP","floor":42},{"not_picked":["Dodge and Roll+1","Dagger Throw+1","Acrobatics+1","Terror+1"],"picked":"SKIP","floor":44},{"not_picked":["Footwork","Escape Plan+1","Envenom","Sucker Punch+1"],"picked":"SKIP","floor":46},{"not_picked":["Dagger Throw+1","Escape Plan+1","Masterful Stab+1","Reflex+1"],"picked":"SKIP","floor":48},{"not_picked":["Poisoned Stab+1","Dodge and Roll+1","Bouncing Flask+1","Well Laid Plans+1"],"picked":"SKIP","floor":55}],"player_experience":584819,"relics_obtained":[{"floor":2.0,"key":"White Beast Statue"},{"floor":6.0,"key":"Pantograph"},{"floor":8.0,"key":"Bag of Preparation"},{"floor":9.0,"key":"Pen Nib"},{"floor":13.0,"key":"Vajra"},{"floor":14.0,"key":"Tiny Chest"},{"floor":23,"key":"Art of War"},{"floor":24,"key":"The Courier"},{"floor":25,"key":"Regal Pillow"},{"floor":26,"key":"Bronze Scales"},{"floor":28,"key":"Sundial"},{"floor":29,"key":"StrikeDummy"},{"floor":30,"key":"Molten Egg 2"},{"floor":31,"key":"Toxic Egg 2"},{"floor":37,"key":"Calipers"},{"floor":40,"key":"PreservedInsect"},{"floor":41,"key":"Bag of Marbles"},{"floor":43,"key":"Question Card"},{"floor":44,"key":"Snake Skull"},{"floor":46,"key":"Eternal Feather"},{"floor":47,"key":"Whetstone"},{"floor":48,"key":"Potion Belt"},{"floor":55,"key":"Happy Flower"}],"event_choices":[{"damage_healed":0.0,"max_hp_gain":0.0,"max_hp_loss":0.0,"gold_gain":0.0,"event_name":"Golden Idol","player_choice":"Take Damage","floor":3.0,"gold_loss":0.0,"damage_taken":23.0,"relics_obtained":["Golden Idol"]},{"damage_healed":0.0,"max_hp_gain":0.0,"max_hp_loss":0.0,"gold_gain":50.0,"event_name":"Golden Shrine","player_choice":"Pray","floor":5.0,"gold_loss":0.0,"damage_taken":0.0},{"damage_healed":0,"gold_gain":0,"player_choice":"Inject Mutagens","damage_taken":0,"relics_obtained":["MutagenicStrength"],"max_hp_gain":0,"max_hp_loss":0,"event_name":"Drug Dealer","floor":20,"gold_loss":0},{"cards_removed":["Caltrops"],"damage_healed":0,"gold_gain":0,"player_choice":"Elegance","damage_taken":0,"max_hp_gain":0,"max_hp_loss":0,"event_name":"Back to Basics","floor":27,"gold_loss":0},{"damage_healed":0,"gold_gain":0,"player_choice":"Fight","damage_taken":0,"max_hp_gain":0,"max_hp_loss":0,"event_name":"Mysterious Sphere","floor":37,"gold_loss":0}],"is_beta":false,"boss_relics":[{"not_picked":["Runic Dome","Fusion Hammer"],"picked":"WristBlade"},{"not_picked":["Cursed Key","SlaversCollar"],"picked":"Sozu"}],"items_purged_floors":[4,11,19,36,45],"is_endless":false,"potions_floor_spawned":[6,8,12,13,14,16,18,23,24,25,28,30,31,33,35,37,39,40,41,42,44,46,48,55],"ascension_level":20}}