{"host":"kqmpijrcxbgb80ry","time":1612151731,"event":{"mods":["BaseMod","Colored Map","Colored Powertips","Duelist Mod","Hermit","Highlight Path","Hubris","Infinite Spire","Mimic Mod","Minty Spire (QoL Compilation)","Permanent Neow","Replay The Spire","Shop Mod","StSLib","SuperFastMode"],"gold_per_floor":[114,134,134,134,134,134,161,173,198,213,239,256,276,295,295,392,392,405,555,570,570,583,583,583],"floor_reached":23,"language":"ENG","playtime":1553,"items_purged":["hermit:Strike_Hermit"],"score":205,"play_id":"7b2c2009-dd74-44e2-abf3-8c463a6c5b04","local_time":"20210131225531","is_ascension_mode":false,"campfire_choices":[{"data":"hermit:CursedWeapon","floor":6,"key":"SMITH"},{"floor":15,"key":"REST"}],"circlet_count":0,"master_deck":["hermit:Strike_Hermit","hermit:Strike_Hermit","hermit:Strike_Hermit+1","hermit:Defend_Hermit","hermit:Defend_Hermit","hermit:Defend_Hermit+1","hermit:Defend_Hermit","hermit:Snapshot+1","hermit:Covet","hermit:Quickdraw","hermit:CursedWeapon+1","hermit:Dissolve+1","hermit:HighCaliber","hermit:Headshot","hermit:GoldenBullet","hermit:Dive","hermit:Coalescence","hermit:Deadeye","hermit:Gambit+1","hermit:BigShot","theDuelist:DuelistAscender","hermit:Dive","hermit:CursedWeapon+1"],"relics":["hermit:Momento","Golden Egg","hubris:BundleOfHerbs","hubris:ToyBattleship","Gremlin Horn","Sozu","ReplayTheSpireMod:CursedCoin"],"acts_visited":["Exordium","TheCity"],"potions_floor_usage":[11,23,23],"damage_taken":[{"damage":0,"enemies":"Jaw Worm","floor":1,"turns":3},{"damage":0,"enemies":"Small Slimes","floor":2,"turns":2},{"damage":14,"enemies":"3 Sentries","floor":7,"turns":8},{"damage":6,"enemies":"Cultist","floor":8,"turns":4},{"damage":8,"enemies":"Lots of Slimes","floor":10,"turns":4},{"damage":21,"enemies":"Lagavulin","floor":11,"turns":5},{"damage":0,"enemies":"3 Louse","floor":12,"turns":1},{"damage":0,"enemies":"Blue Slaver","floor":13,"turns":2},{"damage":2,"enemies":"Exordium Wildlife","floor":14,"turns":3},{"damage":19,"enemies":"Hexaghost","floor":16,"turns":10},{"damage":7,"enemies":"3 Byrds","floor":18,"turns":5},{"damage":20,"enemies":"Shell Parasite","floor":20,"turns":3},{"damage":14,"enemies":"Sentry and Sphere","floor":22,"turns":4},{"damage":41,"enemies":"Nightmare","floor":23,"turns":5}],"seed_played":"3339622100421482539","potions_obtained":[{"floor":7,"key":"FearPotion"},{"floor":8,"key":"hermit:Tonic"},{"floor":11,"key":"Swift Potion"},{"floor":13,"key":"SkillPotion"}],"is_trial":false,"path_per_floor":["M","M","?","$","?","R","E","M","T","M","E","M","M","M","R","B",null,"M","AVR","M","?","M","NM"],"character_chosen":"HERMIT","items_purchased":[],"campfire_rested":1,"item_purchase_floors":[],"current_hp_per_floor":[75,75,60,60,60,60,46,40,40,43,22,22,22,20,42,29,75,68,68,48,48,34,0,0],"gold":583,"neow_bonus":"RANDOM_EVENT","is_daily":false,"chose_seed":false,"campfire_upgraded":1,"win_rate":0.0,"timestamp":1612151731,"path_taken":["M","M","?","$","?","R","E","M","T","M","E","M","?","M","R","BOSS","M","AVR","M","?","?","NM"],"items_purchased_type":[],"build_version":"2020-12-22","purchased_purges":1,"victory":false,"max_hp_per_floor":[75,75,75,75,75,75,75,75,75,75,75,75,75,75,75,75,75,75,75,75,75,75,75,75],"card_choices":[{"not_picked":["hermit:LowProfile","hermit:Glare"],"picked":"hermit:Quickdraw","floor":1},{"not_picked":["hermit:Scavenge","hermit:SprayPray"],"picked":"hermit:CursedWeapon","floor":2},{"not_picked":["hermit:Dive","hermit:HoleUp"],"picked":"hermit:Dissolve","floor":7},{"not_picked":["hermit:HoleUp","hermit:Quickdraw"],"picked":"hermit:HighCaliber","floor":8},{"not_picked":["hermit:BodyArmor","hermit:Cheat"],"picked":"hermit:Headshot","floor":10},{"not_picked":["hermit:LowProfile","hermit:Roulette"],"picked":"hermit:GoldenBullet","floor":11},{"not_picked":["hermit:Manifest","hermit:FinalCanter"],"picked":"hermit:Dive","floor":12},{"not_picked":["hermit:SprayPray","hermit:Manifest"],"picked":"hermit:Coalescence","floor":13},{"not_picked":["hermit:Vantage","hermit:Glare"],"picked":"hermit:Deadeye","floor":14},{"not_picked":["hermit:Adapt","hermit:FinalCanter"],"picked":"hermit:Gambit","floor":16},{"not_picked":["hermit:Snipe+1","hermit:Misfire"],"picked":"hermit:BigShot","floor":18},{"not_picked":["hermit:Headshot","hermit:Determination"],"picked":"hermit:Dive","floor":20},{"not_picked":["hermit:Ricochet+1","hermit:Brawl","hermit:SprayPray"],"picked":"SKIP","floor":22}],"player_experience":368803,"relics_obtained":[{"floor":5,"key":"Golden Egg"},{"floor":7,"key":"hubris:BundleOfHerbs"},{"floor":9,"key":"hubris:ToyBattleship"},{"floor":11,"key":"Gremlin Horn"}],"event_choices":[{"damage_healed":0,"gold_gain":0,"player_choice":"Entered Light","damage_taken":15,"max_hp_gain":0,"max_hp_loss":0,"event_name":"Shining Light","floor":3,"gold_loss":0,"cards_upgraded":["hermit:Snapshot","hermit:Strike_Hermit"]},{"damage_healed":0,"gold_gain":0,"player_choice":"Copied","damage_taken":0,"max_hp_gain":0,"max_hp_loss":0,"event_name":"Duplicator","floor":21,"gold_loss":0,"cards_obtained":["hermit:CursedWeapon"]}],"is_beta":false,"boss_relics":[{"not_picked":["infinitespire:Cupcake","Busted Crown"],"picked":"Sozu"}],"items_purged_floors":[19],"is_endless":false,"potions_floor_spawned":[7,8,11,13,18],"killed_by":"Nightmare","ascension_level":0}}