{"host":"phyc2c04sehl2isi","time":1612190919,"event":{"mods":["A Magickal Journey","Act Like it!","BaseMod","Better Note","Colored Powertips","Elementarium","Hermit","Hunter ??","Minty Spire (QoL Compilation)","Nova Terra(??·??)","Prisma Mod","Quick Restart","StSLib","The Death Knight","The Jungle","The Necromancer","The Sage","The Vixen"],"gold_per_floor":[16,16,16,32,48,83,8,25,25,37,48,48,76,93,93,192,192,206,206,220,231,231,263,282,282,282],"floor_reached":25,"language":"ENG","playtime":2774,"items_purged":["PrismaMod:ChloeCommonAttack"],"score":262,"play_id":"7d1e7715-a733-42c9-9988-a0cc308c5dec","local_time":"20210201154839","is_ascension_mode":false,"campfire_choices":[{"floor":12,"key":"REST"},{"floor":15,"key":"RECALL"}],"circlet_count":0,"master_deck":["PrismaMod:ChloeCommonAttack","PrismaMod:ChloeCommonAttack","PrismaMod:ChloeCommonAttack","PrismaMod:ChloeCommonAttack","PrismaMod:ChloeCommonDefend","PrismaMod:ChloeCommonDefend","PrismaMod:ChloeCommonDefend","PrismaMod:ChloeCommonDefend","PrismaMod:ChloeCommonDefend","PrismaMod:ChloeCheapAttack","PrismaMod:ChloeCheapDefend","Apotheosis+1","PrismaMod:ChloeGaeBolg+1","PrismaMod:ChloeChristmas","PrismaMod:ChloeRitsuka","PrismaMod:ChloeEyeOfTheEuryale","PrismaMod:ChloeMaid","PrismaMod:ChloeEyeOfTheEuryale","PrismaMod:ChloeBetterTracePools+1","PrismaMod:ChloeExhaustOne","PrismaMod:ChloeDoubleRelicSpeed+1","CurseOfTheBell","PrismaMod:ChloeGaeBolg","PrismaMod:ChloeUncommonAttack","Elementarium:StickyTar","PrismaMod:ChloeUncommonAttack","Elementarium:StickyTar","PrismaMod:ChloeDemonicTutor"],"relics":["PrismaMod:PrismaTraceOn","Bottled Flame","Frozen Egg 2","Vajra","Calling Bell","Regal Pillow","sagemod:Red_Beast_Statue","Ginger","Elementarium:FlickeringLantern","MealTicket","The Courier"],"acts_visited":["Exordium","Exordium"],"potions_floor_usage":[6,14,16,23,23],"damage_taken":[{"damage":1,"enemies":"Jaw Worm","floor":1,"turns":4},{"damage":0,"enemies":"Small Slimes","floor":4,"turns":2},{"damage":0,"enemies":"Cultist","floor":5,"turns":2},{"damage":20,"enemies":"3 Sentries","floor":6,"turns":8},{"damage":3,"enemies":"Lots of Slimes","floor":8,"turns":5},{"damage":6,"enemies":"Exordium Wildlife","floor":10,"turns":3},{"damage":0,"enemies":"Blue Slaver","floor":11,"turns":3},{"damage":0,"enemies":"Lagavulin","floor":13,"turns":4},{"damage":7,"enemies":"Exordium Thugs","floor":14,"turns":5},{"damage":24,"enemies":"Hexaghost","floor":16,"turns":7},{"damage":8,"enemies":"Elementarium:MUD_AND_TAR_GOLEMS","floor":18,"turns":5},{"damage":6,"enemies":"Elementarium:VoidCorruption","floor":20,"turns":4},{"damage":9,"enemies":"Elementarium:STONE_GOLEMS","floor":21,"turns":5},{"damage":39,"enemies":"Elementarium:WarGolem","floor":23,"turns":5},{"damage":15,"enemies":"Elementarium:VOID_CORRUPTION_AND_TAR_GOLEM","floor":24,"turns":8},{"damage":4,"enemies":"Elementarium:3_ELEMENTALS","floor":25,"turns":2}],"seed_played":"5495165649632122693","potions_obtained":[{"floor":5,"key":"Fruit Juice"},{"floor":6,"key":"Dexterity Potion"},{"floor":10,"key":"FearPotion"},{"floor":11,"key":"Dexterity Potion"},{"floor":14,"key":"Block Potion"},{"floor":18,"key":"SpeedPotion"},{"floor":20,"key":"SteroidPotion"}],"is_trial":false,"path_per_floor":["M","?","?","M","M","E","$","M","T","M","M","R","E","M","R","B",null,"M","?","M","M","?","E","M","M"],"character_chosen":"CHLOE","items_purchased":[],"campfire_rested":1,"item_purchase_floors":[],"current_hp_per_floor":[74,74,74,74,74,59,59,56,56,50,50,74,74,69,69,45,80,72,72,66,57,57,18,3,0,0],"gold":282,"neow_bonus":"RANDOM_COLORLESS_2","is_daily":false,"chose_seed":false,"campfire_upgraded":0,"win_rate":0.0,"timestamp":1612190919,"path_taken":["M","?","?","M","?","E","?","M","T","M","M","R","E","M","R","BOSS","M","?","M","M","?","E","M","M"],"items_purchased_type":[],"build_version":"2020-12-22","purchased_purges":1,"victory":false,"max_hp_per_floor":[75,75,75,75,75,80,80,80,80,80,80,80,80,80,80,80,80,80,80,80,80,80,80,80,80,80],"card_choices":[{"not_picked":["HandOfGreed","Violence"],"picked":"Apotheosis","floor":0},{"not_picked":["PrismaMod:ChloeDiscardRecovery","PrismaMod:ChloeCheapDefend"],"picked":"PrismaMod:ChloeGaeBolg","floor":1},{"not_picked":["PrismaMod:ChloeExhaustOne","PrismaMod:ChloeCheapDefend"],"picked":"PrismaMod:ChloeChristmas","floor":4},{"not_picked":["PrismaMod:ChloeCheapAttackTwo","PrismaMod:ChloeExhaustOne"],"picked":"PrismaMod:ChloeRitsuka","floor":5},{"not_picked":["PrismaMod:ChloeRhongomyniad","PrismaMod:ChloeCheapAttack"],"picked":"PrismaMod:ChloeEyeOfTheEuryale","floor":6},{"not_picked":["PrismaMod:ChloeCheapDefend","PrismaMod:ChloeCommonAOEAttack","PrismaMod:ChloeHalloween"],"picked":"SKIP","floor":8},{"not_picked":["PrismaMod:ChloeCheapDefend","PrismaMod:ChloeUncommonDefend"],"picked":"PrismaMod:ChloeMaid","floor":10},{"not_picked":["PrismaMod:ChloeCheapDefendTwo","PrismaMod:ChloeCheapDefend"],"picked":"PrismaMod:ChloeEyeOfTheEuryale","floor":11},{"not_picked":["PrismaMod:ChloeUncommonAttack","PrismaMod:ChloeExhaustOne"],"picked":"PrismaMod:ChloeBetterTracePools+1","floor":13},{"not_picked":["PrismaMod:ChloeCheapDefend","PrismaMod:ChloeCheapAttack"],"picked":"PrismaMod:ChloeExhaustOne","floor":14},{"not_picked":["PrismaMod:ChloeAnyUncommonTrace","PrismaMod:ChloeAnyAttackTrace"],"picked":"PrismaMod:ChloeDoubleRelicSpeed+1","floor":16},{"not_picked":["PrismaMod:ChloeCheapDefend+1","PrismaMod:ChloeCheapDefendTwo"],"picked":"PrismaMod:ChloeGaeBolg","floor":18},{"not_picked":["PrismaMod:ChloeDiscardRecovery+1","PrismaMod:ChloeCheapDefend+1","PrismaMod:ChloeCommonAOEAttack+1"],"picked":"SKIP","floor":20},{"not_picked":["PrismaMod:ChloeDoubleRelicSpeed+1","PrismaMod:ChloeChristmas"],"picked":"PrismaMod:ChloeUncommonAttack","floor":21},{"not_picked":["PrismaMod:ChloeCheapDefendTwo","PrismaMod:ChloeDiscardRecovery"],"picked":"PrismaMod:ChloeUncommonAttack","floor":23},{"not_picked":["PrismaMod:ChloeCommonAOEAttack","PrismaMod:ChloeMaid+1"],"picked":"PrismaMod:ChloeDemonicTutor","floor":24}],"player_experience":1571672,"relics_obtained":[{"floor":6,"key":"Bottled Flame"},{"floor":9,"key":"Frozen Egg 2"},{"floor":13,"key":"Vajra"},{"floor":17,"key":"Regal Pillow"},{"floor":17,"key":"sagemod:Red_Beast_Statue"},{"floor":17,"key":"Ginger"},{"floor":23,"key":"The Courier"}],"event_choices":[{"damage_healed":0,"gold_gain":0,"player_choice":"Grow","damage_taken":0,"max_hp_gain":0,"max_hp_loss":0,"event_name":"Living Wall","floor":2,"gold_loss":0,"cards_upgraded":["Apotheosis"]},{"damage_healed":0,"gold_gain":0,"player_choice":"Forge","damage_taken":0,"max_hp_gain":0,"max_hp_loss":0,"event_name":"Accursed Blacksmith","floor":3,"gold_loss":0,"cards_upgraded":["PrismaMod:ChloeGaeBolg"]},{"damage_healed":0,"gold_gain":0,"player_choice":"Take","damage_taken":0,"relics_obtained":["Elementarium:FlickeringLantern"],"max_hp_gain":0,"max_hp_loss":0,"event_name":"Elementarium:HeartOfTheVoid","floor":19,"gold_loss":0},{"damage_healed":0,"gold_gain":0,"player_choice":"Open","damage_taken":0,"relics_obtained":["MealTicket"],"max_hp_gain":0,"max_hp_loss":0,"event_name":"Elementarium:TarCoveredCasket","floor":22,"gold_loss":0,"cards_obtained":["Elementarium:StickyTar"]}],"is_beta":false,"boss_relics":[{"not_picked":["Coffee Dripper","Snecko Eye"],"picked":"Calling Bell"}],"items_purged_floors":[7],"is_endless":false,"potions_floor_spawned":[5,6,10,11,13,14,18,20],"killed_by":"Elementarium:3_ELEMENTALS","ascension_level":0}}