{"host":"x5w9zppki4gdwvc7","time":1612215390,"event":{"mods":["AchievementEnabler","BaseMod","Colored Powertips","DeckTracker","Minty Spire (QoL Compilation)","Relic Sorter","SuperFastMode"],"gold_per_floor":[113,131,145,145,95,107,107,107,107,119,82,82,97,97,97,222,222,236,161,180,11,36,36,36,36,63,63,162,128,128,153,153,274,274,294,294,308,323,344,344,380,380,380,380,480,514,7,32,32,32,32],"floor_reached":50,"language":"ENG","playtime":4458,"items_purged":["Injury"],"score":590,"play_id":"604349b4-74a1-4a4a-b530-04cea7e1f6d6","local_time":"20210201223630","is_ascension_mode":false,"campfire_choices":[{"data":"Eruption","floor":8,"key":"SMITH"},{"data":"JustLucky","floor":12,"key":"SMITH"},{"floor":15,"key":"REST"},{"data":"Apotheosis","floor":23,"key":"SMITH"},{"data":"CutThroughFate","floor":27,"key":"SMITH"},{"floor":32,"key":"REST"},{"floor":40,"key":"REST"},{"data":"Evaluate","floor":42,"key":"SMITH"},{"data":"Shame","floor":49,"key":"PURGE"}],"circlet_count":0,"master_deck":["Strike_P","Defend_P","Defend_P","Defend_P+1","Eruption+1","Vigilance+1","FollowUp+1","Pray+1","Halt","JustLucky+1","CutThroughFate+1","EmptyMind","Wireheading","Evaluate+1","Brilliance","Evaluate","Apotheosis+1","Ghostly","Ghostly","Ghostly","Ghostly","Ghostly","ReachHeaven","DeusExMachina","Prostrate+1","Chrysalis","Finesse"],"relics":["Astrolabe","Matryoshka","Golden Idol","Busted Crown","Bag of Preparation","Anchor","Cursed Key","Meat on the Bone","Blood Vial","Bottled Tornado","Peace Pipe","HandDrill"],"acts_visited":["TheCity","TheBeyond"],"potions_floor_usage":[18,33,38,41,41,46],"damage_taken":[{"damage":7,"enemies":"Cultist","floor":1,"turns":5},{"damage":2,"enemies":"2 Louse","floor":2,"turns":3},{"damage":4,"enemies":"Jaw Worm","floor":3,"turns":4},{"damage":5,"enemies":"Looter","floor":6,"turns":3},{"damage":6,"enemies":"Exordium Thugs","floor":10,"turns":4},{"damage":0,"enemies":"2 Fungi Beasts","floor":13,"turns":2},{"damage":19,"enemies":"Hexaghost","floor":16,"turns":13},{"damage":4,"enemies":"2 Thieves","floor":18,"turns":4},{"damage":8,"enemies":"Chosen","floor":20,"turns":5},{"damage":21,"enemies":"Snake Plant","floor":22,"turns":4},{"damage":1,"enemies":"Centurion and Healer","floor":31,"turns":6},{"damage":36,"enemies":"Collector","floor":33,"turns":9},{"damage":21,"enemies":"3 Shapes","floor":35,"turns":5},{"damage":6,"enemies":"Orb Walker","floor":37,"turns":5},{"damage":0,"enemies":"3 Darklings","floor":38,"turns":4},{"damage":0,"enemies":"Sphere and 2 Shapes","floor":39,"turns":4},{"damage":0,"enemies":"Giant Head","floor":41,"turns":7},{"damage":8,"enemies":"Nemesis","floor":46,"turns":7},{"damage":0,"enemies":"Jaw Worm Horde","floor":48,"turns":4},{"damage":46,"enemies":"Time Eater","floor":50,"turns":7}],"seed_played":"-7332816868648139367","potions_obtained":[{"floor":2,"key":"Ancient Potion"},{"floor":6,"key":"DuplicationPotion"},{"floor":16,"key":"StancePotion"},{"floor":18,"key":"Ambrosia"},{"floor":33,"key":"Weak Potion"},{"floor":38,"key":"AttackPotion"},{"floor":46,"key":"SkillPotion"}],"is_trial":false,"path_per_floor":["M","M","M","?","?","M","?","R","T","M","$","R","M","?","R","B",null,"M","$","M","$","M","R","?","?","T","R","?","$","?","M","R","B",null,"M","?","M","M","M","R","E","R","T","?","?","E","$","M","R","B"],"character_chosen":"WATCHER","items_purchased":["Wireheading","Apotheosis","ReachHeaven","Chrysalis","Finesse","ColorlessPotion","PowerPotion","HandDrill"],"campfire_rested":3,"item_purchase_floors":[11,21,29,47,47,47,47,47],"current_hp_per_floor":[65,63,59,45,45,40,40,40,40,34,34,34,34,34,55,36,72,68,68,60,60,39,39,36,32,32,32,32,32,32,31,41,5,41,20,20,14,14,14,26,26,26,26,26,26,32,32,34,34,0,0],"gold":32,"neow_bonus":"BOSS_RELIC","is_daily":false,"chose_seed":false,"campfire_upgraded":5,"win_rate":0.0,"timestamp":1612215390,"path_taken":["M","?","?","?","?","M","?","R","T","?","$","R","M","?","R","BOSS","M","$","M","$","M","R","?","?","T","R","?","$","?","M","R","BOSS","M","?","M","?","M","R","E","R","T","?","?","E","$","M","R","BOSS"],"items_purchased_type":["Card","Card","Card","Card","Card","Potion","Potion","Relic"],"build_version":"2020-12-22","purchased_purges":1,"victory":false,"max_hp_per_floor":[72,72,72,72,72,72,72,72,72,72,72,72,72,72,72,72,72,72,72,72,72,72,72,36,41,41,41,41,41,41,41,41,41,41,41,41,41,41,41,41,41,41,41,41,41,41,41,41,41,41,41],"card_choices":[{"not_picked":["ClearTheMind","Swivel"],"picked":"Halt","floor":1},{"not_picked":["Study","Consecrate"],"picked":"JustLucky","floor":2},{"not_picked":["FollowUp","Perseverance"],"picked":"CutThroughFate","floor":3},{"not_picked":["ThirdEye","Wallop"],"picked":"EmptyMind","floor":6},{"not_picked":["Consecrate","EmptyBody","EmptyMind"],"picked":"SKIP","floor":10},{"not_picked":["CutThroughFate","BowlingBash"],"picked":"Evaluate","floor":13},{"not_picked":["Alpha","DevaForm"],"picked":"Brilliance","floor":16},{"not_picked":[],"picked":"Evaluate","floor":18},{"not_picked":["JustLucky"],"picked":"SKIP","floor":20},{"not_picked":[],"picked":"Vengeance+1","floor":22},{"not_picked":["FlurryOfBlows"],"picked":"SKIP","floor":31},{"not_picked":[],"picked":"DeusExMachina","floor":33},{"not_picked":["Consecrate"],"picked":"SKIP","floor":35},{"not_picked":["Wallop"],"picked":"SKIP","floor":37},{"not_picked":["Evaluate"],"picked":"SKIP","floor":38},{"not_picked":["Vengeance+1"],"picked":"SKIP","floor":39},{"not_picked":["PathToVictory"],"picked":"SKIP","floor":41},{"not_picked":[],"picked":"Prostrate+1","floor":46},{"not_picked":["Wireheading+1"],"picked":"SKIP","floor":48}],"player_experience":394268,"relics_obtained":[{"floor":9,"key":"Matryoshka"},{"floor":26,"key":"Bag of Preparation"},{"floor":26,"key":"Anchor"},{"floor":41,"key":"Meat on the Bone"},{"floor":43,"key":"Blood Vial"},{"floor":43,"key":"Bottled Tornado"},{"floor":46,"key":"Peace Pipe"}],"event_choices":[{"damage_healed":0,"gold_gain":0,"player_choice":"Entered Light","damage_taken":14,"max_hp_gain":0,"max_hp_loss":0,"event_name":"Shining Light","floor":4,"gold_loss":0,"cards_upgraded":["Defend_P","Vigilance"]},{"cards_removed":["Blasphemy"],"damage_healed":0,"gold_gain":0,"player_choice":"Card Removal","damage_taken":0,"max_hp_gain":0,"max_hp_loss":0,"event_name":"The Cleric","floor":5,"gold_loss":50},{"cards_removed":["Defend_P"],"damage_healed":0,"gold_gain":0,"player_choice":"Offered Basic","damage_taken":0,"max_hp_gain":0,"max_hp_loss":0,"event_name":"Bonfire Elementals","floor":7,"gold_loss":0},{"damage_healed":0,"gold_gain":0,"player_choice":"Take Wound","damage_taken":0,"relics_obtained":["Golden Idol"],"max_hp_gain":0,"max_hp_loss":0,"event_name":"Golden Idol","floor":14,"gold_loss":0,"cards_obtained":["Injury"]},{"damage_healed":0,"gold_gain":0,"player_choice":"Became a Ghost","damage_taken":0,"max_hp_gain":0,"max_hp_loss":36,"event_name":"Ghosts","floor":24,"gold_loss":0,"cards_obtained":["Ghostly","Ghostly","Ghostly","Ghostly","Ghostly"]},{"damage_healed":0,"gold_gain":0,"player_choice":"Shed Blood","damage_taken":9,"max_hp_gain":5,"max_hp_loss":0,"event_name":"Forgotten Altar","floor":25,"gold_loss":0},{"damage_healed":0,"gold_gain":99,"player_choice":"Stole From Cult","damage_taken":0,"max_hp_gain":0,"max_hp_loss":0,"event_name":"Nest","floor":28,"gold_loss":0},{"damage_healed":0,"gold_gain":0,"player_choice":"Ignored","damage_taken":0,"max_hp_gain":0,"max_hp_loss":0,"event_name":"NoteForYourself","floor":30,"gold_loss":0},{"cards_removed":["Vengeance"],"damage_healed":0,"gold_gain":0,"player_choice":"Purged","damage_taken":0,"max_hp_gain":0,"max_hp_loss":0,"event_name":"Purifier","floor":36,"gold_loss":0},{"damage_healed":0,"gold_gain":0,"player_choice":"Memory 1","damage_taken":0,"max_hp_gain":0,"max_hp_loss":0,"event_name":"SensoryStone","floor":44,"gold_loss":0},{"damage_healed":0,"gold_gain":100,"player_choice":"Pray","damage_taken":0,"max_hp_gain":0,"max_hp_loss":0,"event_name":"Golden Shrine","floor":45,"gold_loss":0}],"is_beta":false,"boss_relics":[{"not_picked":["Coffee Dripper","Empty Cage"],"picked":"Busted Crown"},{"not_picked":["Sozu","Runic Dome"],"picked":"Cursed Key"}],"items_purged_floors":[19],"is_endless":false,"potions_floor_spawned":[2,6,16,18,22,33,35,38,46,48],"killed_by":"Time Eater","ascension_level":0}}