{"host":"i4vlfbz13gs2xtdj","time":1612149443,"event":{"mods":["2.2 Compatiblity","AchievementEnabler","Act Like it!","Aspiration","BaseMod","Better Altar","Better Match","Better Note","Better Sensory Stone","Better Skull","Better Third Choice","BetterRewards","Colored Map","Elementarium","Energized Spire","Fox Events","Friendly Minions","GifTheSpireLib","Halation","Hubris","Infinite Spire","Jedi Mod","Minty Spire (QoL Compilation)","Pale of the Ancients","Potionbrewer","Replay The Spire","Shop Mod","Somnambulant","Spikes Relics","StSLib","Stuff the Spire","The Jungle","The Marked","The Sage","Trackpad"],"gold_per_floor":[110,13,0,0,19,19,19],"floor_reached":6,"language":"ENG","playtime":528,"items_purged":[],"score":41,"play_id":"e274ce9d-4028-4a96-bd6c-3a855cc7ac4a","local_time":"20210131221723","is_ascension_mode":true,"campfire_choices":[],"circlet_count":0,"master_deck":["potionbrewer:PotionbrewerStrike","potionbrewer:PotionbrewerStrike","potionbrewer:PotionbrewerStrike","potionbrewer:PotionbrewerStrike","potionbrewer:PotionbrewerDefend","potionbrewer:PotionbrewerDefend","potionbrewer:PotionbrewerDefend","potionbrewer:PotionbrewerDefend","potionbrewer:Collect","potionbrewer:ChemicalSpill","Secret Technique","potionbrewer:Spark","Replay:BasicMightCard+1","potionbrewer:BlindingSpray","potionbrewer:LeftoverSpecimen"],"relics":["potionbrewer:PotionKit","halation:PenCase","Prayer Wheel","Letter Opener","halation:Sosunser","Tiny Chest","CaptainsWheel","hubris:MedicalManual","betterThird:SlimedRelic"],"acts_visited":["Exordium"],"potions_floor_usage":[1],"damage_taken":[{"damage":0,"enemies":"Jaw Worm","floor":1,"turns":4},{"damage":5,"enemies":"2 Louse","floor":5,"turns":3},{"damage":12,"enemies":"Lagavulin","floor":6,"turns":2}],"seed_played":"-6538536572356180621","potions_obtained":[],"is_trial":false,"path_per_floor":["M","$","?","?","M","E"],"character_chosen":"POTIONBREWER","items_purchased":["halation:PenCase","Letter Opener","halation:Sosunser","Tiny Chest","Secret Technique","hubris:MedicalManual","Replay:BasicMightCard"],"campfire_rested":0,"item_purchase_floors":[0,0,0,0,0,0,2],"current_hp_per_floor":[28,28,17,17,12,0,0],"gold":19,"neow_bonus":"","is_daily":false,"chose_seed":false,"campfire_upgraded":0,"win_rate":0.0,"timestamp":1612149443,"path_taken":["M","$","?","?","M","E"],"items_purchased_type":["Relic","Relic","Relic","Relic","Card","Relic","Card"],"build_version":"2020-12-22","purchased_purges":0,"victory":false,"max_hp_per_floor":[75,75,75,75,75,75,75],"card_choices":[{"not_picked":["potionbrewer:OneTwoPunch","potionbrewer:Brandish"],"picked":"potionbrewer:Spark","floor":1},{"not_picked":["potionbrewer:Toxicity","potionbrewer:Shovel","potionbrewer:Smokescreen"],"picked":"SKIP","floor":1},{"not_picked":["potionbrewer:ChokingPowder","potionbrewer:Smokescreen"],"picked":"potionbrewer:BlindingSpray","floor":5},{"not_picked":["potionbrewer:UnstableFormula","potionbrewer:OneTwoPunch"],"picked":"potionbrewer:LeftoverSpecimen","floor":5}],"player_experience":273413,"relics_obtained":[],"event_choices":[{"damage_healed":0,"gold_gain":0,"player_choice":"Slimed","damage_taken":11,"max_hp_gain":0,"max_hp_loss":0,"event_name":"betterThird:BetterGoop","floor":3,"gold_loss":13}],"is_beta":false,"boss_relics":[],"items_purged_floors":[],"is_endless":false,"potions_floor_spawned":[],"killed_by":"Lagavulin","ascension_level":4}}