{"host":"jqln3q8z91cyrmpl","time":1612157940,"event":{"mods":["AchievementEnabler","BaseMod","Colored Map","DeckTracker","Keyboard Shortcuts","Minty Spire (QoL Compilation)","SuperFastMode"],"gold_per_floor":[118,118,118,118,136,136,170,95,145,164,182,209,227,70,70,168,168,185,185,196,196,20,20,38,53,53,1,1,12,42,42,42,145,145,156,174,189,189,44,75,75,90,116,116,0,33,33,60,60,60],"floor_reached":51,"language":"KOR","playtime":2094,"items_purged":["Defend_P","Weave"],"score":1141,"play_id":"16de3c41-cc06-4ba9-b901-da6ff266706f","local_time":"20210201143900","is_ascension_mode":true,"campfire_choices":[{"data":"Eruption","floor":6.0,"key":"SMITH"},{"data":"FlurryOfBlows","floor":15.0,"key":"SMITH"},{"data":"Brilliance","floor":23.0,"key":"SMITH"},{"data":"Vigilance","floor":28.0,"key":"SMITH"},{"floor":32.0,"key":"REST"},{"data":"Ragnarok","floor":41.0,"key":"SMITH"},{"data":"EmptyFist","floor":44,"key":"SMITH"},{"data":"Fasting2","floor":47,"key":"SMITH"},{"data":"Weave","floor":49,"key":"SMITH"}],"circlet_count":0,"master_deck":["Eruption+1","Vigilance+1","EmptyFist+1","Crescendo+1","FlurryOfBlows+1","WreathOfFlame+1","Prostrate+1","Evaluate+1","Omniscience+1","Scrawl+1","Fasting2+1","Weave+1","ThirdEye+1","BattleHymn","Halt+1","InnerPeace+1","Protect+1","Brilliance+1","Crescendo+1","Ragnarok+1","EmptyBody+1"],"relics":["PureWater","NeowsBlessing","Toxic Egg 2","Shuriken","Oddly Smooth Stone","War Paint","White Beast Statue","Pandora\u0027s Box","Bag of Preparation","Gremlin Horn","Bird Faced Urn","Busted Crown","Sling","Molten Egg 2","Akabeko","Red Mask","Mango","Strawberry"],"acts_visited":["TheCity","TheBeyond"],"potions_floor_usage":[50,50],"damage_taken":[{"damage":0.0,"enemies":"Small Slimes","floor":1.0,"turns":1.0},{"damage":0.0,"enemies":"Jaw Worm","floor":5.0,"turns":1.0},{"damage":0.0,"enemies":"Gremlin Nob","floor":7.0,"turns":1.0},{"damage":0.0,"enemies":"Cultist","floor":10.0,"turns":2.0},{"damage":0.0,"enemies":"Lots of Slimes","floor":11.0,"turns":2.0},{"damage":7.0,"enemies":"3 Sentries","floor":12.0,"turns":4.0},{"damage":0.0,"enemies":"2 Fungi Beasts","floor":13.0,"turns":3.0},{"damage":8.0,"enemies":"The Guardian","floor":16.0,"turns":7.0},{"damage":0.0,"enemies":"Spheric Guardian","floor":18.0,"turns":3.0},{"damage":0.0,"enemies":"3 Byrds","floor":20.0,"turns":3.0},{"damage":23.0,"enemies":"Shelled Parasite and Fungi","floor":24.0,"turns":6.0},{"damage":1.0,"enemies":"3 Cultists","floor":25.0,"turns":3.0},{"damage":5.0,"enemies":"Snecko","floor":29.0,"turns":5.0},{"damage":0.0,"enemies":"Gremlin Leader","floor":30.0,"turns":2.0},{"damage":0.0,"enemies":"Collector","floor":33.0,"turns":6.0},{"damage":0.0,"enemies":"3 Darklings","floor":35.0,"turns":2.0},{"damage":0.0,"enemies":"3 Shapes","floor":36.0,"turns":2.0},{"damage":4.0,"enemies":"Transient","floor":37.0,"turns":5.0},{"damage":21.0,"enemies":"Giant Head","floor":40.0,"turns":5.0},{"damage":0,"enemies":"Spire Growth","floor":42,"turns":3},{"damage":0,"enemies":"Reptomancer","floor":46,"turns":1},{"damage":0,"enemies":"Giant Head","floor":48,"turns":1},{"damage":47,"enemies":"Awakened One","floor":50,"turns":10}],"seed_played":"-5094101492872131689","potions_obtained":[{"floor":1.0,"key":"Weak Potion"},{"floor":10.0,"key":"CultistPotion"},{"floor":11.0,"key":"SteroidPotion"},{"floor":13.0,"key":"Dexterity Potion"},{"floor":16.0,"key":"FearPotion"},{"floor":18.0,"key":"Ancient Potion"},{"floor":33.0,"key":"LiquidMemories"},{"floor":36.0,"key":"SneckoOil"},{"floor":37.0,"key":"BottledMiracle"},{"floor":40.0,"key":"ColorlessPotion"}],"is_trial":false,"path_per_floor":["M","?","?","T","M","R","E","$","T","M","M","E","M","$","R","B",null,"M","?","M","?","$","R","M","M","T","$","R","M","E","?","R","B",null,"M","M","M","?","$","E","R","M","T","R","?","E","R","E","R","B",null],"character_chosen":"WATCHER","items_purchased":["Omniscience+1","Brilliance","Crescendo+1","Sling"],"campfire_rested":1,"item_purchase_floors":[14,22,27,39],"current_hp_per_floor":[72,47,47,47,47,47,47,47,47,47,47,40,40,40,40,32,72,72,72,72,72,72,72,49,48,48,48,48,43,43,43,64,66,72,72,72,70,68,68,47,47,51,51,51,51,65,65,72,72,27],"gold":60,"neow_bonus":"THREE_ENEMY_KILL","is_daily":false,"chose_seed":false,"campfire_upgraded":8,"win_rate":0.0,"timestamp":1612157940,"path_taken":["M","?","?","?","?","R","E","$","T","M","M","E","M","?","R","BOSS","M","?","M","?","$","R","M","M","T","$","R","M","E","?","R","BOSS","M","?","M","?","$","E","R","M","T","R","?","E","R","E","R","BOSS"],"items_purchased_type":["Card","Card","Card","Relic"],"build_version":"2020-12-22","purchased_purges":2,"victory":true,"max_hp_per_floor":[72,72,72,72,72,72,72,72,72,72,72,72,72,72,72,72,72,72,72,72,72,72,72,72,72,72,72,72,72,72,72,72,72,72,72,72,72,68,68,68,68,68,68,68,68,82,82,89,89,89],"card_choices":[{"not_picked":["Sanctity","ThirdEye"],"picked":"EmptyFist","floor":1.0},{"not_picked":["Protect+1","PathToVictory+1"],"picked":"Crescendo+1","floor":5.0},{"not_picked":["WindmillStrike","LikeWater"],"picked":"FlurryOfBlows","floor":7.0},{"not_picked":["Indignation+1","EmptyBody+1"],"picked":"WreathOfFlame+1","floor":10.0},{"not_picked":["CrushJoints","TalkToTheHand"],"picked":"Prostrate+1","floor":11.0},{"not_picked":["ThirdEye+1","Establishment","PathToVictory+1"],"picked":"SKIP","floor":12.0},{"not_picked":["FlyingSleeves","Wireheading"],"picked":"Evaluate+1","floor":13.0},{"not_picked":["ConjureBlade+1","DeusExMachina+1"],"picked":"Scrawl+1","floor":16.0},{"not_picked":["PathToVictory+1","Consecrate","EmptyFist"],"picked":"SKIP","floor":18.0},{"not_picked":["CutThroughFate","BowlingBash+1"],"picked":"Protect+1","floor":20.0},{"not_picked":["CrushJoints","Vengeance+1","Fasting2"],"picked":"SKIP","floor":24.0},{"not_picked":["Consecrate","ReachHeaven+1","Sanctity+1"],"picked":"SKIP","floor":25.0},{"not_picked":["PathToVictory+1","Swivel+1","Consecrate"],"picked":"SKIP","floor":29.0},{"not_picked":["WreathOfFlame+1","Weave","EmptyFist"],"picked":"SKIP","floor":30.0},{"not_picked":["Judgement+1","ConjureBlade+1"],"picked":"Ragnarok","floor":33.0},{"not_picked":["SashWhip"],"picked":"SKIP","floor":35.0},{"not_picked":["Wallop"],"picked":"SKIP","floor":36.0},{"not_picked":[],"picked":"EmptyBody+1","floor":37.0},{"not_picked":["Conclude+1"],"picked":"SKIP","floor":40.0},{"not_picked":["Fasting2+1"],"picked":"SKIP","floor":42},{"not_picked":["Collect+1"],"picked":"SKIP","floor":46},{"not_picked":["FearNoEvil+1"],"picked":"SKIP","floor":48}],"player_experience":407652,"relics_obtained":[{"floor":4.0,"key":"Shuriken"},{"floor":7.0,"key":"Oddly Smooth Stone"},{"floor":9.0,"key":"War Paint"},{"floor":12.0,"key":"White Beast Statue"},{"floor":26.0,"key":"Gremlin Horn"},{"floor":30.0,"key":"Bird Faced Urn"},{"floor":40.0,"key":"Molten Egg 2"},{"floor":43,"key":"Akabeko"},{"floor":46,"key":"Mango"},{"floor":48,"key":"Strawberry"}],"event_choices":[{"damage_healed":0.0,"max_hp_gain":0.0,"max_hp_loss":0.0,"gold_gain":0.0,"event_name":"Scrap Ooze","player_choice":"Success","floor":2.0,"gold_loss":0.0,"damage_taken":25.0,"relics_obtained":["Toxic Egg 2"]},{"cards_removed":["Strike_P"],"damage_healed":0.0,"max_hp_gain":0.0,"max_hp_loss":0.0,"gold_gain":0.0,"event_name":"Living Wall","player_choice":"Forget","floor":3.0,"gold_loss":0.0,"damage_taken":0.0},{"damage_healed":0.0,"max_hp_gain":0.0,"max_hp_loss":0.0,"gold_gain":0.0,"event_name":"The Library","player_choice":"Read","floor":19.0,"gold_loss":0.0,"damage_taken":0.0,"cards_obtained":["InnerPeace"]},{"damage_healed":0.0,"max_hp_gain":0.0,"max_hp_loss":0.0,"gold_gain":0.0,"event_name":"The Mausoleum","player_choice":"Opened","floor":21.0,"gold_loss":0.0,"damage_taken":0.0,"relics_obtained":["Bag of Preparation"]},{"damage_healed":0.0,"max_hp_gain":0.0,"max_hp_loss":0.0,"gold_gain":0.0,"event_name":"N\u0027loth","player_choice":"Ignored","floor":31.0,"gold_loss":0.0,"damage_taken":0.0},{"damage_healed":0.0,"max_hp_gain":0.0,"max_hp_loss":4.0,"gold_gain":0.0,"event_name":"Winding Halls","player_choice":"Max HP","floor":38.0,"gold_loss":0.0,"damage_taken":0.0},{"damage_healed":0,"gold_gain":0,"player_choice":"Paid","damage_taken":0,"relics_obtained":["Red Mask"],"max_hp_gain":0,"max_hp_loss":0,"event_name":"Tomb of Lord Red Mask","floor":45,"gold_loss":116}],"is_beta":false,"boss_relics":[{"not_picked":["Fusion Hammer","Tiny House"],"picked":"Pandora\u0027s Box"},{"not_picked":["Sozu","Velvet Choker"],"picked":"Busted Crown"}],"items_purged_floors":[8,22],"is_endless":false,"potions_floor_spawned":[1,10,11,13,16,18,20,24,25,29,30,33,35,36,37,40,42,46,48],"ascension_level":4}}