{"host":"9n6i2vl93jt4o42q","time":1612215463,"event":{"mods":["BaseMod","Minty Spire (QoL Compilation)","Relic Stats"],"gold_per_floor":[212,226,245,245,263,263,263,301,301,301,42,116,130,130,130,226,226,245,19,69,92,92,92],"floor_reached":22,"language":"ENG","playtime":10090,"items_purged":["Strike_R"],"score":368,"play_id":"6f6f6558-5ce4-4a6e-8767-3c231cd8d12e","local_time":"20210201223743","is_ascension_mode":true,"campfire_choices":[{"data":"Bash","floor":6,"key":"SMITH"},{"data":"Seeing Red","floor":10,"key":"SMITH"},{"floor":15,"key":"REST"}],"circlet_count":0,"master_deck":["AscendersBane","Strike_R","Strike_R+1","Strike_R+1","Defend_R+1","Defend_R","Defend_R+1","Defend_R","Bash+1","Twin Strike","Seeing Red+1","Clothesline","Power Through","Shrug It Off","True Grit","Feed","Headbutt","Pommel Strike","Bloodletting","Entrench","Battle Trance"],"relics":["Burning Blood","Golden Idol","The Courier","White Beast Statue","War Paint","Bronze Scales","Sundial","Busted Crown","Orrery"],"acts_visited":["Exordium","TheCity"],"potions_floor_usage":[8],"damage_taken":[{"damage":2,"enemies":"2 Louse","floor":1,"turns":3},{"damage":6,"enemies":"Jaw Worm","floor":2,"turns":4},{"damage":2,"enemies":"Small Slimes","floor":3,"turns":4},{"damage":5,"enemies":"Red Slaver","floor":5,"turns":4},{"damage":26,"enemies":"Gremlin Nob","floor":8,"turns":5},{"damage":17,"enemies":"Large Slime","floor":13,"turns":6},{"damage":29,"enemies":"The Guardian","floor":16,"turns":15},{"damage":3,"enemies":"3 Byrds","floor":18,"turns":3},{"damage":32,"enemies":"Spheric Guardian","floor":21,"turns":5},{"damage":32,"enemies":"3 Cultists","floor":22,"turns":5}],"seed_played":"-3277897651798285096","potions_obtained":[{"floor":1,"key":"Ancient Potion"},{"floor":13,"key":"ElixirPotion"},{"floor":16,"key":"BlessingOfTheForge"},{"floor":18,"key":"Dexterity Potion"},{"floor":21,"key":"Weak Potion"}],"is_trial":false,"path_per_floor":["M","M","M","?","M","R","?","E","T","R","$","T","M","?","R","B",null,"M","$","?","M","M"],"character_chosen":"IRONCLAD","items_purchased":["War Paint","Bronze Scales","Orrery","Entrench"],"campfire_rested":1,"item_purchase_floors":[11,11,19,19],"current_hp_per_floor":[72,72,75,68,68,68,48,28,28,28,28,28,17,17,37,14,55,58,58,58,32,0,0],"gold":92,"neow_bonus":"HUNDRED_GOLD","is_daily":false,"chose_seed":false,"campfire_upgraded":2,"win_rate":0.0,"timestamp":1612215463,"path_taken":["M","M","M","?","M","R","?","E","T","R","$","?","M","?","R","BOSS","M","?","?","M","?"],"items_purchased_type":["Relic","Relic","Relic","Card"],"build_version":"2020-12-22","purchased_purges":1,"victory":false,"max_hp_per_floor":[75,75,75,68,68,68,68,68,68,68,68,68,68,68,68,68,68,68,68,68,68,68,68],"relic_stats":{"Busted Crown":14,"counters":[10,54],"Golden Idol":43,"Sundial":[4],"Bronze Scales":[145],"War Paint":["Defend_R","Defend_R"],"obtain_stats":[{"Busted Crown":17,"Golden Idol":4,"Sundial":12,"Bronze Scales":11,"Orrery":19,"The Courier":8,"War Paint":11,"Burning Blood":0,"White Beast Statue":9},{"Busted Crown":7,"Golden Idol":3,"Sundial":5,"Bronze Scales":5,"Orrery":8,"The Courier":5,"War Paint":5,"Burning Blood":0,"White Beast Statue":5},{"Busted Crown":41,"Golden Idol":11,"Sundial":20,"Bronze Scales":20,"Orrery":44,"The Courier":20,"War Paint":20,"Burning Blood":0,"White Beast Statue":20}],"Burning Blood":52},"card_choices":[{"not_picked":["Pummel","Sword Boomerang"],"picked":"Twin Strike","floor":1},{"not_picked":["Evolve","Warcry"],"picked":"Seeing Red","floor":2},{"not_picked":["Pommel Strike","Metallicize"],"picked":"Clothesline","floor":3},{"not_picked":["Headbutt","Rage"],"picked":"Power Through","floor":5},{"not_picked":["Iron Wave","Power Through"],"picked":"Shrug It Off","floor":8},{"not_picked":["Wild Strike","Inflame"],"picked":"True Grit","floor":13},{"not_picked":["Berserk","Reaper"],"picked":"Feed","floor":16},{"not_picked":[],"picked":"Headbutt","floor":18},{"not_picked":[],"picked":"Pommel Strike","floor":19},{"not_picked":[],"picked":"Bloodletting","floor":19},{"not_picked":[],"picked":"Battle Trance","floor":21}],"player_experience":2381526,"relics_obtained":[{"floor":8,"key":"The Courier"},{"floor":9,"key":"White Beast Statue"},{"floor":12,"key":"Sundial"}],"event_choices":[{"damage_healed":0,"gold_gain":0,"player_choice":"Lose Max HP","damage_taken":0,"relics_obtained":["Golden Idol"],"max_hp_gain":0,"max_hp_loss":7,"event_name":"Golden Idol","floor":4,"gold_loss":0},{"damage_healed":0,"gold_gain":0,"player_choice":"Entered Light","damage_taken":20,"max_hp_gain":0,"max_hp_loss":0,"event_name":"Shining Light","floor":7,"gold_loss":0,"cards_upgraded":["Strike_R","Strike_R"]},{"cards_removed":["Strike_R"],"damage_healed":0,"gold_gain":0,"player_choice":"Purged","damage_taken":0,"max_hp_gain":0,"max_hp_loss":0,"event_name":"Purifier","floor":14,"gold_loss":0},{"damage_healed":0,"gold_gain":50,"player_choice":"Stole From Cult","damage_taken":0,"max_hp_gain":0,"max_hp_loss":0,"event_name":"Nest","floor":20,"gold_loss":0}],"is_beta":false,"boss_relics":[{"not_picked":["Pandora\u0027s Box","Tiny House"],"picked":"Busted Crown"}],"items_purged_floors":[19],"is_endless":false,"potions_floor_spawned":[1,13,16,18,21],"killed_by":"3 Cultists","ascension_level":20}}