{"host":"btk6hapgokl8j5e3","time":1612211564,"event":{"mods":["Act Like it!","BaseMod","BetterRewards","Colored Powertips","Downfall","Friendly Minions","GifTheSpireLib","Hallownest","Minty Spire (QoL Compilation)","StSLib","The Animator","The Bug Knight","The Necromancer"],"gold_per_floor":[129,129,6666,6695,6714,6772,6772,6783,6810,6810,6822,6772,6772,6786,6786,6884,6909,6935,6960,6960,6627,6652,6711,6721,6734,6759,6858,6913,6930,6930,6930,6930,7025,7050,7068,7086,7010,7085,7085,7143,6998,7015,7040,7094,7109,7109,7129,7141,7141,7141,7141,7141,1024,1074,1129,1154,1004,264,339,419,419,12872,12992,13089,13114,12351,12491,12491,12491],"floor_reached":70,"language":"ENG","playtime":7259,"items_purged":["animator:Defend","animator:Strike","animator:Strike","animator:Defend","animator:Defend","animator:Strike","animator:ElricAlphonse"],"score":1560,"play_id":"fc316005-c36f-4ad0-871b-f5bee2c5f778","local_time":"20210201213244","is_ascension_mode":false,"campfire_choices":[{"data":"animator:Sloth","floor":7,"key":"SMITH"},{"data":"animator:Aisha","floor":10,"key":"SMITH"},{"floor":13,"key":"RECALL"},{"data":"animator:Pride","floor":15,"key":"SMITH"},{"data":"animator:MaesHughes","floor":30,"key":"SMITH"},{"data":"animator:MaesHughes","floor":32,"key":"SMITH"},{"data":"animator:Patchouli","floor":46,"key":"SMITH"},{"data":"animator:WinryRockbell","floor":49,"key":"SMITH"},{"data":"animator:Gilgamesh+12","floor":52,"key":"SMITH"},{"floor":68,"key":"REST"}],"circlet_count":0,"master_deck":["animator:ElricEdward+1","animator:RoyMustang+1","animator:Gilgamesh+39","animator:Patchouli+1","animator:WinryRockbell+1","animator:Pride+1","animator:Scar+1","animator:Sloth+1","animator:Aisha+1","animator:ElricAlphonse+1","animator:Greed+1","animator:Gluttony+1","animator:Rimuru","animator:Tatsumaki+1","animator:RinTohsaka+1","animator:Scar+1","animator:Greed+1","animator:MaesHughes+1","animator:YachiyoNanami+1","animator:MaesHughes+1","animator:Ain+1","animator:ElricEdward+1","animator:Eve+1","animator:Elesis+2"],"relics":["animator:TheEruzaStone","animator:AncientMedallion"],"acts_visited":["Exordium","TheCity","TheBeyond","TheEnding","EYB:TheUnnamedReign"],"potions_floor_usage":[23,44,47,48,50,50,50,59,63,67,69,69,69],"damage_taken":[{"damage":0,"enemies":"Small Slimes","floor":1,"turns":4},{"damage":0,"enemies":"Cultist","floor":4,"turns":4},{"damage":5,"enemies":"2 Louse","floor":5,"turns":3},{"damage":13,"enemies":"Lagavulin","floor":6,"turns":5},{"damage":0,"enemies":"Blue Slaver","floor":8,"turns":3},{"damage":0,"enemies":"Looter","floor":11,"turns":3},{"damage":16,"enemies":"Exordium Wildlife","floor":14,"turns":4},{"damage":3,"enemies":"Slime Boss","floor":16,"turns":6},{"damage":1,"enemies":"3 Byrds","floor":18,"turns":4},{"damage":12,"enemies":"Gremlin Leader","floor":23,"turns":3},{"damage":0,"enemies":"Chosen","floor":24,"turns":3},{"damage":0,"enemies":"Snake Plant","floor":25,"turns":4},{"damage":0,"enemies":"animator:HornedBat","floor":28,"turns":4},{"damage":0,"enemies":"Cultist and Chosen","floor":29,"turns":3},{"damage":0,"enemies":"Collector","floor":33,"turns":6},{"damage":0,"enemies":"3 Shapes","floor":35,"turns":4},{"damage":0,"enemies":"Orb Walker","floor":36,"turns":2},{"damage":0,"enemies":"Mind Bloom Boss Battle","floor":38,"turns":4},{"damage":0,"enemies":"Reptomancer","floor":40,"turns":4},{"damage":0,"enemies":"Transient","floor":42,"turns":5},{"damage":37,"enemies":"Nemesis","floor":44,"turns":5},{"damage":0,"enemies":"Maw","floor":45,"turns":5},{"damage":1,"enemies":"Spire Growth","floor":47,"turns":4},{"damage":0,"enemies":"Transient","floor":48,"turns":5},{"damage":0,"enemies":"Awakened One","floor":50,"turns":7},{"damage":0,"enemies":"animator:UNNAMED_CULTIST_1","floor":54,"turns":7},{"damage":2,"enemies":"animator:UNNAMED_HAT","floor":55,"turns":10},{"damage":42,"enemies":"animator:UNNAMED_CULTIST_2","floor":59,"turns":10},{"damage":42,"enemies":"animator:TRIPLE_LAGAVULIN","floor":60,"turns":5},{"damage":37,"enemies":"animator:ULTIMATE_WISP","floor":63,"turns":9},{"damage":0,"enemies":"animator:ULTIMATE_CUBE","floor":67,"turns":8}],"seed_played":"-2004169511023537911","potions_obtained":[{"floor":1,"key":"animator:FalseLifePotion"},{"floor":8,"key":"BlessingOfTheForge"},{"floor":24,"key":"hexamod:SoulburnPotion"},{"floor":25,"key":"SteroidPotion"},{"floor":28,"key":"Fire Potion"},{"floor":36,"key":"Strength Potion"},{"floor":47,"key":"DuplicationPotion"},{"floor":54,"key":"animator:FalseLifePotion"},{"floor":55,"key":"animator:FalseLifePotion"},{"floor":59,"key":"animator:FalseLifePotion"},{"floor":60,"key":"animator:FalseLifePotion"},{"floor":63,"key":"animator:FalseLifePotion"},{"floor":67,"key":"animator:FalseLifePotion"}],"is_trial":false,"path_per_floor":["M","?","$","M","M","E","R","M","T","R","M","?","R","M","R","B",null,"M","?","?","$","T","E","M","M","T","?","E","M","R","?","R","B",null,"M","M","$","?","?","E","$","M","T","E","M","R","M","M","R","B",null,"R","??","M","M","T","?","$","M","M","?","$","E","T","?","$","E","R","B",null],"character_chosen":"THE_ANIMATOR","items_purchased":["Membership Card","animator:RoyMustang","animator:Gilgamesh","Omamori","Pear","animator:Patchouli","animator:WinryRockbell","MealTicket","animator:Pride","animator:Scar","animator:Sloth","animator:Aisha","animator:ElricAlphonse","animator:Greed","animator:Gluttony","animator:Rimuru","Runic Capacitor","Blood Vial","CaptainsWheel","War Paint","Ginger","animator:AncientMedallion","animator:AncientMedallion","animator:AncientMedallion","animator:AncientMedallion","animator:AncientMedallion","animator:AncientMedallion","animator:AncientMedallion","animator:AncientMedallion","animator:AncientMedallion"],"campfire_rested":1,"item_purchase_floors":[0,0,0,0,0,0,0,0,0,0,0,0,0,0,0,0,3,21,21,37,41,58,58,58,62,62,62,66,66,66],"current_hp_per_floor":[57,57,72,72,71,62,62,66,66,66,70,70,70,54,54,55,76,75,75,75,76,76,64,70,72,72,72,76,76,76,62,62,64,81,81,81,81,81,81,81,81,81,81,44,50,50,55,61,61,67,81,81,98,98,98,98,98,98,60,42,54,54,53,53,23,23,83,98,30],"gold":12491,"neow_bonus":"","is_daily":false,"chose_seed":false,"campfire_upgraded":8,"win_rate":0.0,"timestamp":1612211564,"path_taken":["M","?","$","M","?","E","R","M","T","R","M","?","R","M","R","BOSS","M","?","?","$","?","E","M","M","T","?","E","M","R","?","R","BOSS","M","M","$","?","?","E","$","M","T","E","M","R","M","M","R","BOSS","R","??","M","M","T","?","$","M","M","?","$","E","T","?","$","E","R","BOSS"],"items_purchased_type":["Relic","Card","Card","Relic","Relic","Card","Card","Relic","Card","Card","Card","Card","Card","Card","Card","Card","Relic","Relic","Relic","Relic","Relic","Relic","Relic","Relic","Relic","Relic","Relic","Relic","Relic","Relic"],"build_version":"2020-12-22","purchased_purges":7,"victory":true,"max_hp_per_floor":[76,76,76,76,76,76,76,76,76,76,76,76,76,76,76,76,76,76,76,76,76,76,76,76,76,76,76,76,76,76,81,81,81,81,81,81,81,81,81,81,81,81,81,81,81,81,81,81,81,81,81,81,98,98,98,98,98,98,98,98,98,98,98,98,98,98,98,98,98],"card_choices":[{"not_picked":["animator:Kaijin","animator:Berserker"],"picked":"animator:Tatsumaki","floor":1},{"not_picked":["animator:Geryuganshoop","animator:Rena"],"picked":"animator:RinTohsaka","floor":4},{"not_picked":["animator:Alexander","animator:Raven","animator:Elsword"],"picked":"SKIP","floor":5},{"not_picked":["animator:ElricAlphonse","animator:Gluttony"],"picked":"animator:Scar","floor":6},{"not_picked":["animator:Raven","animator:IrohaTamaki","animator:Spearman"],"picked":"SKIP","floor":8},{"not_picked":["animator:Tatsumaki","animator:Alexander","animator:YuiTsuruno"],"picked":"SKIP","floor":11},{"not_picked":["animator:Berserker","animator:GuildGirl","animator:Gluttony"],"picked":"SKIP","floor":14},{"not_picked":["animator:MadokaKaname","animator:Saitama"],"picked":"animator:Greed","floor":16},{"not_picked":["animator:Sloth","animator:Pride"],"picked":"animator:MaesHughes","floor":18},{"not_picked":["animator:Genos+1","animator:Ciel"],"picked":"animator:YachiyoNanami","floor":23},{"not_picked":["animator:Genos","animator:Illya","animator:Tatsumaki"],"picked":"SKIP","floor":24},{"not_picked":["animator:Alexander","animator:SayakaMiki","animator:MamiTomoe+1"],"picked":"SKIP","floor":25},{"not_picked":["animator:WinryRockbell","animator:Sloth"],"picked":"animator:MaesHughes","floor":28},{"not_picked":["animator:Rider","animator:Aisha","animator:Elsword+1"],"picked":"SKIP","floor":29},{"not_picked":["animator:Witch+1","animator:HighElfArcher"],"picked":"animator:Ain","floor":35},{"not_picked":["animator:WinryRockbell+1","animator:Ara"],"picked":"animator:ElricEdward+1","floor":36},{"not_picked":["animator:Elsword","animator:RoyMustang","animator:Scar+1"],"picked":"SKIP","floor":42},{"not_picked":["animator:Tatsumaki","animator:YuiTsuruno+1","animator:KyokoSakura"],"picked":"SKIP","floor":44},{"not_picked":["animator:Assassin+1","animator:Vesta","animator:MadokaKaname"],"picked":"SKIP","floor":45},{"not_picked":["animator:Archer+1","animator:Aisha","animator:Berserker+1"],"picked":"SKIP","floor":48},{"not_picked":["animator:Priestess","animator:Spearman","animator:Aisha"],"picked":"SKIP","floor":54},{"not_picked":["animator:Rena","animator:Alexander+1","animator:HighElfArcher"],"picked":"SKIP","floor":55},{"not_picked":["animator:Rimuru","animator:Shizu+1"],"picked":"animator:Eve+1","floor":57},{"not_picked":["animator:Hakurou","animator:Archer","animator:Spearman+1"],"picked":"SKIP","floor":59},{"not_picked":["animator:Scar","animator:Priestess","animator:Illya"],"picked":"SKIP","floor":60},{"not_picked":["animator:EmiyaShirou","animator:MumenRider"],"picked":"animator:Elesis","floor":63},{"not_picked":["animator:IrohaTamaki","animator:MumenRider","animator:YachiyoNanami+1"],"picked":"SKIP","floor":67}],"player_experience":425019,"relics_obtained":[{"floor":6,"key":"Mummified Hand"},{"floor":22,"key":"Bottled Flame"},{"floor":23,"key":"Ancient Tea Set"},{"floor":26,"key":"Potion Belt"},{"floor":28,"key":"Paper Crane"},{"floor":38,"key":"Champion Belt"},{"floor":40,"key":"Bottled Tornado"},{"floor":43,"key":"Centennial Puzzle"},{"floor":44,"key":"DataDisk"},{"floor":53,"key":"animator:TheEruzaStone"},{"floor":53,"key":"animator:AncientMedallion"},{"floor":56,"key":"animator:AncientMedallion"},{"floor":63,"key":"animator:AncientMedallion"},{"floor":64,"key":"animator:AncientMedallion"},{"floor":67,"key":"animator:AncientMedallion"}],"event_choices":[{"damage_healed":0,"gold_gain":0,"player_choice":"Ignored","damage_taken":0,"max_hp_gain":0,"max_hp_loss":0,"event_name":"NoteForYourself","floor":2,"gold_loss":0},{"cards_removed":["animator:Strike_FullmetalAlchemist"],"damage_healed":0,"gold_gain":0,"player_choice":"Card Removal","damage_taken":0,"max_hp_gain":0,"max_hp_loss":0,"event_name":"The Cleric","floor":12,"gold_loss":50},{"damage_healed":0,"gold_gain":0,"player_choice":"Inject Mutagens","damage_taken":0,"relics_obtained":["MutagenicStrength"],"max_hp_gain":0,"max_hp_loss":0,"event_name":"Drug Dealer","floor":19,"gold_loss":0},{"cards_removed":["animator:Defend_FullmetalAlchemist"],"damage_healed":0,"gold_gain":0,"player_choice":"Elegance","damage_taken":0,"max_hp_gain":0,"max_hp_loss":0,"event_name":"Back to Basics","floor":20,"gold_loss":0},{"damage_healed":0,"gold_gain":99,"player_choice":"Stole From Cult","damage_taken":0,"max_hp_gain":0,"max_hp_loss":0,"event_name":"Nest","floor":27,"gold_loss":0},{"damage_healed":0,"gold_gain":0,"player_choice":"Shed Blood","damage_taken":19,"max_hp_gain":5,"max_hp_loss":0,"event_name":"Forgotten Altar","floor":31,"gold_loss":0},{"damage_healed":0,"gold_gain":0,"player_choice":"Fight","damage_taken":0,"max_hp_gain":0,"max_hp_loss":0,"event_name":"MindBloom","floor":38,"gold_loss":0},{"damage_healed":0,"gold_gain":0,"player_choice":"Ignored","damage_taken":0,"max_hp_gain":0,"max_hp_loss":0,"event_name":"Mysterious Sphere","floor":39,"gold_loss":0}],"is_beta":false,"boss_relics":[{"not_picked":["SacredBark","Busted Crown"],"picked":"Philosopher\u0027s Stone"},{"not_picked":["animator:RacePiece","Runic Dome"],"picked":"Cursed Key"}],"items_purged_floors":[0,0,0,0,0,0,21],"is_endless":false,"potions_floor_spawned":[1,8,24,25,28,36,40,42,47,59,67],"ascension_level":0}}