{"host":"d6gsnuetzz7j8con","time":1612215174,"event":{"mods":["AchievementEnabler","BaseMod","Better Altar","Better Match","Better Note","Better Sensory Stone","Better Skull","Better Third Choice","BetterRewards","Evolution","Minty Spire (QoL Compilation)","Permanent Neow","Remove Card Discount Mod","StSLib"],"gold_per_floor":[115,115,115,132,97,97,112,112,135,145,173,199,199,199,199,302,302,316,331,331,331,331,331],"floor_reached":22,"language":"ENG","playtime":5362,"items_purged":["Blizzard","Defend_B"],"score":232,"play_id":"4c78592d-8a99-4750-909b-1cfd040cffad","local_time":"20210201163254","is_ascension_mode":false,"campfire_choices":[{"data":"Hologram","floor":6.0,"key":"SMITH"},{"floor":15,"key":"RECALL"}],"circlet_count":0,"master_deck":["Compile Driver","Compile Driver","Compile Driver","Strike_B","Defend_B","Defend_B","Defend_B","Zap","Dualcast","Secret Technique","Sweeping Beam","Go for the Eyes","Hologram+1","Go for the Eyes","Steam+1","Swivel","Coolheaded","Skim","Darkness","Streamline","Panache","Go for the Eyes","Reprogram","Compile Driver","All For One","Pain","Amplify","BootSequence+1","Seek","Go for the Eyes","Glacier"],"relics":["Cracked Core","EVO:Axolotl","Peace Pipe","Prayer Wheel","Juzu Bracelet","Nloth\u0027s Gift","Centennial Puzzle","InkBottle","Anchor","Odd Mushroom","Regal Pillow","WarpedTongs","SlaversCollar","Molten Egg 2","Lantern","Blood Vial"],"acts_visited":["Exordium","TheCity"],"potions_floor_usage":[22,22],"damage_taken":[{"damage":0.0,"enemies":"Small Slimes","floor":1.0,"turns":3.0},{"damage":0.0,"enemies":"2 Louse","floor":4.0,"turns":2.0},{"damage":0.0,"enemies":"Cultist","floor":7.0,"turns":2.0},{"damage":0.0,"enemies":"Exordium Wildlife","floor":10.0,"turns":2.0},{"damage":0.0,"enemies":"The Mushroom Lair","floor":11.0,"turns":3.0},{"damage":15,"enemies":"Lagavulin","floor":12,"turns":6},{"damage":18,"enemies":"Slime Boss","floor":16,"turns":9},{"damage":8,"enemies":"Shell Parasite","floor":18,"turns":5},{"damage":2,"enemies":"Spheric Guardian","floor":19,"turns":4},{"damage":6,"enemies":"Snake Plant","floor":22,"turns":4}],"seed_played":"6792497510706535325","potions_obtained":[{"floor":7.0,"key":"FearPotion"},{"floor":10.0,"key":"SkillPotion"},{"floor":16,"key":"SpeedPotion"}],"is_trial":false,"path_per_floor":["M","?","?","M","?","R","M","?","T","M","?","E","T","?","R","B",null,"M","M","T","?","M"],"character_chosen":"DEFECT","items_purchased":["Secret Technique","Go for the Eyes","Hologram"],"campfire_rested":0,"item_purchase_floors":[0,0,0],"current_hp_per_floor":[75,63,63,63,75,75,75,75,75,75,75,60,60,60,60,42,75,67,65,65,4,0,0],"gold":331,"neow_bonus":"","is_daily":false,"chose_seed":false,"campfire_upgraded":1,"win_rate":0.0,"timestamp":1612215174,"path_taken":["M","?","?","M","?","R","M","?","T","M","?","E","?","?","R","BOSS","M","M","?","?","M"],"items_purchased_type":["Card","Card","Card"],"build_version":"2020-12-22","purchased_purges":2,"victory":false,"max_hp_per_floor":[75,75,75,75,75,75,75,75,75,75,75,75,75,75,75,75,75,75,75,75,75,75,75],"card_choices":[{"not_picked":["Chill","Reinforced Body"],"picked":"Go for the Eyes","floor":1.0},{"not_picked":["Barrage","Sweeping Beam"],"picked":"Steam","floor":1.0},{"not_picked":["Compile Driver","Lockon"],"picked":"Coolheaded","floor":4.0},{"not_picked":["Compile Driver","Steam"],"picked":"Skim","floor":4.0},{"not_picked":["Ball Lightning","Compile Driver"],"picked":"Darkness","floor":7.0},{"not_picked":["Rebound","Tempest"],"picked":"Streamline","floor":7.0},{"not_picked":["Chrysalis","Trip"],"picked":"Panache","floor":8.0},{"not_picked":["Defragment","Consume"],"picked":"Go for the Eyes","floor":10.0},{"not_picked":["Biased Cognition","Chill"],"picked":"Reprogram","floor":10.0},{"not_picked":["Storm","Leap"],"picked":"Compile Driver","floor":11},{"not_picked":["FTL","Echo Form"],"picked":"All For One","floor":12},{"not_picked":["Electrodynamics","Buffer"],"picked":"Amplify","floor":16},{"not_picked":["Leap","Compile Driver"],"picked":"BootSequence","floor":18},{"not_picked":["Go for the Eyes","Barrage"],"picked":"Seek","floor":18},{"not_picked":["Rebound","Stack+1"],"picked":"Go for the Eyes","floor":19},{"not_picked":["Lockon","Storm"],"picked":"Glacier","floor":19}],"player_experience":68802,"relics_obtained":[{"floor":9.0,"key":"Anchor"},{"floor":11,"key":"Odd Mushroom"},{"floor":12,"key":"Regal Pillow"},{"floor":20,"key":"Molten Egg 2"}],"event_choices":[{"damage_healed":0.0,"max_hp_gain":0.0,"max_hp_loss":0.0,"gold_gain":0.0,"event_name":"Golden Wing","player_choice":"Ignored","floor":3.0,"gold_loss":0.0,"damage_taken":0.0},{"damage_healed":18.0,"max_hp_gain":0.0,"max_hp_loss":0.0,"gold_gain":0.0,"event_name":"The Cleric","player_choice":"Healed","floor":5.0,"gold_loss":35.0,"damage_taken":0.0},{"damage_healed":0.0,"max_hp_gain":0.0,"max_hp_loss":0.0,"gold_gain":1.0,"event_name":"betterStone:BetterStone","player_choice":"1","floor":8.0,"gold_loss":0.0,"damage_taken":0.0},{"damage_healed":0.0,"max_hp_gain":0.0,"max_hp_loss":0.0,"gold_gain":0.0,"event_name":"Mushrooms","player_choice":"Fought Mushrooms","floor":11.0,"gold_loss":0.0,"damage_taken":0.0},{"damage_healed":0,"gold_gain":0,"player_choice":"Rummage","damage_taken":0,"relics_obtained":["WarpedTongs"],"max_hp_gain":0,"max_hp_loss":0,"event_name":"Accursed Blacksmith","floor":14,"gold_loss":0,"cards_obtained":["Pain"]},{"damage_healed":0,"gold_gain":0,"player_choice":"RE UP RE UP ","damage_taken":69,"relics_obtained":["Lantern","Blood Vial"],"max_hp_gain":0,"max_hp_loss":0,"event_name":"betterSkull:BetterSkull","floor":21,"gold_loss":0,"cards_upgraded":["BootSequence","Steam"]}],"is_beta":false,"boss_relics":[{"not_picked":["Philosopher\u0027s Stone","Runic Dome"],"picked":"SlaversCollar"}],"items_purged_floors":[0,0],"is_endless":false,"potions_floor_spawned":[7,10,16],"killed_by":"Snake Plant","ascension_level":0}}