{"host":"gzk4gkgy3zij1c51","time":1612214309,"event":{"mods":["BaseMod","Colored Map","Downfall","Highlight Path","Marked Mod","Minty Spire (QoL Compilation)","Relic Stats","StSLib","everything is the same but u backflip on backflip"],"gold_per_floor":[99,111,211,228,240,271,296,315,354,375,375,375,375,375,375,375],"floor_reached":14,"language":"ENG","playtime":1343,"items_purged":[],"score":160,"play_id":"25913ea8-5a68-483f-8e1a-f61f319cc9a7","local_time":"20210201211829","is_ascension_mode":true,"campfire_choices":[{"data":"Guardian:TwinSlam","floor":1,"key":"SMITH"},{"data":"Guardian:SentryBeam","floor":13,"key":"SMITH"}],"circlet_count":0,"master_deck":["AscendersBane","Guardian:Strike_Guardian","Guardian:Strike_Guardian","Guardian:Strike_Guardian","Guardian:Defend_Guardian","Guardian:Defend_Guardian","Guardian:Defend_Guardian","Guardian:Defend_Guardian","Guardian:CurlUp","Guardian:TwinSlam+1","Guardian:RollAttack","Guardian:SentryBeam+1","Guardian:MultiBeam","Guardian:ShieldCharger","Guardian:Planning","Guardian:SpikerProtocol","Guardian:StasisEngine","Guardian:ChargeCore"],"relics":["Guardian:ModeShifter","bronze:BronzeIdol","CeramicFish","PreservedInsect","downfall:BrokenWingStatue"],"acts_visited":["Exordium"],"potions_floor_usage":[6],"damage_taken":[{"damage":0,"enemies":"2 Louse","floor":2,"turns":2},{"damage":1,"enemies":"Cultist","floor":4,"turns":4},{"damage":0,"enemies":"Small Slimes","floor":5,"turns":2},{"damage":21,"enemies":"Gremlin Nob","floor":6,"turns":3},{"damage":13,"enemies":"Blue Slaver","floor":8,"turns":4},{"damage":10,"enemies":"3 Sentries","floor":9,"turns":6},{"damage":10,"enemies":"Exordium Wildlife","floor":10,"turns":5},{"damage":25,"enemies":"Lagavulin","floor":14,"turns":4}],"seed_played":"-5547411560472950007","potions_obtained":[{"floor":2,"key":"Ancient Potion"},{"floor":5,"key":"champ:CounterPotion"},{"floor":10,"key":"SteroidPotion"}],"is_trial":false,"path_per_floor":["R","M","?","M","M","E","T","M","E","M","?","?","R","E"],"character_chosen":"GUARDIAN","items_purchased":[],"campfire_rested":0,"item_purchase_floors":[],"current_hp_per_floor":[72,72,72,71,71,50,50,37,27,17,17,22,22,0,0,0],"gold":375,"neow_bonus":"TRANSFORM_CARD","is_daily":false,"chose_seed":false,"campfire_upgraded":2,"win_rate":0.0,"timestamp":1612214309,"path_taken":["R","M","?","M","?","E","T","M","E","M","?","?","R","E"],"items_purchased_type":[],"build_version":"2020-12-22","purchased_purges":0,"victory":false,"max_hp_per_floor":[80,80,80,80,80,80,80,80,80,80,80,85,85,85,85,85],"relic_stats":{"counters":[8,30],"CeramicFish":27,"PreservedInsect":35,"obtain_stats":[{"downfall:BrokenWingStatue":11,"CeramicFish":7,"Guardian:ModeShifter":0,"PreservedInsect":9,"bronze:BronzeIdol":6},{"downfall:BrokenWingStatue":7,"CeramicFish":4,"Guardian:ModeShifter":0,"PreservedInsect":6,"bronze:BronzeIdol":4},{"downfall:BrokenWingStatue":26,"CeramicFish":11,"Guardian:ModeShifter":0,"PreservedInsect":21,"bronze:BronzeIdol":11}]},"card_choices":[{"not_picked":["Guardian:TemporalShield","Guardian:Gem_Red"],"picked":"Guardian:SentryBeam","floor":2},{"not_picked":["Guardian:Gem_Cyan","Guardian:SentryBeam"],"picked":"Guardian:MultiBeam","floor":4},{"not_picked":["Guardian:Gem_Yellow","Guardian:Suspension"],"picked":"Guardian:ShieldCharger","floor":5},{"not_picked":["Guardian:Emergency","Guardian:Gem_Lightblue"],"picked":"Guardian:Planning","floor":6},{"not_picked":["Guardian:Suspension","Guardian:ShieldCharger"],"picked":"Guardian:SpikerProtocol","floor":8},{"not_picked":["Guardian:WalkerClaw","Guardian:ConstructionForm"],"picked":"Guardian:StasisEngine","floor":9},{"not_picked":["Guardian:RollAttack","Guardian:WalkerClaw"],"picked":"Guardian:ChargeCore","floor":10}],"player_experience":1121192,"relics_obtained":[{"floor":6,"key":"bronze:BronzeIdol"},{"floor":7,"key":"CeramicFish"},{"floor":9,"key":"PreservedInsect"}],"event_choices":[{"damage_healed":0,"gold_gain":0,"player_choice":"Donut","damage_taken":0,"max_hp_gain":5,"max_hp_loss":0,"event_name":"Big Fish","floor":12,"gold_loss":0}],"is_beta":false,"boss_relics":[],"items_purged_floors":[],"is_endless":false,"potions_floor_spawned":[2,5,10],"killed_by":"Lagavulin","ascension_level":12}}