{"host":"0uumfqrc8aynrssa","time":1612169715,"event":{"mods":["AchievementEnabler","Act Like it!","Aspiration","Astrologer","BaseMod","Better Altar","Better Match","Better Note","Better Sensory Stone","Better Skull","Better Third Choice","Better Vampires","CapriCore","Colored Map","Colored Powertips","Conspire","Downfall","Energized Spire","Friendly Minions","Gensokyo","GifTheSpireLib","Hallownest","Hermit","Highlight Path","Hubris","Infinite Spire","Koishi","Marisa????????","Marked Mod","Minty Spire (QoL Compilation)","Pale of the Ancients","Permanent Neow","Potionbrewer","Random Character Button","Rare Cards Sparkle","Reimu??????","Relic Sorter","Reliquary","Remilia??????","Robot Space Explorer","Shop Mod","Somnambulant","Spicy Shops","Spikes Relics","Spire Arcade","StSLib","Stuff the Spire","The Animator","The Awakened One except there are too many feathers","The Bug Knight","The Cursed","The Hierophant","The Immortal","The Marked","The Problem Sleuth","The Runesmith","The Servant 0.9.4","TheBandit","TheFirefly","Trackpad","Wandering Minibosses","everything is the same but u backflip on backflip","slay the spire mod where everything is the same but ironclad has a cowboy hat"],"gold_per_floor":[119,138,154,172,187,187,21,45,45,45,71,71,71,98,98,198,198,215,215,215,234,234,234,269,283,283,301,47,47,47,67,67,171,171,190,205,4,23,23,23,42,62,132,32,32,66,78,78,78,78],"floor_reached":51,"language":"ENG","playtime":3586,"items_purged":["Strike_G","Strike_G","Decay"],"score":767,"play_id":"2c0da41a-90fa-482e-9591-1760acf5b949","local_time":"20210201035515","is_ascension_mode":true,"campfire_choices":[{"data":"Deadly Poison","floor":6,"key":"SMITH"},{"data":"Deadly Poison","floor":10,"key":"SMITH"},{"floor":15,"key":"REST"},{"data":"hubris:InfiniteBlow","floor":23,"key":"SMITH"},{"data":"hubris:InfiniteBlow+1","floor":29,"key":"SMITH"},{"data":"hubris:InfiniteBlow+2","floor":32,"key":"SMITH"},{"floor":40,"key":"REST"},{"floor":49,"key":"REST"}],"circlet_count":0,"master_deck":["Strike_G+1","Strike_G","Strike_G","Defend_G","Defend_G","Defend_G","Defend_G","Defend_G","Survivor","Neutralize+1","Mind Blast","Reflex","Blur","Deadly Poison+1","Catalyst","Deadly Poison+1","Footwork+1","Deadly Poison","After Image","hubris:InfiniteBlow+3","Dagger Throw","Adrenaline","Poisoned Stab","Catalyst+1","Catalyst+1","Footwork","Sadistic Nature","Footwork","Deadly Poison+1","Backflip","Backflip+1","Writhe","Noxious Fumes+1"],"relics":["Ring of the Snake","reliquary:Knoch","reliquary:PurpleTingedLeaf","aspiration:ChemicalBlood","Kunai","HoveringKite","reliquary:Aerogel","reliquary:PartyBalloon","trackpad:BottledShadow","Black Star","HollowMod:PaleOreRelic","Darkstone Periapt","Bronze Scales"],"acts_visited":["Exordium","TheCity","TheBeyond"],"potions_floor_usage":[14,16,16,24,24,25,25,27,27,28,35,35,38,41,42,42,46,47,47,50,50,50],"damage_taken":[{"damage":1,"enemies":"Cultist","floor":1,"turns":5},{"damage":0,"enemies":"2 Louse","floor":2,"turns":3},{"damage":1,"enemies":"conspire:RoseBush","floor":3,"turns":5},{"damage":5,"enemies":"3 Louse","floor":4,"turns":6},{"damage":14,"enemies":"Exordium Thugs","floor":5,"turns":7},{"damage":9,"enemies":"3 Sentries","floor":11,"turns":10},{"damage":5,"enemies":"Gremlin Nob","floor":14,"turns":5},{"damage":6,"enemies":"Slime Boss","floor":16,"turns":6},{"damage":0,"enemies":"Shell Parasite","floor":18,"turns":5},{"damage":0,"enemies":"conspire:FuzzyDice","floor":21,"turns":1},{"damage":29,"enemies":"Slavers","floor":24,"turns":9},{"damage":1,"enemies":"Snake Plant","floor":25,"turns":4},{"damage":18,"enemies":"Chosen and Byrds","floor":27,"turns":2},{"damage":0,"enemies":"conspire:HollyBat","floor":31,"turns":5},{"damage":22,"enemies":"Champ","floor":33,"turns":5},{"damage":36,"enemies":"3 Shapes","floor":35,"turns":4},{"damage":13,"enemies":"Orb Walker","floor":36,"turns":4},{"damage":29,"enemies":"3 Darklings","floor":38,"turns":7},{"damage":0,"enemies":"Maw","floor":41,"turns":4},{"damage":22,"enemies":"Jaw Worm Horde","floor":42,"turns":5},{"damage":0,"enemies":"conspire:MimicChest","floor":46,"turns":2},{"damage":20,"enemies":"4 Shapes","floor":47,"turns":4},{"damage":35,"enemies":"hubris:GrandSnecko","floor":50,"turns":7}],"seed_played":"-6328904335095694967","potions_obtained":[{"floor":1,"key":"Guardian:BlockOnCardUsePotion"},{"floor":5,"key":"AttackPotion"},{"floor":14,"key":"infinitespire:BlackPotion"},{"floor":16,"key":"sneckomod:MuddlingPotion"},{"floor":21,"key":"Energy Potion"},{"floor":25,"key":"potionbrewer:BlacksmithPotion"},{"floor":27,"key":"Fire Potion"},{"floor":31,"key":"Dexterity Potion"},{"floor":35,"key":"AttackPotion"},{"floor":35,"key":"sneckomod:MuddlingPotion"},{"floor":36,"key":"Swift Potion"},{"floor":39,"key":"Energy Potion"},{"floor":41,"key":"Swift Potion"},{"floor":42,"key":"PowerPotion"}],"is_trial":false,"path_per_floor":["M","M","M","M","M","R","$","T","T","R","E","?","?","E","R","B",null,"M","?","AVR","M","?","R","E","M","T","M","$","R","$","M","R","B",null,"M","M","$","M","?","R","M","M","T","$","?","?","M","$","R","B",null],"character_chosen":"THE_SILENT","items_purchased":["Footwork","Deadly Poison","Sadistic Nature","Footwork","Backflip","HollowMod:PaleOreRelic"],"campfire_rested":3,"item_purchase_floors":[7,7,28,28,37,37],"current_hp_per_floor":[69,69,68,63,49,49,49,49,49,49,42,25,11,7,28,24,70,70,70,70,70,70,70,43,43,43,26,26,26,26,27,27,6,70,34,21,21,23,23,44,45,24,24,24,48,49,29,29,51,16],"gold":78,"neow_bonus":"RANDOM_COLORLESS","is_daily":false,"chose_seed":false,"campfire_upgraded":5,"win_rate":0.0,"timestamp":1612169715,"path_taken":["M","?","M","M","M","R","$","?","T","R","E","?","?","E","R","BOSS","M","?","AVR","M","?","R","E","M","T","?","$","R","$","M","R","BOSS","M","M","$","M","?","R","M","M","T","?","?","?","M","$","R","BOSS"],"items_purchased_type":["Card","Card","Card","Card","Card","Relic"],"build_version":"2020-12-22","purchased_purges":3,"victory":true,"max_hp_per_floor":[70,70,70,70,70,70,70,70,70,70,70,70,70,70,70,70,70,70,70,70,70,70,70,70,70,70,70,70,70,70,70,70,70,70,70,70,70,70,70,70,70,70,70,70,76,76,76,76,76,76],"card_choices":[{"not_picked":["Forethought","Good Instincts"],"picked":"Mind Blast","floor":0},{"not_picked":["Quick Slash","Underhanded Strike"],"picked":"Reflex","floor":1},{"not_picked":["Deflect","Dodge and Roll"],"picked":"Blur","floor":2},{"not_picked":["Footwork","Bouncing Flask"],"picked":"Deadly Poison","floor":3},{"not_picked":["Die Die Die","Sucker Punch"],"picked":"Catalyst","floor":4},{"not_picked":["Bane","hubris:Sniper"],"picked":"Deadly Poison","floor":5},{"not_picked":["StuffTheSpire:BrimstoneBlast","PiercingWail"],"picked":"After Image","floor":11},{"not_picked":["infinitespire:SealOfDarkness+","infinitespire:NeuralNetwork"],"picked":"hubris:InfiniteBlow","floor":12},{"not_picked":["Backflip","Escape Plan"],"picked":"Dagger Throw","floor":14},{"not_picked":["Glass Knife","Venomology"],"picked":"Adrenaline","floor":16},{"not_picked":["StuffTheSpire:Python","StuffTheSpire:ClusterCrunch+1","Dodge and Roll"],"picked":"SKIP","floor":18},{"not_picked":["Setup","Outmaneuver"],"picked":"Poisoned Stab","floor":21},{"not_picked":["Outmaneuver+1","Predator+1"],"picked":"Catalyst+1","floor":24},{"not_picked":["Sucker Punch","StuffTheSpire:DoubleShiv"],"picked":"Catalyst+1","floor":25},{"not_picked":["Bane","StuffTheSpire:Python+1"],"picked":"Footwork","floor":27},{"not_picked":["Acrobatics+1","Prepared","Underhanded Strike"],"picked":"SKIP","floor":31},{"not_picked":["Prepared+1","Reflex+1","hubris:SlightOfHand+1"],"picked":"SKIP","floor":35},{"not_picked":["Terror","Dash"],"picked":"Deadly Poison+1","floor":36},{"not_picked":["hubris:SlightOfHand","Underhanded Strike","Outmaneuver+1"],"picked":"SKIP","floor":38},{"not_picked":["StuffTheSpire:BumpUp","Eviscerate"],"picked":"Backflip+1","floor":41},{"not_picked":["hubris:SlightOfHand+1","Underhanded Strike+1","Bane"],"picked":"SKIP","floor":42},{"not_picked":["Backflip+1","Setup"],"picked":"Noxious Fumes+1","floor":46},{"not_picked":["Dodge and Roll","Deflect+1","Venomology"],"picked":"SKIP","floor":47}],"player_experience":961871,"relics_obtained":[{"floor":8,"key":"reliquary:Knoch"},{"floor":9,"key":"reliquary:PurpleTingedLeaf"},{"floor":11,"key":"aspiration:ChemicalBlood"},{"floor":14,"key":"Kunai"},{"floor":24,"key":"reliquary:PartyBalloon"},{"floor":26,"key":"trackpad:BottledShadow"},{"floor":43,"key":"Darkstone Periapt"},{"floor":46,"key":"Bronze Scales"}],"event_choices":[{"damage_healed":25,"gold_gain":0,"player_choice":"Upgrade","damage_taken":14,"max_hp_gain":0,"max_hp_loss":70,"event_name":"betterThird:BetterShining","floor":13,"gold_loss":0,"cards_upgraded":["Strike_G","Neutralize"]},{"cards_removed":["Strike_G"],"damage_healed":0,"gold_gain":0,"player_choice":"Give","damage_taken":0,"max_hp_gain":0,"max_hp_loss":0,"event_name":"betterNote:BetterNote","floor":19,"gold_loss":0,"cards_obtained":["Strike_G"]},{"damage_healed":0,"gold_gain":0,"player_choice":"Cursed","damage_taken":0,"max_hp_gain":0,"max_hp_loss":0,"event_name":"Wheel of Change","floor":22,"gold_loss":0,"cards_obtained":["Decay"]},{"damage_healed":0,"gold_gain":0,"player_choice":"Got Potions","damage_taken":0,"max_hp_gain":0,"max_hp_loss":0,"event_name":"Lab","floor":39,"gold_loss":0},{"damage_healed":18,"gold_gain":0,"player_choice":"Writhe","damage_taken":0,"max_hp_gain":0,"max_hp_loss":0,"event_name":"Winding Halls","floor":45,"gold_loss":0,"cards_obtained":["Writhe"]}],"is_beta":false,"boss_relics":[{"not_picked":["trackpad:Coffee","trackpad:Trackpad"],"picked":"HoveringKite"},{"not_picked":["energizedSpire:RedRose","aspiration:FutureDiary"],"picked":"Black Star"}],"items_purged_floors":[20,37,44],"is_endless":false,"potions_floor_spawned":[1,5,14,16,21,25,27,31,36,38,41],"ascension_level":2}}