{"host":"a3wpq7kyokchzawk","time":1612177411,"event":{"mods":["BaseMod","Colored Map","Highlight Path","Minty Spire (QoL Compilation)","Permanent Neow","Potion Indicator Mod","Relic Stats","Weighted Paths"],"gold_per_floor":[111,186,186,26,42,373,373,403,403,418,452,468,127,147,147,147,147],"floor_reached":16,"language":"ENG","playtime":1590,"items_purged":[],"score":290,"play_id":"b8d0fac1-32f1-4e9f-afac-d603f388a1f5","local_time":"20210201090331","is_ascension_mode":true,"campfire_choices":[{"data":"Bash","floor":7.0,"key":"SMITH"},{"data":"Fiend Fire","floor":15.0,"key":"SMITH"}],"circlet_count":0,"master_deck":["AscendersBane","Strike_R","Strike_R","Strike_R","Strike_R","Defend_R","Defend_R","Defend_R","Defend_R","Bash+1","Cleave","Disarm","Feel No Pain","Second Wind","Anger","Battle Trance","Fiend Fire+1","Rupture","Bloodletting"],"relics":["Burning Blood","NeowsBlessing","PreservedInsect","Old Coin","Smiling Mask","White Beast Statue","Ice Cream","Ancient Tea Set"],"acts_visited":["Exordium"],"potions_floor_usage":[16],"damage_taken":[{"damage":0.0,"enemies":"Small Slimes","floor":1.0,"turns":1.0},{"damage":0.0,"enemies":"2 Louse","floor":5.0,"turns":1.0},{"damage":0.0,"enemies":"Gremlin Nob","floor":6.0,"turns":1.0},{"damage":45.0,"enemies":"Lagavulin","floor":8.0,"turns":6.0},{"damage":12.0,"enemies":"Jaw Worm","floor":10.0,"turns":2.0},{"damage":11.0,"enemies":"3 Sentries","floor":11.0,"turns":7.0},{"damage":9.0,"enemies":"Gremlin Gang","floor":12.0,"turns":3.0},{"damage":0.0,"enemies":"Blue Slaver","floor":14.0,"turns":2.0},{"damage":30,"enemies":"The Guardian","floor":16,"turns":9}],"seed_played":"-9149560356614611481","potions_obtained":[{"floor":8.0,"key":"Swift Potion"},{"floor":10.0,"key":"Swift Potion"},{"floor":11.0,"key":"AttackPotion"},{"floor":12.0,"key":"Energy Potion"},{"floor":14.0,"key":"FearPotion"}],"is_trial":false,"path_per_floor":["M","?","?","$","M","E","R","E","T","M","E","M","$","M","R","B"],"character_chosen":"IRONCLAD","items_purchased":["PreservedInsect","Rupture","Bloodletting","Ancient Tea Set"],"campfire_rested":0,"item_purchase_floors":[4,13,13,13],"current_hp_per_floor":[74,63,63,63,69,75,75,36,36,30,25,22,22,28,28,0,0],"gold":147,"neow_bonus":"THREE_ENEMY_KILL","is_daily":false,"chose_seed":false,"campfire_upgraded":2,"win_rate":0.0,"timestamp":1612177411,"path_taken":["M","?","?","$","M","E","R","E","T","M","E","M","$","M","R","BOSS"],"items_purchased_type":["Relic","Card","Card","Relic"],"build_version":"2020-12-22","purchased_purges":0,"victory":false,"max_hp_per_floor":[75,75,75,75,75,75,75,75,75,75,75,75,75,75,75,75,75],"relic_stats":{"counters":[9,32],"PreservedInsect":62,"Smiling Mask":0,"obtain_stats":[{"Ice Cream":11,"NeowsBlessing":0,"PreservedInsect":4,"Smiling Mask":8,"Ancient Tea Set":13,"Burning Blood":0,"White Beast Statue":9,"Old Coin":6},{"Ice Cream":6,"NeowsBlessing":0,"PreservedInsect":1,"Smiling Mask":4,"Ancient Tea Set":7,"Burning Blood":0,"White Beast Statue":4,"Old Coin":3},{"Ice Cream":18,"NeowsBlessing":0,"PreservedInsect":1,"Smiling Mask":9,"Ancient Tea Set":21,"Burning Blood":0,"White Beast Statue":9,"Old Coin":3}],"Burning Blood":48},"card_choices":[{"not_picked":["Clash","Wild Strike"],"picked":"Cleave","floor":1.0},{"not_picked":["Cleave","Searing Blow"],"picked":"Feel No Pain","floor":5.0},{"not_picked":["Warcry","Perfected Strike"],"picked":"Second Wind","floor":6.0},{"not_picked":["Wild Strike","Rampage"],"picked":"Anger","floor":8.0},{"not_picked":["Combust","Blood for Blood","Heavy Blade"],"picked":"SKIP","floor":10.0},{"not_picked":["Inflame","Intimidate"],"picked":"Battle Trance","floor":11.0},{"not_picked":["Armaments","Havoc"],"picked":"Fiend Fire","floor":12.0},{"not_picked":["Pommel Strike","Rage","Havoc"],"picked":"SKIP","floor":14.0}],"player_experience":2510236,"relics_obtained":[{"floor":6.0,"key":"Old Coin"},{"floor":8.0,"key":"Smiling Mask"},{"floor":9.0,"key":"White Beast Statue"},{"floor":11.0,"key":"Ice Cream"}],"event_choices":[{"damage_healed":0.0,"max_hp_gain":0.0,"max_hp_loss":0.0,"gold_gain":75.0,"event_name":"World of Goop","player_choice":"Gather Gold","floor":2.0,"gold_loss":0.0,"damage_taken":11.0},{"damage_healed":0.0,"max_hp_gain":0.0,"max_hp_loss":0.0,"gold_gain":0.0,"cards_transformed":["Strike_R"],"event_name":"Living Wall","player_choice":"Change","floor":3.0,"gold_loss":0.0,"damage_taken":0.0,"cards_obtained":["Disarm"]}],"is_beta":false,"boss_relics":[],"items_purged_floors":[],"is_endless":false,"potions_floor_spawned":[8,10,11,12,14],"killed_by":"The Guardian","ascension_level":20}}