{"host":"rb2p2z6v6vieend5","time":1612216324,"event":{"mods":["BaseMod","Block Reminder","Colored Map","DeckTracker","Highlight Path","Minty Spire (QoL Compilation)","Random Character Button","Relic Stats"],"gold_per_floor":[99,99,99,99,99,99,99,99,99,99,99,99,99,99,99,99,99,99,99,99,99,99,99,99,99,99,99,99,24,24,24],"floor_reached":30,"language":"ENG","playtime":1905,"items_purged":[],"score":343,"play_id":"47aa6f01-39d7-4bf1-a664-8796d488e770","local_time":"20210201225204","is_ascension_mode":true,"campfire_choices":[{"floor":6,"key":"REST"},{"floor":11,"key":"REST"},{"floor":13,"key":"REST"},{"data":"Perseverance","floor":15,"key":"SMITH"},{"floor":23,"key":"REST"},{"floor":25,"key":"REST"},{"floor":28,"key":"REST"}],"circlet_count":0,"master_deck":["Strike_P+1","Defend_P","Defend_P","Defend_P+1","Eruption+1","Vigilance","Weave","FollowUp","ClearTheMind","Perseverance+1","DevaForm","Crescendo","Wireheading","ThirdEye","Devotion","DeceiveReality+1","Brilliance+1","Adaptation+1","DeusExMachina","Perseverance+1","JustLucky","WindmillStrike","EmptyBody+1"],"relics":["Ectoplasm","Yang","White Beast Statue","Dream Catcher","Astrolabe","Question Card","Kunai","Matryoshka","Potion Belt"],"acts_visited":["Exordium","TheCity"],"potions_floor_usage":[10,24,27],"damage_taken":[{"damage":0,"enemies":"Cultist","floor":1,"turns":2},{"damage":2,"enemies":"Jaw Worm","floor":3,"turns":4},{"damage":0,"enemies":"2 Louse","floor":7,"turns":2},{"damage":30,"enemies":"3 Sentries","floor":8,"turns":9},{"damage":8,"enemies":"Gremlin Nob","floor":10,"turns":3},{"damage":12,"enemies":"Gremlin Gang","floor":14,"turns":6},{"damage":10,"enemies":"Slime Boss","floor":16,"turns":10},{"damage":7,"enemies":"Shell Parasite","floor":18,"turns":7},{"damage":0,"enemies":"Chosen","floor":19,"turns":4},{"damage":11,"enemies":"Shelled Parasite and Fungi","floor":22,"turns":7},{"damage":40,"enemies":"Gremlin Leader","floor":24,"turns":8},{"damage":49,"enemies":"Slavers","floor":27,"turns":7},{"damage":27,"enemies":"Centurion and Healer","floor":30,"turns":2}],"seed_played":"564658569014819391","potions_obtained":[{"floor":1,"key":"FearPotion"},{"floor":3,"key":"EssenceOfSteel"},{"floor":10,"key":"Explosive Potion"},{"floor":14,"key":"Ancient Potion"},{"floor":16,"key":"PowerPotion"},{"floor":24,"key":"SpeedPotion"},{"floor":27,"key":"BottledMiracle"}],"is_trial":false,"path_per_floor":["M","?","M","?","?","R","M","E","T","E","R","?","R","M","R","B",null,"M","M","?","?","M","R","E","R","T","E","R","?","M"],"character_chosen":"WATCHER","items_purchased":[],"campfire_rested":6,"item_purchase_floors":[],"current_hp_per_floor":[72,61,59,59,45,66,66,36,36,28,49,49,70,58,58,48,66,59,59,59,59,48,69,29,50,50,1,22,22,0,0],"gold":24,"neow_bonus":"BOSS_RELIC","is_daily":false,"chose_seed":false,"campfire_upgraded":1,"win_rate":0.0,"timestamp":1612216324,"path_taken":["M","?","M","?","?","R","M","E","T","E","R","?","R","M","R","BOSS","M","?","?","?","M","R","E","R","T","E","R","?","?"],"items_purchased_type":[],"build_version":"2020-12-22","purchased_purges":0,"victory":false,"max_hp_per_floor":[72,72,72,72,72,72,72,72,72,72,72,72,72,72,72,72,72,72,72,72,72,72,72,72,72,72,72,72,72,72,72],"relic_stats":{"Dream Catcher":5,"counters":[13,71],"Astrolabe":["DeceiveReality","Brilliance","Adaptation"],"Yang":[115],"Ectoplasm":486,"Kunai":[5],"Question Card":6,"obtain_stats":[{"Potion Belt":27,"Dream Catcher":10,"Matryoshka":26,"Astrolabe":17,"Yang":8,"Ectoplasm":0,"Kunai":24,"PureWater":0,"Question Card":20,"White Beast Statue":9},{"Potion Belt":12,"Dream Catcher":5,"Matryoshka":11,"Astrolabe":7,"Yang":4,"Ectoplasm":0,"Kunai":11,"PureWater":0,"Question Card":9,"White Beast Statue":4},{"Potion Belt":69,"Dream Catcher":20,"Matryoshka":62,"Astrolabe":36,"Yang":17,"Ectoplasm":0,"Kunai":62,"PureWater":0,"Question Card":47,"White Beast Statue":17}]},"card_choices":[{"not_picked":["FlurryOfBlows","SandsOfTime"],"picked":"Weave","floor":1},{"not_picked":["SashWhip","EmptyBody"],"picked":"FollowUp","floor":3},{"not_picked":["EmptyFist","SignatureMove"],"picked":"ClearTheMind","floor":7},{"not_picked":["FlyingSleeves","Prostrate"],"picked":"Perseverance","floor":8},{"not_picked":["Swivel","EmptyMind"],"picked":"DevaForm","floor":10},{"not_picked":["Swivel","Indignation"],"picked":"Crescendo","floor":11},{"not_picked":["JustLucky","FlyingSleeves"],"picked":"Wireheading","floor":13},{"not_picked":["MentalFortress","Swivel"],"picked":"ThirdEye","floor":14},{"not_picked":["DevaForm","Judgement"],"picked":"Devotion","floor":16},{"not_picked":["Evaluate","WreathOfFlame+1","EmptyBody"],"picked":"SKIP","floor":18},{"not_picked":["Consecrate","Prostrate+1"],"picked":"DeusExMachina","floor":19},{"not_picked":["ThirdEye","InnerPeace","ReachHeaven+1"],"picked":"Perseverance+1","floor":22},{"not_picked":["SignatureMove+1","Crescendo","EmptyFist+1"],"picked":"JustLucky","floor":24},{"not_picked":["Evaluate","Collect","Halt"],"picked":"WindmillStrike","floor":25},{"not_picked":["EmptyFist+1","DevaForm","DeceiveReality"],"picked":"EmptyBody+1","floor":27}],"player_experience":667966,"relics_obtained":[{"floor":8,"key":"Yang"},{"floor":9,"key":"White Beast Statue"},{"floor":10,"key":"Dream Catcher"},{"floor":24,"key":"Kunai"},{"floor":26,"key":"Matryoshka"},{"floor":27,"key":"Potion Belt"}],"event_choices":[{"damage_healed":0,"gold_gain":75,"player_choice":"Gather Gold","damage_taken":11,"max_hp_gain":0,"max_hp_loss":0,"event_name":"World of Goop","floor":2,"gold_loss":0},{"damage_healed":0,"gold_gain":0,"player_choice":"Grow","damage_taken":0,"max_hp_gain":0,"max_hp_loss":0,"event_name":"Living Wall","floor":4,"gold_loss":0,"cards_upgraded":["Eruption"]},{"damage_healed":0,"gold_gain":0,"player_choice":"Entered Light","damage_taken":14,"max_hp_gain":0,"max_hp_loss":0,"event_name":"Shining Light","floor":5,"gold_loss":0,"cards_upgraded":["Strike_P","Defend_P"]},{"damage_healed":0,"gold_gain":100,"player_choice":"Gold","damage_taken":0,"max_hp_gain":0,"max_hp_loss":0,"event_name":"Wheel of Change","floor":12,"gold_loss":0},{"damage_healed":0,"gold_gain":0,"player_choice":"Opened","damage_taken":0,"relics_obtained":["Question Card"],"max_hp_gain":0,"max_hp_loss":0,"event_name":"The Mausoleum","floor":20,"gold_loss":0},{"damage_healed":0,"gold_gain":0,"player_choice":"Ignored","damage_taken":0,"max_hp_gain":0,"max_hp_loss":0,"event_name":"Vampires","floor":21,"gold_loss":0},{"cards_removed":["Defend_P"],"damage_healed":0,"gold_gain":0,"player_choice":"Gave Gold","damage_taken":0,"max_hp_gain":0,"max_hp_loss":0,"event_name":"Beggar","floor":29,"gold_loss":75}],"is_beta":false,"boss_relics":[{"not_picked":["Empty Cage","SlaversCollar"],"picked":"Astrolabe"}],"items_purged_floors":[],"is_endless":false,"potions_floor_spawned":[1,3,10,14,16,18,19,22,24,27],"killed_by":"Centurion and Healer","ascension_level":5}}