{"host":"sav7uxregyirlf69","time":1612185733,"event":{"mods":["AchievementEnabler","BaseMod","Colored Map","DeckTracker","Keyboard Shortcuts","Minty Spire (QoL Compilation)","READ ME - Guardian Mod","StSLib","SuperFastMode"],"gold_per_floor":[114,131,142,67,83,83,116,116,116,116,132,147,72,147,147,147,147],"floor_reached":16,"language":"KOR","playtime":216,"items_purged":["Strike_G"],"score":204,"play_id":"d1fab852-3560-4ef1-9aff-5155f3c0668f","local_time":"20210201222213","is_ascension_mode":true,"campfire_choices":[{"data":"Noxious Fumes","floor":6,"key":"SMITH"},{"data":"Blade Dance","floor":8,"key":"SMITH"},{"data":"Neutralize","floor":10,"key":"SMITH"},{"floor":15,"key":"REST"}],"circlet_count":0,"master_deck":["AscendersBane","Strike_G","Strike_G","Strike_G","Defend_G","Defend_G","Defend_G","Defend_G","Defend_G","Survivor","Neutralize+1","Noxious Fumes+1","Flying Knee","Backstab","Dagger Throw","Blade Dance+1","Bane"],"relics":["Ring of the Snake","Bronze Scales","Pen Nib","Dream Catcher"],"acts_visited":["Exordium"],"potions_floor_usage":[7,16],"damage_taken":[{"damage":1,"enemies":"Jaw Worm","floor":1,"turns":4},{"damage":0,"enemies":"2 Louse","floor":2,"turns":3},{"damage":4,"enemies":"Small Slimes","floor":3,"turns":4},{"damage":0,"enemies":"2 Fungi Beasts","floor":5,"turns":3},{"damage":11,"enemies":"3 Sentries","floor":7,"turns":6},{"damage":4,"enemies":"Blue Slaver","floor":11,"turns":3},{"damage":7,"enemies":"Exordium Thugs","floor":12,"turns":4},{"damage":44,"enemies":"Slime Boss","floor":16,"turns":6}],"seed_played":"3707749682799396476","potions_obtained":[{"floor":1,"key":"EssenceOfSteel"},{"floor":2,"key":"Dexterity Potion"},{"floor":11,"key":"Dexterity Potion"}],"is_trial":false,"path_per_floor":["M","M","M","$","M","R","E","R","T","R","M","M","?","?","R","B"],"character_chosen":"THE_SILENT","items_purchased":[],"campfire_rested":1,"item_purchase_floors":[],"current_hp_per_floor":[58,58,54,54,54,54,43,43,43,43,39,32,32,21,40,0,0],"gold":147,"neow_bonus":"RANDOM_COMMON_RELIC","is_daily":false,"chose_seed":false,"campfire_upgraded":3,"win_rate":0.0,"timestamp":1612185733,"path_taken":["M","M","M","$","M","R","E","R","T","R","M","M","?","?","R","BOSS"],"items_purchased_type":[],"build_version":"2020-12-22","purchased_purges":1,"victory":false,"max_hp_per_floor":[66,66,66,66,66,66,66,66,66,66,66,66,66,66,66,66,66],"card_choices":[{"not_picked":["Caltrops","Expertise"],"picked":"Noxious Fumes","floor":1},{"not_picked":["Slice","Distraction"],"picked":"Flying Knee","floor":2},{"not_picked":["Terror","Flying Knee"],"picked":"Backstab","floor":3},{"not_picked":["Setup","Dash"],"picked":"Dagger Throw","floor":5},{"not_picked":["Dagger Throw","Backflip"],"picked":"Blade Dance","floor":7},{"not_picked":["Concentrate","Choke","Dagger Throw"],"picked":"SKIP","floor":11},{"not_picked":["Outmaneuver","Riddle With Holes","Distraction"],"picked":"SKIP","floor":12},{"not_picked":["Tactician","Dash"],"picked":"Bane","floor":15}],"player_experience":1455967,"relics_obtained":[{"floor":7,"key":"Pen Nib"},{"floor":9,"key":"Dream Catcher"}],"event_choices":[{"cards_removed":["Strike_G"],"damage_healed":0,"gold_gain":0,"player_choice":"Card Removal","damage_taken":0,"max_hp_gain":0,"max_hp_loss":0,"event_name":"The Cleric","floor":13,"gold_loss":75},{"damage_healed":0,"gold_gain":75,"player_choice":"Gather Gold","damage_taken":11,"max_hp_gain":0,"max_hp_loss":0,"event_name":"World of Goop","floor":14,"gold_loss":0}],"is_beta":false,"boss_relics":[],"items_purged_floors":[4],"is_endless":false,"potions_floor_spawned":[1,2,11],"killed_by":"Slime Boss","ascension_level":20}}