{"host":"3498uni0c31c9bdm","time":1612195749,"event":{"mods":["BaseMod","Better Third Choice","Minty Spire (QoL Compilation)","Replay The Spire","StSLib"],"gold_per_floor":[117,292,307,327,327,327,338,338,338,361,395,411,442,496,496,496,496],"floor_reached":16,"language":"ENG","playtime":323,"items_purged":[],"score":176,"play_id":"92738bff-19f0-4bd3-a828-61600348c5ee","local_time":"20210202030909","is_ascension_mode":true,"campfire_choices":[{"floor":6,"key":"RECALL"},{"data":"EmptyFist","floor":8,"key":"SMITH"},{"floor":15,"key":"REST"}],"circlet_count":0,"master_deck":["AscendersBane","Strike_P","Strike_P","Strike_P","Strike_P","Defend_P","Defend_P","Defend_P","Defend_P","Eruption","Vigilance","FlurryOfBlows","Doubt","EmptyFist+1","Consecrate","FollowUp","SashWhip","DeusExMachina","WaveOfTheHand"],"relics":["PureWater","NeowsBlessing","Ring of Misfortune","Ring of Fury","Gremlin Horn","Nunchaku","Bottled Flame","Pen Nib"],"acts_visited":["Exordium"],"potions_floor_usage":[13,16],"damage_taken":[{"damage":0,"enemies":"2 Louse","floor":1,"turns":1},{"damage":0,"enemies":"Jaw Worm","floor":3,"turns":1},{"damage":0,"enemies":"Cultist","floor":4,"turns":1},{"damage":2,"enemies":"Blue Slaver","floor":7,"turns":2},{"damage":14,"enemies":"3 Sentries","floor":11,"turns":4},{"damage":5,"enemies":"Looter","floor":12,"turns":2},{"damage":20,"enemies":"Lagavulin","floor":13,"turns":4},{"damage":47,"enemies":"The Guardian","floor":16,"turns":7}],"seed_played":"-6707352132429709622","potions_obtained":[{"floor":3,"key":"BlessingOfTheForge"},{"floor":4,"key":"Elixir"},{"floor":7,"key":"SkillPotion"}],"is_trial":false,"path_per_floor":["M","?","M","M","?","R","M","R","T","T","E","M","E","?","R","B"],"character_chosen":"WATCHER","items_purchased":[],"campfire_rested":1,"item_purchase_floors":[],"current_hp_per_floor":[65,65,65,65,65,65,63,63,63,63,49,44,24,24,45,0,0],"gold":496,"neow_bonus":"THREE_ENEMY_KILL","is_daily":false,"chose_seed":false,"campfire_upgraded":1,"win_rate":0.0,"timestamp":1612195749,"path_taken":["M","?","M","M","?","R","M","R","T","?","E","?","E","?","R","BOSS"],"items_purchased_type":[],"build_version":"2020-12-22","purchased_purges":0,"victory":false,"max_hp_per_floor":[72,72,72,72,72,72,72,72,72,72,72,72,72,72,72,72,72],"card_choices":[{"not_picked":["CutThroughFate","Protect"],"picked":"FlurryOfBlows","floor":1},{"not_picked":["Replay:AtTheReady","WheelKick"],"picked":"EmptyFist","floor":3},{"not_picked":["Replay:ManipulateFuture","Worship"],"picked":"Consecrate","floor":4},{"not_picked":["JustLucky","FlurryOfBlows"],"picked":"FollowUp","floor":7},{"not_picked":["CutThroughFate","ClearTheMind"],"picked":"SashWhip","floor":11},{"not_picked":["FlurryOfBlows","FollowUp"],"picked":"DeusExMachina","floor":12},{"not_picked":["Replay:BluntJabs","Vengeance"],"picked":"WaveOfTheHand","floor":13}],"player_experience":793959,"relics_obtained":[{"floor":5,"key":"Ring of Misfortune"},{"floor":5,"key":"Ring of Fury"},{"floor":9,"key":"Gremlin Horn"},{"floor":10,"key":"Nunchaku"},{"floor":11,"key":"Bottled Flame"},{"floor":13,"key":"Pen Nib"}],"event_choices":[{"damage_healed":0,"gold_gain":175,"player_choice":"AGREE","damage_taken":117,"max_hp_gain":0,"max_hp_loss":0,"event_name":"betterThird:BetterSerpent","floor":2,"gold_loss":0},{"damage_healed":0,"gold_gain":54,"player_choice":"Gained Gold","damage_taken":0,"max_hp_gain":0,"max_hp_loss":0,"event_name":"Golden Wing","floor":14,"gold_loss":0}],"is_beta":false,"boss_relics":[],"items_purged_floors":[],"is_endless":false,"potions_floor_spawned":[3,4,7,12],"killed_by":"The Guardian","ascension_level":12}}