{"host":"ixpjvd0r4p7lnmut","time":1612158033,"event":{"mods":["Act Like it!","BaseMod","Block Reminder","Colored Map","Colored Powertips","Hallownest","Minty Spire (QoL Compilation)","Rare Cards Sparkle","Relic Stats","StSLib","The Bug Knight"],"gold_per_floor":[111,124,143,68,18,18,31,45,45,45,64,64,64,90,90,90,90],"floor_reached":16,"language":"ENG","playtime":650,"items_purged":["HollowMod:NailStrikeStart"],"score":102,"play_id":"ded2c9da-601e-42ad-a835-566e67ffdf95","local_time":"20210131214033","is_ascension_mode":false,"campfire_choices":[{"data":"HollowMod:PogoStrike","floor":6,"key":"SMITH"},{"floor":10,"key":"REST"},{"data":"HollowMod:FocusHealStart","floor":12,"key":"SMITH"},{"floor":15,"key":"REST"}],"circlet_count":0,"master_deck":["HollowMod:NailStrikeStart","HollowMod:NailStrikeStart","HollowMod:QuickDashStart","HollowMod:QuickDashStart","HollowMod:QuickDashStart","HollowMod:FocusHealStart+1","HollowMod:PogoStrike+1","HollowMod:CycloneSlash","HollowMod:SoulVessel","HollowMod:InfectedAttack","HollowMod:CycloneSlash","HollowMod:VengefulSpirit","HollowMod:Grubsong","HollowMod:QuirrelsAssistance"],"relics":["HollowMod:VesselMask","NeowsBlessing","HollowMod:MantisClawRelic","Lantern"],"acts_visited":["Exordium"],"potions_floor_usage":[14,16],"damage_taken":[{"damage":0,"enemies":"Small Slimes","floor":1,"turns":1},{"damage":0,"enemies":"Cultist","floor":2,"turns":1},{"damage":0,"enemies":"2 Louse","floor":3,"turns":1},{"damage":13,"enemies":"Looter","floor":7,"turns":3},{"damage":10,"enemies":"Gremlin Gang","floor":8,"turns":4},{"damage":11,"enemies":"3 Louse","floor":11,"turns":3},{"damage":45,"enemies":"Lagavulin","floor":14,"turns":8},{"damage":71,"enemies":"HollowMod:FalseKnight","floor":16,"turns":9}],"seed_played":"-470611780732657549","potions_obtained":[{"floor":1,"key":"Dexterity Potion"},{"floor":7,"key":"Weak Potion"}],"is_trial":false,"path_per_floor":["M","M","M","$","?","R","M","M","T","R","M","R","?","E","R","B"],"character_chosen":"THE_BUGKNIGHT","items_purchased":[],"campfire_rested":2,"item_purchase_floors":[],"current_hp_per_floor":[75,75,75,75,75,75,68,58,58,75,70,70,70,36,58,0,0],"gold":90,"neow_bonus":"THREE_ENEMY_KILL","is_daily":false,"chose_seed":false,"campfire_upgraded":2,"win_rate":0.0,"timestamp":1612158033,"path_taken":["M","M","M","$","?","R","M","M","T","R","M","R","?","E","R","BOSS"],"items_purchased_type":[],"build_version":"2020-12-22","purchased_purges":1,"victory":false,"max_hp_per_floor":[75,75,75,75,75,75,75,75,75,75,75,75,75,75,75,75,75],"relic_stats":{"counters":[8,30],"obtain_stats":[{"Lantern":14,"NeowsBlessing":0,"HollowMod:VesselMask":0,"HollowMod:MantisClawRelic":9},{"Lantern":7,"NeowsBlessing":0,"HollowMod:VesselMask":0,"HollowMod:MantisClawRelic":5},{"Lantern":21,"NeowsBlessing":0,"HollowMod:VesselMask":0,"HollowMod:MantisClawRelic":10}]},"card_choices":[{"not_picked":["HollowMod:FastStrike","HollowMod:SiblingsSouls"],"picked":"HollowMod:CycloneSlash","floor":1},{"not_picked":["HollowMod:SiblingsShadow","HollowMod:LifebloodCocoon"],"picked":"HollowMod:SoulVessel","floor":2},{"not_picked":["HollowMod:InfectionAssault","HollowMod:SharpenedNail"],"picked":"HollowMod:InfectedAttack","floor":3},{"not_picked":["HollowMod:SharpenedShadows","HollowMod:WraithStrike"],"picked":"HollowMod:CycloneSlash","floor":7},{"not_picked":["HollowMod:DashSlash","HollowMod:ShadowDash"],"picked":"HollowMod:VengefulSpirit","floor":8},{"not_picked":["HollowMod:HeavyBlow","HollowMod:LordofShades"],"picked":"HollowMod:Grubsong","floor":11},{"not_picked":["HollowMod:ShadowDash","HollowMod:MawleksShell"],"picked":"HollowMod:QuirrelsAssistance","floor":14}],"player_experience":136914,"relics_obtained":[{"floor":9,"key":"HollowMod:MantisClawRelic"},{"floor":14,"key":"Lantern"}],"event_choices":[{"cards_removed":["HollowMod:NailStrikeStart"],"damage_healed":0,"gold_gain":0,"player_choice":"Card Removal","damage_taken":0,"max_hp_gain":0,"max_hp_loss":0,"event_name":"The Cleric","floor":5,"gold_loss":50},{"cards_removed":["HollowMod:QuickDashStart"],"damage_healed":0,"gold_gain":0,"player_choice":"Purged","damage_taken":0,"max_hp_gain":0,"max_hp_loss":0,"event_name":"Purifier","floor":13,"gold_loss":0}],"is_beta":false,"boss_relics":[],"items_purged_floors":[4],"is_endless":false,"potions_floor_spawned":[1,7],"killed_by":"HollowMod:FalseKnight","ascension_level":0}}