{"host":"rolltorest","time":1612152890,"event":{"mods":["BaseMod","Minty Spire (QoL Compilation)","Relic Stats","Slay the Relics Exporter","StSLib"],"gold_per_floor":[109,124,199,116,116,116,142,142,142,174,174,199,214,4,4,82,82,94,94,9,9,25,58,58,58,58,58,72,72,72,98,98,98,98],"floor_reached":33,"language":"ENG","playtime":949,"items_purged":["Strike_G"],"score":644,"play_id":"4eb7a2b7-47ce-4a8e-910c-1b612f054dae","local_time":"20210131201450","is_ascension_mode":true,"campfire_choices":[{"data":"Noxious Fumes","floor":6,"key":"SMITH"},{"data":"Corpse Explosion","floor":8,"key":"SMITH"},{"data":"Well Laid Plans","floor":15,"key":"SMITH"},{"floor":24,"key":"REST"},{"data":"Night Terror","floor":27,"key":"SMITH"},{"data":"Ghostly","floor":29,"key":"SMITH"},{"data":"Ghostly","floor":32,"key":"SMITH"}],"circlet_count":0,"master_deck":["AscendersBane","Strike_G+1","Strike_G","Strike_G","Strike_G","Defend_G","Defend_G","Defend_G","Defend_G","Defend_G","Survivor","Neutralize+1","Corpse Explosion+1","PiercingWail","Noxious Fumes+1","Poisoned Stab","Dash+1","Footwork","Well Laid Plans+1","Deflect","Night Terror+1","PiercingWail","Ghostly+1","Ghostly","Ghostly+1","Noxious Fumes","Doubt"],"relics":["Ring of the Snake","Whetstone","Mummified Hand","Bronze Scales","Bottled Tornado","Cursed Key","Boot","Question Card","Ornamental Fan","Singing Bowl","Toxic Egg 2"],"acts_visited":["Exordium","TheCity"],"potions_floor_usage":[7,31],"damage_taken":[{"damage":0,"enemies":"2 Louse","floor":1,"turns":2},{"damage":0,"enemies":"Small Slimes","floor":2,"turns":4},{"damage":14,"enemies":"3 Sentries","floor":7,"turns":4},{"damage":10,"enemies":"Lagavulin","floor":10,"turns":6},{"damage":22,"enemies":"3 Sentries","floor":12,"turns":3},{"damage":0,"enemies":"Jaw Worm","floor":13,"turns":3},{"damage":3,"enemies":"Hexaghost","floor":16,"turns":9},{"damage":22,"enemies":"Spheric Guardian","floor":18,"turns":4},{"damage":4,"enemies":"Shell Parasite","floor":22,"turns":6},{"damage":22,"enemies":"Slavers","floor":23,"turns":3},{"damage":6,"enemies":"3 Cultists","floor":28,"turns":4},{"damage":0,"enemies":"Book of Stabbing","floor":31,"turns":5},{"damage":0,"enemies":"Automaton","floor":33,"turns":6}],"seed_played":"-5692483348805379584","potions_obtained":[{"floor":1,"key":"Poison Potion"},{"floor":7,"key":"Ancient Potion"},{"floor":10,"key":"SpeedPotion"},{"floor":18,"key":"DuplicationPotion"}],"is_trial":false,"path_per_floor":["M","M","?","$","?","R","E","R","T","E","?","E","M","$","R","B",null,"M","?","?","?","M","E","R","T","T","R","M","R","?","E","R","B"],"character_chosen":"THE_SILENT","items_purchased":["Noxious Fumes","Well Laid Plans","Deflect"],"campfire_rested":1,"item_purchase_floors":[4,14,14],"current_hp_per_floor":[59,59,48,48,53,53,39,39,39,29,29,7,7,7,7,4,54,32,46,46,35,31,9,19,19,19,19,15,15,15,17,17,17,17],"gold":98,"neow_bonus":"ONE_RANDOM_RARE_CARD","is_daily":false,"chose_seed":false,"campfire_upgraded":6,"win_rate":0.0,"timestamp":1612152890,"path_taken":["M","M","?","$","?","R","E","R","T","E","?","E","M","$","R","BOSS","M","?","?","?","M","E","R","?","T","R","M","R","?","E","R","BOSS"],"items_purchased_type":["Card","Card","Card"],"build_version":"2020-12-18","purchased_purges":1,"victory":false,"max_hp_per_floor":[66,66,66,66,71,71,71,71,71,71,71,71,71,71,71,71,71,71,71,71,35,35,35,35,35,35,35,37,37,37,39,39,39,39],"relic_stats":{"Singing Bowl":4,"counters":[13,59],"Mummified Hand":[28],"Ornamental Fan":[8],"Bronze Scales":[165],"Whetstone":["Strike_G","Neutralize"],"Cursed Key":2,"Boot":[6],"Question Card":2,"obtain_stats":[{"Singing Bowl":26,"Mummified Hand":9,"Ornamental Fan":25,"Bronze Scales":10,"Whetstone":7,"Bottled Tornado":12,"Toxic Egg 2":31,"Cursed Key":17,"Boot":20,"Question Card":23,"Ring of the Snake":0},{"Singing Bowl":10,"Mummified Hand":3,"Ornamental Fan":10,"Bronze Scales":4,"Whetstone":3,"Bottled Tornado":5,"Toxic Egg 2":12,"Cursed Key":7,"Boot":8,"Question Card":10,"Ring of the Snake":0},{"Singing Bowl":44,"Mummified Hand":10,"Ornamental Fan":44,"Bronze Scales":16,"Whetstone":10,"Bottled Tornado":19,"Toxic Egg 2":53,"Cursed Key":31,"Boot":35,"Question Card":44,"Ring of the Snake":0}],"Ring of the Snake":[26]},"card_choices":[{"not_picked":["Underhanded Strike","Dagger Throw","Dodge and Roll"],"picked":"SKIP","floor":1},{"not_picked":["Dagger Throw","Deflect"],"picked":"PiercingWail","floor":2},{"not_picked":["Masterful Stab","Deflect"],"picked":"Poisoned Stab","floor":7},{"not_picked":["Tactician","Endless Agony"],"picked":"Dash","floor":10},{"not_picked":["Deflect","Sucker Punch"],"picked":"Footwork","floor":12},{"not_picked":["Phantasmal Killer","Finisher","Poisoned Stab"],"picked":"SKIP","floor":13},{"not_picked":["Phantasmal Killer","A Thousand Cuts"],"picked":"Night Terror","floor":16},{"not_picked":["Sucker Punch","Infinite Blades"],"picked":"PiercingWail","floor":18},{"not_picked":["Well Laid Plans","Quick Slash"],"picked":"Noxious Fumes","floor":22},{"not_picked":["Caltrops","Distraction","Masterful Stab"],"picked":"SKIP","floor":23},{"not_picked":["Reflex","Flying Knee","Outmaneuver","Poisoned Stab"],"picked":"Singing Bowl","floor":28},{"not_picked":["Flechettes","Glass Knife","Quick Slash","Outmaneuver+1"],"picked":"Singing Bowl","floor":31}],"player_experience":1787543,"relics_obtained":[{"floor":7,"key":"Whetstone"},{"floor":9,"key":"Mummified Hand"},{"floor":10,"key":"Bronze Scales"},{"floor":12,"key":"Bottled Tornado"},{"floor":23,"key":"Question Card"},{"floor":25,"key":"Ornamental Fan"},{"floor":26,"key":"Singing Bowl"},{"floor":31,"key":"Toxic Egg 2"}],"event_choices":[{"damage_healed":0,"gold_gain":75,"player_choice":"Gather Gold","damage_taken":11,"max_hp_gain":0,"max_hp_loss":0,"event_name":"World of Goop","floor":3,"gold_loss":0},{"damage_healed":0,"gold_gain":0,"player_choice":"Donut","damage_taken":0,"max_hp_gain":5,"max_hp_loss":0,"event_name":"Big Fish","floor":5,"gold_loss":0},{"damage_healed":0,"gold_gain":0,"player_choice":"Grow","damage_taken":0,"max_hp_gain":0,"max_hp_loss":0,"event_name":"Living Wall","floor":11,"gold_loss":0,"cards_upgraded":["Dash"]},{"damage_healed":14,"gold_gain":0,"player_choice":"Heal","damage_taken":0,"max_hp_gain":0,"max_hp_loss":0,"event_name":"The Library","floor":19,"gold_loss":0},{"damage_healed":0,"gold_gain":0,"player_choice":"Obtained Relic","damage_taken":0,"relics_obtained":["Boot"],"max_hp_gain":0,"max_hp_loss":0,"event_name":"Addict","floor":20,"gold_loss":85},{"damage_healed":0,"gold_gain":0,"player_choice":"Became a Ghost","damage_taken":0,"max_hp_gain":0,"max_hp_loss":36,"event_name":"Ghosts","floor":21,"gold_loss":0,"cards_obtained":["Ghostly","Ghostly","Ghostly"]},{"cards_removed":["Doubt"],"damage_healed":0,"gold_gain":0,"player_choice":"Elegance","damage_taken":0,"max_hp_gain":0,"max_hp_loss":0,"event_name":"Back to Basics","floor":30,"gold_loss":0}],"is_beta":true,"boss_relics":[{"not_picked":["Tiny House","Black Star"],"picked":"Cursed Key"}],"items_purged_floors":[14],"is_endless":false,"potions_floor_spawned":[1,7,10,12,18,22,28],"killed_by":"Automaton","ascension_level":20}}