{"host":"c3lc60y5x60jlt1y","time":1612218662,"event":{"mods":["AchievementEnabler","BaseMod","Bestiary","Colored Map","Minty Spire (QoL Compilation)","Quick Restart","StSLib","ojb\u0027s Info Mod"],"gold_per_floor":[110,110,110,110,135,173,197,233,233,264,23,23,46,85,85,178,178,241,261,286,286,286,316,316,331,331,331,331],"floor_reached":27,"language":"ENG","playtime":2078,"items_purged":["Strike_P"],"score":556,"play_id":"83526f84-d687-4ff9-9330-7337f79293c7","local_time":"20210202003102","is_ascension_mode":true,"campfire_choices":[{"data":"1","floor":15,"key":"LIFT"},{"data":"Ghostly","floor":24,"key":"SMITH"}],"circlet_count":0,"master_deck":["AscendersBane","Eruption","Vigilance+1","CutThroughFate","LessonLearned+1","CrushJoints","FlurryOfBlows+1","Meditate","TalkToTheHand","HandOfGreed","Evaluate+1","DevaForm","Weave","WaveOfTheHand","Brilliance+1","SpiritShield+1","FlurryOfBlows","WreathOfFlame","Halt+1","Ghostly+1","Ghostly","Ghostly","LikeWater"],"relics":["Sozu","Bloody Idol","Meat on the Bone","Smiling Mask","Singing Bowl","Girya","Shuriken","Pandora\u0027s Box","CaptainsWheel","Pocketwatch"],"acts_visited":["Exordium","TheCity"],"potions_floor_usage":[],"damage_taken":[{"damage":9.0,"enemies":"2 Louse","floor":1.0,"turns":2.0},{"damage":5.0,"enemies":"Small Slimes","floor":5.0,"turns":3.0},{"damage":30.0,"enemies":"3 Sentries","floor":6.0,"turns":4.0},{"damage":12.0,"enemies":"Jaw Worm","floor":7.0,"turns":5.0},{"damage":16.0,"enemies":"Gremlin Nob","floor":8.0,"turns":3.0},{"damage":0,"enemies":"Lagavulin","floor":10,"turns":4},{"damage":0,"enemies":"Exordium Thugs","floor":13,"turns":3},{"damage":3,"enemies":"Blue Slaver","floor":14,"turns":2},{"damage":20,"enemies":"The Guardian","floor":16,"turns":12},{"damage":35,"enemies":"3 Byrds","floor":18,"turns":5},{"damage":22,"enemies":"Spheric Guardian","floor":19,"turns":4},{"damage":12,"enemies":"Snake Plant","floor":20,"turns":3},{"damage":18,"enemies":"Book of Stabbing","floor":23,"turns":5},{"damage":3,"enemies":"Centurion and Healer","floor":25,"turns":7},{"damage":40,"enemies":"Slavers","floor":27,"turns":2}],"seed_played":"7222374014210589379","potions_obtained":[],"is_trial":false,"path_per_floor":["M","?","?","T","M","E","M","E","T","E","$","?","M","M","R","B",null,"M","M","M","?","?","E","R","M","T","E"],"character_chosen":"WATCHER","items_purchased":["HandOfGreed"],"campfire_rested":0,"item_purchase_floors":[11],"current_hp_per_floor":[52,52,52,52,47,29,29,25,25,39,39,39,39,38,38,30,57,36,28,28,28,28,27,27,31,31,0,0],"gold":331,"neow_bonus":"BOSS_RELIC","is_daily":false,"chose_seed":false,"campfire_upgraded":1,"win_rate":0.0,"timestamp":1612218662,"path_taken":["M","?","?","?","?","E","M","E","T","E","$","?","M","M","R","BOSS","M","M","M","?","?","E","R","M","T","E"],"items_purchased_type":["Card"],"build_version":"2020-12-22","purchased_purges":1,"victory":false,"max_hp_per_floor":[68,62,62,62,62,62,62,62,62,64,64,64,64,66,66,66,66,68,70,70,35,35,35,35,37,37,37,37],"card_choices":[{"not_picked":["Prostrate","WheelKick"],"picked":"CutThroughFate","floor":1.0},{"not_picked":["Wireheading","SashWhip"],"picked":"CrushJoints","floor":5.0},{"not_picked":["PathToVictory","BowlingBash"],"picked":"FlurryOfBlows","floor":6.0},{"not_picked":["Evaluate","EmptyBody"],"picked":"Meditate","floor":7.0},{"not_picked":["Study","WaveOfTheHand"],"picked":"TalkToTheHand","floor":8.0},{"not_picked":["ConjureBlade","Consecrate","ClearTheMind"],"picked":"Singing Bowl","floor":10},{"not_picked":["Halt","Prostrate"],"picked":"Evaluate","floor":13},{"not_picked":["Fasting2","CrushJoints","Protect"],"picked":"Singing Bowl","floor":14},{"not_picked":["LessonLearned","Establishment"],"picked":"DevaForm","floor":16},{"not_picked":["Prostrate","Evaluate","ReachHeaven"],"picked":"Singing Bowl","floor":18},{"not_picked":["Prostrate","Evaluate","CrushJoints"],"picked":"Singing Bowl","floor":19},{"not_picked":["BowlingBash","Protect"],"picked":"Halt+1","floor":20},{"not_picked":["Meditate","ClearTheMind"],"picked":"LikeWater","floor":23},{"not_picked":["Evaluate","BowlingBash","Prostrate"],"picked":"Singing Bowl","floor":25}],"player_experience":8909488,"relics_obtained":[{"floor":4.0,"key":"Meat on the Bone"},{"floor":6.0,"key":"Smiling Mask"},{"floor":8.0,"key":"Singing Bowl"},{"floor":9.0,"key":"Girya"},{"floor":10,"key":"Shuriken"},{"floor":23,"key":"CaptainsWheel"},{"floor":26,"key":"Pocketwatch"}],"event_choices":[{"damage_healed":0.0,"max_hp_gain":0.0,"max_hp_loss":6.0,"gold_gain":0.0,"event_name":"Golden Idol","player_choice":"Lose Max HP","floor":2.0,"gold_loss":0.0,"damage_taken":0.0,"relics_obtained":["Golden Idol"]},{"damage_healed":0.0,"max_hp_gain":0.0,"max_hp_loss":0.0,"gold_gain":0.0,"cards_transformed":["Defend_P"],"event_name":"Living Wall","player_choice":"Change","floor":3.0,"gold_loss":0.0,"damage_taken":0.0,"cards_obtained":["LessonLearned"]},{"damage_healed":0,"gold_gain":0,"player_choice":"Ignored","damage_taken":0,"max_hp_gain":0,"max_hp_loss":0,"event_name":"Liars Game","floor":12,"gold_loss":0},{"damage_healed":0,"gold_gain":0,"player_choice":"Became a Ghost","damage_taken":0,"max_hp_gain":0,"max_hp_loss":35,"event_name":"Ghosts","floor":21,"gold_loss":0,"cards_obtained":["Ghostly","Ghostly","Ghostly"]},{"damage_healed":0,"gold_gain":0,"player_choice":"Gave Idol","damage_taken":0,"relics_obtained":["Bloody Idol"],"max_hp_gain":0,"max_hp_loss":0,"event_name":"Forgotten Altar","floor":22,"relics_lost":["Golden Idol"],"gold_loss":0}],"is_beta":false,"boss_relics":[{"not_picked":["Velvet Choker","Runic Dome"],"picked":"Pandora\u0027s Box"}],"items_purged_floors":[11],"is_endless":false,"potions_floor_spawned":[8,10,16,19,23],"killed_by":"Slavers","ascension_level":20}}