{"host":"u1ja96cwu1wu8jpx","time":1612207817,"event":{"mods":["BaseMod","Better Match","Colored Map","Minty Spire (QoL Compilation)","Permanent Neow","StSLib"],"gold_per_floor":[20,20,31,41,58,84,84,118,194,194,214,214,239,256,256,352,352,365,380,380,395,409,409,439,459,459,60,87,0,10,37,37,132,132,149,199,216,216,25,50,64,92,118,118,136,171,171,181,181,181,181,181,54,88,88,88],"floor_reached":55,"language":"ENG","playtime":7898,"items_purged":["Strike_G"],"score":1143,"play_id":"e7e5c01a-9249-467b-8572-1b12bc732daa","local_time":"20210201143017","is_ascension_mode":true,"campfire_choices":[{"floor":7.0,"key":"REST"},{"data":"Burst","floor":10.0,"key":"SMITH"},{"data":"Catalyst","floor":12.0,"key":"SMITH"},{"data":"Deadly Poison","floor":15.0,"key":"SMITH"},{"floor":23.0,"key":"REST"},{"floor":32,"key":"REST"},{"floor":44,"key":"REST"},{"floor":47,"key":"REST"},{"floor":49,"key":"RECALL"},{"data":"Apotheosis","floor":52,"key":"SMITH"}],"circlet_count":0,"master_deck":["Strike_G","Strike_G","Defend_G","Defend_G","Defend_G","Defend_G","Survivor","Neutralize","Blade Dance","Burst+1","Catalyst+1","Outmaneuver","Deadly Poison+1","Corpse Explosion","PiercingWail+1","Poisoned Stab","Cloak And Dagger","Noxious Fumes","Sadistic Nature","After Image","Malaise","Malaise","CurseOfTheBell","Apotheosis+1","Crippling Poison","Accuracy","PiercingWail+1","Malaise"],"relics":["Ring of the Snake","Unceasing Top","Bottled Lightning","Ancient Tea Set","SlaversCollar","Nloth\u0027s Gift","Strawberry","White Beast Statue","Snake Skull","Paper Crane","Eternal Feather","Calling Bell","Vajra","InkBottle","Tingsha","Peace Pipe","Sundial","Ninja Scroll","Omamori","Gremlin Horn"],"acts_visited":["TheCity","TheBeyond","TheEnding"],"potions_floor_usage":[33,37,37,41,41,46,48,50,55,55,55],"damage_taken":[{"damage":2.0,"enemies":"Small Slimes","floor":1.0,"turns":4.0},{"damage":0.0,"enemies":"Cultist","floor":3.0,"turns":3.0},{"damage":0.0,"enemies":"Jaw Worm","floor":4.0,"turns":3.0},{"damage":7.0,"enemies":"Gremlin Gang","floor":5.0,"turns":8.0},{"damage":24.0,"enemies":"3 Sentries","floor":6.0,"turns":12.0},{"damage":0.0,"enemies":"Gremlin Nob","floor":8.0,"turns":3.0},{"damage":0.0,"enemies":"Blue Slaver","floor":11.0,"turns":4.0},{"damage":0.0,"enemies":"Lagavulin","floor":13.0,"turns":5.0},{"damage":0.0,"enemies":"Looter","floor":14.0,"turns":3.0},{"damage":28.0,"enemies":"The Guardian","floor":16.0,"turns":8.0},{"damage":0.0,"enemies":"Chosen","floor":18.0,"turns":4.0},{"damage":3.0,"enemies":"3 Byrds","floor":19.0,"turns":3.0},{"damage":40.0,"enemies":"Cultist and Chosen","floor":21.0,"turns":7.0},{"damage":0.0,"enemies":"Snake Plant","floor":22.0,"turns":3.0},{"damage":0.0,"enemies":"Slavers","floor":24.0,"turns":3.0},{"damage":17.0,"enemies":"Snecko","floor":25.0,"turns":5.0},{"damage":8.0,"enemies":"Book of Stabbing","floor":28.0,"turns":4.0},{"damage":15.0,"enemies":"Centurion and Healer","floor":30.0,"turns":5.0},{"damage":3,"enemies":"Gremlin Leader","floor":31,"turns":4},{"damage":30,"enemies":"Collector","floor":33,"turns":6},{"damage":18,"enemies":"3 Shapes","floor":35,"turns":5},{"damage":0,"enemies":"Mind Bloom Boss Battle","floor":36,"turns":4},{"damage":0,"enemies":"3 Darklings","floor":37,"turns":2},{"damage":20,"enemies":"Nemesis","floor":40,"turns":9},{"damage":15,"enemies":"Jaw Worm Horde","floor":41,"turns":3},{"damage":22,"enemies":"Reptomancer","floor":42,"turns":7},{"damage":19,"enemies":"Spire Growth","floor":45,"turns":3},{"damage":27,"enemies":"Nemesis","floor":46,"turns":9},{"damage":19,"enemies":"Writhing Mass","floor":48,"turns":6},{"damage":24,"enemies":"Time Eater","floor":50,"turns":12},{"damage":65,"enemies":"Shield and Spear","floor":54,"turns":7},{"damage":60,"enemies":"The Heart","floor":55,"turns":2}],"seed_played":"-5511016217938484682","potions_obtained":[{"floor":1.0,"key":"Poison Potion"},{"floor":3.0,"key":"SneckoOil"},{"floor":11.0,"key":"PowerPotion"},{"floor":14.0,"key":"Poison Potion"},{"floor":16.0,"key":"Regen Potion"},{"floor":18.0,"key":"Poison Potion"},{"floor":21.0,"key":"Regen Potion"},{"floor":24.0,"key":"SkillPotion"},{"floor":28.0,"key":"BlessingOfTheForge"},{"floor":31,"key":"Dexterity Potion"},{"floor":33,"key":"DistilledChaos"},{"floor":37,"key":"DistilledChaos"},{"floor":40,"key":"Explosive Potion"},{"floor":41,"key":"FairyPotion"},{"floor":42,"key":"SpeedPotion"},{"floor":46,"key":"Weak Potion"},{"floor":48,"key":"LiquidBronze"},{"floor":54,"key":"Explosive Potion"}],"is_trial":false,"path_per_floor":["M","?","M","M","M","E","R","E","T","R","M","R","E","M","R","B",null,"M","M","?","M","M","R","E","M","T","$","E","?","M","E","R","B",null,"M","?","M","?","$","E","M","E","T","R","M","E","R","M","R","B",null,"R","$","E","B"],"character_chosen":"THE_SILENT","items_purchased":["Noxious Fumes","Sadistic Nature","Snake Skull","Apotheosis","Dexterity Potion"],"campfire_rested":5,"item_purchase_floors":[27,27,27,39,53],"current_hp_per_floor":[68,68,68,68,61,37,58,58,58,58,58,58,58,58,58,30,70,70,67,67,27,39,60,72,55,55,55,47,47,32,29,64,34,77,59,59,59,59,59,39,24,2,2,40,21,23,61,42,57,33,77,77,77,12,0,0],"gold":88,"neow_bonus":"REMOVE_TWO","is_daily":false,"chose_seed":false,"campfire_upgraded":4,"win_rate":0.0,"timestamp":1612207817,"path_taken":["M","?","M","M","M","E","R","E","T","R","M","R","E","M","R","BOSS","M","M","?","M","M","R","E","M","T","?","E","?","M","E","R","BOSS","M","?","M","?","$","E","M","E","T","R","?","E","R","M","R","BOSS","R","$","E","BOSS"],"items_purchased_type":["Card","Card","Relic","Card","Potion"],"build_version":"2020-12-22","purchased_purges":1,"victory":false,"max_hp_per_floor":[70,70,70,70,70,70,70,70,70,70,70,70,70,70,70,70,70,70,70,70,70,70,70,77,77,77,77,77,77,77,77,77,77,77,77,77,77,77,77,77,77,77,77,77,77,77,77,77,77,77,77,77,77,77,77,77],"card_choices":[{"not_picked":["Masterful Stab","Dagger Throw"],"picked":"Blade Dance","floor":1.0},{"not_picked":["Quick Slash","Poisoned Stab","Dash"],"picked":"SKIP","floor":3.0},{"not_picked":["Well Laid Plans","Poisoned Stab"],"picked":"Burst","floor":4.0},{"not_picked":["Riddle With Holes","Distraction"],"picked":"Catalyst","floor":5.0},{"not_picked":["Masterful Stab","PiercingWail","Sucker Punch"],"picked":"SKIP","floor":6.0},{"not_picked":["Poisoned Stab","Reflex","Well Laid Plans"],"picked":"SKIP","floor":8.0},{"not_picked":["Backflip","Riddle With Holes"],"picked":"Outmaneuver","floor":11.0},{"not_picked":["Predator","Quick Slash"],"picked":"Deadly Poison","floor":13.0},{"not_picked":["Storm of Steel","Underhanded Strike","Deflect"],"picked":"SKIP","floor":14.0},{"not_picked":["Envenom","Adrenaline"],"picked":"Corpse Explosion","floor":16.0},{"not_picked":["Blur","Deflect+1","Dagger Throw"],"picked":"SKIP","floor":18.0},{"not_picked":["Calculated Gamble","Flying Knee"],"picked":"PiercingWail+1","floor":19.0},{"not_picked":["Dodge and Roll","Flying Knee+1"],"picked":"Poisoned Stab","floor":21.0},{"not_picked":["Skewer","Reflex","Bane"],"picked":"SKIP","floor":22.0},{"not_picked":["Flying Knee","Escape Plan","Masterful Stab+1"],"picked":"SKIP","floor":24.0},{"not_picked":["Masterful Stab+1","Outmaneuver"],"picked":"Cloak And Dagger","floor":25.0},{"not_picked":["Expertise","Dagger Spray"],"picked":"After Image","floor":28.0},{"not_picked":["Infinite Blades","Expertise","Prepared"],"picked":"SKIP","floor":30.0},{"not_picked":["Envenom","Doppelganger"],"picked":"Malaise","floor":31},{"not_picked":["Tools of the Trade","A Thousand Cuts"],"picked":"Malaise","floor":33},{"not_picked":["Predator","Riddle With Holes+1","Prepared+1"],"picked":"SKIP","floor":35},{"not_picked":["Sucker Punch","Acrobatics","Dagger Throw+1"],"picked":"SKIP","floor":37},{"not_picked":["Underhanded Strike","Venomology","Phantasmal Killer"],"picked":"SKIP","floor":40},{"not_picked":["All Out Attack+1","Prepared+1","Deflect+1"],"picked":"SKIP","floor":41},{"not_picked":["Slice+1","Quick Slash","Sucker Punch"],"picked":"SKIP","floor":42},{"not_picked":["Poisoned Stab+1","PiercingWail"],"picked":"Crippling Poison","floor":45},{"not_picked":["Infinite Blades","Quick Slash"],"picked":"Accuracy","floor":46},{"not_picked":["Tools of the Trade","Underhanded Strike"],"picked":"PiercingWail+1","floor":48},{"not_picked":["Tactician","Unload"],"picked":"Malaise","floor":54}],"player_experience":430994,"relics_obtained":[{"floor":6.0,"key":"Unceasing Top"},{"floor":8.0,"key":"FossilizedHelix"},{"floor":9.0,"key":"Bottled Lightning"},{"floor":13.0,"key":"Ancient Tea Set"},{"floor":24.0,"key":"Strawberry"},{"floor":26.0,"key":"White Beast Statue"},{"floor":28.0,"key":"Paper Crane"},{"floor":31,"key":"Eternal Feather"},{"floor":34,"key":"Vajra"},{"floor":34,"key":"InkBottle"},{"floor":34,"key":"Tingsha"},{"floor":36,"key":"Peace Pipe"},{"floor":40,"key":"Sundial"},{"floor":42,"key":"Ninja Scroll"},{"floor":46,"key":"Omamori"},{"floor":54,"key":"Gremlin Horn"}],"event_choices":[{"cards_removed":["Strike_G"],"damage_healed":0.0,"max_hp_gain":0.0,"max_hp_loss":0.0,"gold_gain":0.0,"event_name":"Living Wall","player_choice":"Forget","floor":2.0,"gold_loss":0.0,"damage_taken":0.0},{"damage_healed":0.0,"max_hp_gain":0.0,"max_hp_loss":0.0,"gold_gain":0.0,"event_name":"N\u0027loth","player_choice":"Traded Relic","floor":20.0,"relics_lost":["FossilizedHelix"],"gold_loss":0.0,"damage_taken":0.0,"relics_obtained":["Nloth\u0027s Gift"]},{"damage_healed":0.0,"max_hp_gain":0.0,"max_hp_loss":0.0,"gold_gain":0.0,"event_name":"Masked Bandits","player_choice":"Paid Fearfully","floor":29.0,"gold_loss":87.0,"damage_taken":0.0},{"damage_healed":0,"gold_gain":0,"player_choice":"Fight","damage_taken":0,"max_hp_gain":0,"max_hp_loss":0,"event_name":"MindBloom","floor":36,"gold_loss":0},{"damage_healed":0,"gold_gain":0,"player_choice":"Ignored","damage_taken":0,"max_hp_gain":0,"max_hp_loss":0,"event_name":"NoteForYourself","floor":38,"gold_loss":0}],"is_beta":false,"boss_relics":[{"not_picked":["Velvet Choker","Cursed Key"],"picked":"SlaversCollar"},{"not_picked":["SacredBark","Empty Cage"],"picked":"Calling Bell"}],"items_purged_floors":[53],"is_endless":false,"potions_floor_spawned":[1,3,11,14,16,18,21,24,28,30,31,33,35,36,37,40,41,42,45,46,48,54],"killed_by":"The Heart","ascension_level":1}}