{"host":"krw8blyxua7at9ak","time":1612148250,"event":{"mods":["BaseMod","Highlight Path","Minty Spire (QoL Compilation)","ojb\u0027s Info Mod"],"gold_per_floor":[216,216,216,274,41,85,85,128,128,161,174,194,209,234,234,234,234],"floor_reached":16,"language":"ENG","playtime":512,"items_purged":[],"score":306,"play_id":"3f285e34-8693-4add-b063-7df3a3f2201d","local_time":"20210201035730","is_ascension_mode":true,"campfire_choices":[{"data":"Sucker Punch","floor":7,"key":"SMITH"},{"data":"Wraith Form v2","floor":15,"key":"SMITH"}],"circlet_count":0,"master_deck":["AscendersBane","Strike_G","Strike_G","Strike_G","Strike_G","Strike_G","Defend_G","Defend_G","Defend_G","Defend_G","Defend_G","Survivor","Neutralize","Predator","Backstab","Sucker Punch+1","Wraith Form v2+1"],"relics":["Ring of the Snake","CeramicFish","Sling","Centennial Puzzle","Smiling Mask","Gremlin Horn","Art of War"],"acts_visited":["Exordium"],"potions_floor_usage":[6,12,14,16],"damage_taken":[{"damage":6,"enemies":"Small Slimes","floor":1,"turns":5},{"damage":0,"enemies":"Gremlin Nob","floor":6,"turns":3},{"damage":24,"enemies":"Lagavulin","floor":8,"turns":6},{"damage":10,"enemies":"Gremlin Nob","floor":10,"turns":5},{"damage":0,"enemies":"2 Louse","floor":11,"turns":2},{"damage":1,"enemies":"Cultist","floor":12,"turns":5},{"damage":0,"enemies":"2 Fungi Beasts","floor":13,"turns":3},{"damage":9,"enemies":"3 Sentries","floor":14,"turns":8},{"damage":23,"enemies":"Slime Boss","floor":16,"turns":11}],"seed_played":"-2220892599332898244","potions_obtained":[{"floor":1,"key":"SteroidPotion"},{"floor":10,"key":"DistilledChaos"},{"floor":11,"key":"Regen Potion"},{"floor":12,"key":"LiquidMemories"},{"floor":14,"key":"Regen Potion"}],"is_trial":false,"path_per_floor":["M","?","$","?","$","E","R","E","T","E","M","M","M","E","R","B"],"character_chosen":"THE_SILENT","items_purchased":["Sling","Backstab"],"campfire_rested":0,"item_purchase_floors":[5,5],"current_hp_per_floor":[53,48,48,48,48,48,48,24,24,14,14,25,25,16,16,0,0],"gold":234,"neow_bonus":"HUNDRED_GOLD","is_daily":false,"chose_seed":false,"campfire_upgraded":2,"win_rate":0.0,"timestamp":1612148250,"path_taken":["M","?","$","?","$","E","R","E","T","E","M","M","M","E","R","BOSS"],"items_purchased_type":["Relic","Card"],"build_version":"2020-12-22","purchased_purges":0,"victory":false,"max_hp_per_floor":[66,66,66,66,66,66,66,66,66,66,66,66,66,66,66,66,66],"card_choices":[{"not_picked":["Eviscerate","PiercingWail"],"picked":"Predator","floor":1},{"not_picked":["Reflex","Bane"],"picked":"Sucker Punch","floor":6},{"not_picked":["Heel Hook","Backflip"],"picked":"Wraith Form v2","floor":8},{"not_picked":["Accuracy","Underhanded Strike","Doppelganger"],"picked":"SKIP","floor":10},{"not_picked":["Backflip","Predator","Tactician"],"picked":"SKIP","floor":11},{"not_picked":["Backflip","Bane","Underhanded Strike"],"picked":"SKIP","floor":12},{"not_picked":["PiercingWail","Underhanded Strike","Flying Knee"],"picked":"SKIP","floor":13},{"not_picked":["Grand Finale","Poisoned Stab","Heel Hook"],"picked":"SKIP","floor":14}],"player_experience":377329,"relics_obtained":[{"floor":6,"key":"Centennial Puzzle"},{"floor":8,"key":"Smiling Mask"},{"floor":10,"key":"Gremlin Horn"},{"floor":14,"key":"Art of War"}],"event_choices":[{"damage_healed":0,"gold_gain":0,"player_choice":"Success","damage_taken":5,"relics_obtained":["CeramicFish"],"max_hp_gain":0,"max_hp_loss":0,"event_name":"Scrap Ooze","floor":2,"gold_loss":0},{"damage_healed":0,"gold_gain":58,"player_choice":"Gained Gold","damage_taken":0,"max_hp_gain":0,"max_hp_loss":0,"event_name":"Golden Wing","floor":4,"gold_loss":0}],"is_beta":false,"boss_relics":[],"items_purged_floors":[],"is_endless":false,"potions_floor_spawned":[1,10,11,12,14],"killed_by":"Slime Boss","ascension_level":20}}