{"host":"t8hqdz2qn09y00vh","time":1612140065,"event":{"mods":["AchievementEnabler","BaseMod","Colored Map","Colored Powertips","Highlight Path","Minty Spire (QoL Compilation)","Quick Restart"],"gold_per_floor":[113,63,63,73,73,104,104,121,121,138,152,178,27,27,27,129,179,190,90,110,125,125,150,150,175,175,195,208,208,208,208,208,304,304,315,315,315,315,315,315,344,361,443,453,469,496,515,542,542,542],"floor_reached":51,"language":"ENG","playtime":3153,"items_purged":["Strike_B","Strike_B"],"score":916,"play_id":"e7678e34-4c04-42f2-a798-7578fb466952","local_time":"20210131194105","is_ascension_mode":true,"campfire_choices":[{"data":"Undo","floor":7.0,"key":"SMITH"},{"data":"Self Repair","floor":15.0,"key":"SMITH"},{"floor":24.0,"key":"REST"},{"floor":29.0,"key":"REST"},{"floor":32.0,"key":"REST"},{"data":"Buffer","floor":40.0,"key":"SMITH"},{"data":"Echo Form","floor":49,"key":"SMITH"}],"circlet_count":0,"master_deck":["Strike_B","Defend_B","Defend_B","Defend_B","Defend_B","Zap","Dualcast","Ball Lightning","Undo+1","White Noise","Genetic Algorithm","Self Repair+1","Double Energy","Storm+1","Echo Form","Aggregate","Lockon+1","White Noise","Echo Form+1","Coolheaded+1","Conserve Battery","Heatsinks","Buffer+1","Lockon+1","Jack Of All Trades","Machine Learning","Skim","White Noise+1","Self Repair+1","Capacitor+1","Storm+1"],"relics":["Cracked Core","NeowsBlessing","Mummified Hand","Ornamental Fan","Bottled Flame","Orichalcum","Oddly Smooth Stone","Tiny House","Symbiotic Virus","MealTicket","Blue Candle","Nuclear Battery","Frozen Egg 2","Bottled Tornado","Bag of Preparation","Potion Belt"],"acts_visited":["Exordium","TheCity","TheBeyond"],"potions_floor_usage":[],"damage_taken":[{"damage":0.0,"enemies":"Cultist","floor":1.0,"turns":1.0},{"damage":0.0,"enemies":"2 Louse","floor":4.0,"turns":1.0},{"damage":0.0,"enemies":"3 Sentries","floor":6.0,"turns":1.0},{"damage":11.0,"enemies":"Jaw Worm","floor":8.0,"turns":4.0},{"damage":5.0,"enemies":"Looter","floor":10.0,"turns":3.0},{"damage":2.0,"enemies":"Large Slime","floor":11.0,"turns":4.0},{"damage":6.0,"enemies":"Gremlin Nob","floor":12.0,"turns":3.0},{"damage":16.0,"enemies":"Slime Boss","floor":16.0,"turns":8.0},{"damage":0.0,"enemies":"Shell Parasite","floor":18.0,"turns":4.0},{"damage":29.0,"enemies":"2 Thieves","floor":20.0,"turns":4.0},{"damage":18.0,"enemies":"Snake Plant","floor":21.0,"turns":2.0},{"damage":41.0,"enemies":"Book of Stabbing","floor":23.0,"turns":7.0},{"damage":12.0,"enemies":"Slavers","floor":25.0,"turns":3.0},{"damage":14.0,"enemies":"3 Cultists","floor":27.0,"turns":5.0},{"damage":1.0,"enemies":"Centurion and Healer","floor":28.0,"turns":5.0},{"damage":30.0,"enemies":"Collector","floor":33.0,"turns":6.0},{"damage":70.0,"enemies":"3 Darklings","floor":35.0,"turns":6.0},{"damage":0.0,"enemies":"Reptomancer","floor":41.0,"turns":4.0},{"damage":14.0,"enemies":"3 Shapes","floor":42.0,"turns":3.0},{"damage":0.0,"enemies":"3 Darklings","floor":44.0,"turns":2.0},{"damage":9.0,"enemies":"Spire Growth","floor":45.0,"turns":3.0},{"damage":5.0,"enemies":"Nemesis","floor":46.0,"turns":5.0},{"damage":0,"enemies":"Maw","floor":47,"turns":5},{"damage":0,"enemies":"Giant Head","floor":48,"turns":6},{"damage":14,"enemies":"Donu and Deca","floor":50,"turns":6}],"seed_played":"-1108997691676661203","potions_obtained":[{"floor":6.0,"key":"Swift Potion"},{"floor":11.0,"key":"ColorlessPotion"},{"floor":12.0,"key":"GamblersBrew"},{"floor":17.0,"key":"Energy Potion"},{"floor":23.0,"key":"FearPotion"},{"floor":25.0,"key":"PowerPotion"},{"floor":27.0,"key":"ColorlessPotion"},{"floor":42.0,"key":"SkillPotion"},{"floor":45.0,"key":"Fruit Juice"},{"floor":48,"key":"EssenceOfSteel"}],"is_trial":false,"path_per_floor":["M","?","?","M","$","E","R","M","T","M","M","E","$","T","R","B",null,"M","$","M","M","?","E","R","E","T","M","M","R","?","?","R","B",null,"M","?","?","?","?","R","E","M","T","M","M","E","M","E","R","B",null],"character_chosen":"DEFECT","items_purchased":["Storm"],"campfire_rested":3,"item_purchase_floors":[13],"current_hp_per_floor":[75,75,63,63,63,63,63,52,52,47,52,53,53,53,53,47,80,80,80,61,43,43,12,36,24,24,20,29,53,53,53,77,57,80,20,20,70,70,70,70,70,70,70,70,61,70,70,70,70,70],"gold":542,"neow_bonus":"THREE_ENEMY_KILL","is_daily":false,"chose_seed":false,"campfire_upgraded":4,"win_rate":0.0,"timestamp":1612140065,"path_taken":["M","?","?","M","?","E","R","M","T","M","M","E","$","?","R","BOSS","M","$","M","M","?","E","R","E","T","M","M","R","?","?","R","BOSS","M","?","?","?","?","R","E","M","T","M","M","E","M","E","R","BOSS"],"items_purchased_type":["Card"],"build_version":"2020-12-22","purchased_purges":2,"victory":true,"max_hp_per_floor":[75,75,75,75,75,75,75,75,75,75,75,75,75,75,75,75,80,80,80,80,80,80,80,80,80,80,80,80,80,80,80,80,80,80,80,80,70,70,70,70,70,70,70,70,70,70,70,70,70,70],"card_choices":[{"not_picked":["Barrage","Cold Snap"],"picked":"Ball Lightning","floor":1.0},{"not_picked":["Chill","Darkness"],"picked":"Undo","floor":4.0},{"not_picked":["Rebound","Steam"],"picked":"White Noise","floor":6.0},{"not_picked":["Reinforced Body","Redo"],"picked":"Genetic Algorithm","floor":8.0},{"not_picked":["Streamline","Scrape"],"picked":"Self Repair","floor":10.0},{"not_picked":["Streamline","Gash"],"picked":"Double Energy","floor":11.0},{"not_picked":["Hyperbeam","Compile Driver"],"picked":"Cold Snap","floor":12.0},{"not_picked":["Meteor Strike","All For One"],"picked":"Echo Form","floor":16.0},{"not_picked":["Turbo","Streamline"],"picked":"Aggregate","floor":17.0},{"not_picked":["Steam","Streamline+1"],"picked":"Lockon+1","floor":18.0},{"not_picked":["Consume+1","Conserve Battery+1"],"picked":"White Noise","floor":20.0},{"not_picked":["Auto Shields","Beam Cell","Compile Driver"],"picked":"SKIP","floor":21.0},{"not_picked":["Beam Cell","Meteor Strike"],"picked":"Echo Form","floor":23.0},{"not_picked":["Aggregate","Chaos"],"picked":"Coolheaded+1","floor":25.0},{"not_picked":["Cold Snap+1","Gash"],"picked":"Conserve Battery","floor":27.0},{"not_picked":["Double Energy","Hello World+1"],"picked":"Heatsinks","floor":28.0},{"not_picked":["Rainbow","Echo Form"],"picked":"Buffer","floor":33.0},{"not_picked":["Streamline+1","Blizzard"],"picked":"Lockon+1","floor":35.0},{"not_picked":["Swift Strike","Panacea"],"picked":"Jack Of All Trades","floor":36.0},{"not_picked":["Compile Driver+1","Beam Cell"],"picked":"White Noise+1","floor":41.0},{"not_picked":["Doom and Gloom+1","Go for the Eyes","Beam Cell+1"],"picked":"SKIP","floor":42.0},{"not_picked":["Steam","Redo+1"],"picked":"Self Repair+1","floor":44.0},{"not_picked":["Auto Shields","Blizzard+1","Redo"],"picked":"SKIP","floor":45.0},{"not_picked":["Machine Learning+1","Blizzard+1"],"picked":"Capacitor+1","floor":46.0},{"not_picked":["Go for the Eyes+1","Steam+1","Gash"],"picked":"SKIP","floor":47},{"not_picked":["Fission","Leap"],"picked":"Storm+1","floor":48}],"player_experience":252849,"relics_obtained":[{"floor":6.0,"key":"Ornamental Fan"},{"floor":9.0,"key":"Bottled Flame"},{"floor":12.0,"key":"Orichalcum"},{"floor":14.0,"key":"Oddly Smooth Stone"},{"floor":23.0,"key":"Symbiotic Virus"},{"floor":25.0,"key":"MealTicket"},{"floor":26.0,"key":"Blue Candle"},{"floor":41.0,"key":"Frozen Egg 2"},{"floor":43.0,"key":"Bottled Tornado"},{"floor":46.0,"key":"Bag of Preparation"},{"floor":48,"key":"Potion Belt"}],"event_choices":[{"cards_removed":["Strike_B"],"damage_healed":0.0,"max_hp_gain":0.0,"max_hp_loss":0.0,"gold_gain":0.0,"event_name":"The Cleric","player_choice":"Card Removal","floor":2.0,"gold_loss":50.0,"damage_taken":0.0},{"damage_healed":0.0,"max_hp_gain":0.0,"max_hp_loss":0.0,"gold_gain":0.0,"event_name":"Scrap Ooze","player_choice":"Success","floor":3.0,"gold_loss":0.0,"damage_taken":12.0,"relics_obtained":["Mummified Hand"]},{"damage_healed":0.0,"max_hp_gain":0.0,"max_hp_loss":0.0,"gold_gain":0.0,"event_name":"Forgotten Altar","player_choice":"Smashed Altar","floor":22.0,"gold_loss":0.0,"damage_taken":0.0,"cards_obtained":["Decay"]},{"damage_healed":0.0,"max_hp_gain":0.0,"max_hp_loss":0.0,"gold_gain":0.0,"event_name":"Ghosts","player_choice":"Ignored","floor":30.0,"gold_loss":0.0,"damage_taken":0.0},{"cards_removed":["Decay"],"damage_healed":0.0,"max_hp_gain":0.0,"max_hp_loss":0.0,"gold_gain":0.0,"event_name":"Back to Basics","player_choice":"Elegance","floor":31.0,"gold_loss":0.0,"damage_taken":0.0},{"damage_healed":0.0,"max_hp_gain":0.0,"max_hp_loss":0.0,"gold_gain":0.0,"event_name":"SensoryStone","player_choice":"Memory 1","floor":36.0,"gold_loss":0.0,"damage_taken":0.0},{"damage_healed":70.0,"max_hp_gain":0.0,"max_hp_loss":10.0,"gold_gain":0.0,"event_name":"The Moai Head","player_choice":"Heal","floor":37.0,"gold_loss":0.0,"damage_taken":0.0},{"cards_removed":["Cold Snap"],"damage_healed":0.0,"max_hp_gain":0.0,"max_hp_loss":0.0,"gold_gain":0.0,"event_name":"Falling","player_choice":"Removed Attack","floor":38.0,"gold_loss":0.0,"damage_taken":0.0},{"damage_healed":0.0,"max_hp_gain":0.0,"max_hp_loss":0.0,"gold_gain":0.0,"event_name":"Match and Keep!","player_choice":"2 cards matched","floor":39.0,"gold_loss":0.0,"damage_taken":0.0,"cards_obtained":["Machine Learning","Skim"]}],"is_beta":false,"boss_relics":[{"not_picked":["SlaversCollar","Sozu"],"picked":"Tiny House"},{"not_picked":["Busted Crown","SacredBark"],"picked":"Nuclear Battery"}],"items_purged_floors":[13,19],"is_endless":false,"potions_floor_spawned":[6,11,12,23,25,27,42,45,48],"ascension_level":2}}