{"host":"vt6dr1xq3iy14a3e","time":1612213440,"event":{"mods":["AchievementEnabler","BaseMod","Colored Map","DeckTracker","Minty Spire (QoL Compilation)","StSLib","SuperFastMode"],"gold_per_floor":[115,134,152,152,13,45,45,80,80,100,100,200,210,56,56,153,203,217,244,244,169,84,84,98,24,24,37,37,37,54,70,70,166,166,180,180,192,192,192,192,221,221,221,239,239,239,271,290,290,290,290,290,23,53,53],"floor_reached":56,"language":"KOR","playtime":4784,"items_purged":["Strike_G"],"score":1699,"play_id":"89ad6893-4fb6-4c22-bb67-8173eb7cda42","local_time":"20210202060400","is_ascension_mode":true,"campfire_choices":[{"data":"Envenom","floor":7.0,"key":"SMITH"},{"floor":15.0,"key":"REST"},{"data":"Calculated Gamble","floor":23.0,"key":"SMITH"},{"floor":29.0,"key":"REST"},{"data":"Well Laid Plans","floor":32.0,"key":"SMITH"},{"floor":40.0,"key":"REST"},{"floor":42.0,"key":"RECALL"},{"data":"Calculated Gamble","floor":46,"key":"SMITH"},{"data":"Adrenaline","floor":49,"key":"SMITH"},{"data":"Burst","floor":52,"key":"SMITH"}],"circlet_count":0,"master_deck":["Strike_G","Strike_G","Strike_G","Defend_G","Defend_G","Defend_G","Defend_G","Survivor","Neutralize","Poisoned Stab","Skewer","Underhanded Strike","Predator","Envenom+1","Dash","Calculated Gamble+1","Tactician+1","Escape Plan","Adrenaline+1","Dagger Spray","Backflip+1","Tactician+1","Well Laid Plans+1","Burst+1","Prepared+1","Acrobatics+1","Panacea","PiercingWail+1","Calculated Gamble+1","Expertise+1","Caltrops","Riddle With Holes+1"],"relics":["SacredBark","Bottled Flame","InkBottle","HornCleat","TheAbacus","Tiny House","Vajra","Tough Bandages","Mummified Hand","SlaversCollar","Oddly Smooth Stone","Centennial Puzzle","HandDrill","Blood Vial"],"acts_visited":["Exordium","TheCity","TheBeyond","TheEnding"],"potions_floor_usage":[48,50,55,55],"damage_taken":[{"damage":1.0,"enemies":"2 Louse","floor":1.0,"turns":3.0},{"damage":1.0,"enemies":"Cultist","floor":2.0,"turns":4.0},{"damage":6.0,"enemies":"Jaw Worm","floor":3.0,"turns":4.0},{"damage":14.0,"enemies":"Gremlin Nob","floor":6.0,"turns":4.0},{"damage":31.0,"enemies":"3 Sentries","floor":8.0,"turns":9.0},{"damage":0.0,"enemies":"2 Fungi Beasts","floor":10.0,"turns":4.0},{"damage":0.0,"enemies":"Red Slaver","floor":13.0,"turns":3.0},{"damage":21.0,"enemies":"Hexaghost","floor":16.0,"turns":11.0},{"damage":2.0,"enemies":"Chosen","floor":18.0,"turns":4.0},{"damage":0.0,"enemies":"Spheric Guardian","floor":20.0,"turns":3.0},{"damage":0.0,"enemies":"Cultist and Chosen","floor":24.0,"turns":5.0},{"damage":2.0,"enemies":"Shelled Parasite and Fungi","floor":27.0,"turns":4.0},{"damage":14.0,"enemies":"Centurion and Healer","floor":30.0,"turns":6.0},{"damage":21.0,"enemies":"Sentry and Sphere","floor":31.0,"turns":10.0},{"damage":17.0,"enemies":"Collector","floor":33.0,"turns":10.0},{"damage":27.0,"enemies":"Orb Walker","floor":35.0,"turns":6.0},{"damage":9.0,"enemies":"3 Shapes","floor":37.0,"turns":5.0},{"damage":12.0,"enemies":"Nemesis","floor":41.0,"turns":9.0},{"damage":20,"enemies":"Sphere and 2 Shapes","floor":44,"turns":7},{"damage":2,"enemies":"Giant Head","floor":47,"turns":8},{"damage":0,"enemies":"Jaw Worm Horde","floor":48,"turns":4},{"damage":0,"enemies":"Time Eater","floor":50,"turns":9},{"damage":75,"enemies":"Shield and Spear","floor":54,"turns":8},{"damage":19,"enemies":"The Heart","floor":55,"turns":8}],"seed_played":"7105662372164770500","potions_obtained":[{"floor":1.0,"key":"LiquidMemories"},{"floor":8.0,"key":"LiquidMemories"},{"floor":17.0,"key":"CultistPotion"},{"floor":18.0,"key":"SmokeBomb"},{"floor":30.0,"key":"BlessingOfTheForge"},{"floor":31.0,"key":"Fruit Juice"},{"floor":35.0,"key":"SkillPotion"},{"floor":44,"key":"LiquidMemories"},{"floor":47,"key":"GamblersBrew"},{"floor":48,"key":"LiquidMemories"},{"floor":54,"key":"SteroidPotion"}],"is_trial":false,"path_per_floor":["M","M","M","?","$","E","R","E","T","M","?","?","M","$","R","B",null,"M","T","M","?","?","R","M","$","T","M","?","R","M","M","R","B",null,"M","?","M","?","?","R","E","R","T","M","?","R","E","M","R","B",null,"R","$","E","B",null],"character_chosen":"THE_SILENT","items_purchased":["Envenom","TheAbacus","Well Laid Plans","Caltrops","HandDrill"],"campfire_rested":3,"item_purchase_floors":[5,14,25,53,53],"current_hp_per_floor":[62,61,55,55,55,41,41,10,10,10,10,10,10,10,31,10,60,58,58,58,58,58,58,58,58,58,56,42,66,52,41,41,24,74,47,47,38,38,38,65,53,53,53,33,100,100,98,98,98,98,100,100,100,25,8],"gold":53,"neow_bonus":"BOSS_RELIC","is_daily":false,"chose_seed":false,"campfire_upgraded":6,"win_rate":0.0,"timestamp":1612213440,"path_taken":["M","M","M","?","$","E","R","E","T","?","?","?","M","$","R","BOSS","M","?","M","?","?","R","M","$","T","M","?","R","M","M","R","BOSS","M","?","M","?","?","R","E","R","T","?","?","R","E","?","R","BOSS","R","$","E","BOSS"],"items_purchased_type":["Card","Relic","Card","Card","Relic"],"build_version":"2020-12-22","purchased_purges":1,"victory":true,"max_hp_per_floor":[70,70,70,70,70,70,70,70,70,70,70,70,70,70,70,70,75,75,75,75,75,75,75,75,75,75,75,80,80,80,90,90,90,90,90,90,90,90,90,90,90,90,90,90,100,100,100,100,100,100,100,100,100,100,100],"card_choices":[{"not_picked":["Endless Agony","Slice"],"picked":"Poisoned Stab","floor":1.0},{"not_picked":["Footwork","Blade Dance"],"picked":"Skewer","floor":2.0},{"not_picked":["Sucker Punch","Bouncing Flask"],"picked":"Underhanded Strike","floor":3.0},{"not_picked":["Dodge and Roll","Endless Agony"],"picked":"Dash","floor":6.0},{"not_picked":["Underhanded Strike","Wraith Form v2"],"picked":"Calculated Gamble","floor":8.0},{"not_picked":["Underhanded Strike","Deflect"],"picked":"Tactician","floor":10.0},{"not_picked":["Deadly Poison","Underhanded Strike"],"picked":"Escape Plan","floor":13.0},{"not_picked":["Night Terror","Unload"],"picked":"Adrenaline","floor":16.0},{"not_picked":["Cloak And Dagger","Bouncing Flask"],"picked":"Dagger Spray","floor":17.0},{"not_picked":["Underhanded Strike","Leg Sweep"],"picked":"Backflip+1","floor":18.0},{"not_picked":["Blur","Underhanded Strike"],"picked":"Tactician","floor":24.0},{"not_picked":["Dagger Spray","Backflip","Underhanded Strike"],"picked":"SKIP","floor":27.0},{"not_picked":["Terror","Underhanded Strike+1"],"picked":"Burst","floor":30.0},{"not_picked":["Slice","Deflect","Finisher"],"picked":"SKIP","floor":31.0},{"not_picked":["Glass Knife","Grand Finale"],"picked":"Tools of the Trade","floor":33.0},{"not_picked":["Distraction+1","Deflect+1"],"picked":"Prepared+1","floor":35.0},{"not_picked":["Blade Dance+1","Masterful Stab+1"],"picked":"Acrobatics+1","floor":37.0},{"not_picked":["Secret Weapon","Trip"],"picked":"Panacea","floor":38.0},{"not_picked":["Setup+1","Outmaneuver+1"],"picked":"PiercingWail+1","floor":41.0},{"not_picked":["Tactician","Endless Agony"],"picked":"Calculated Gamble","floor":44},{"not_picked":["Terror+1","PiercingWail"],"picked":"Expertise+1","floor":47},{"not_picked":["Backflip+1","Blade Dance","Poisoned Stab+1"],"picked":"SKIP","floor":48},{"not_picked":["Accuracy","Backflip"],"picked":"Riddle With Holes+1","floor":54}],"player_experience":1002951,"relics_obtained":[{"floor":6.0,"key":"Bottled Flame"},{"floor":8.0,"key":"InkBottle"},{"floor":9.0,"key":"HornCleat"},{"floor":19.0,"key":"Vajra"},{"floor":26.0,"key":"Mummified Hand"},{"floor":41.0,"key":"Oddly Smooth Stone"},{"floor":47,"key":"Centennial Puzzle"},{"floor":54,"key":"Blood Vial"}],"event_choices":[{"damage_healed":0.0,"max_hp_gain":0.0,"max_hp_loss":0.0,"gold_gain":0.0,"cards_transformed":["Strike_G"],"event_name":"Transmorgrifier","player_choice":"Transformed","floor":4.0,"gold_loss":0.0,"damage_taken":0.0,"cards_obtained":["Predator"]},{"damage_healed":0.0,"max_hp_gain":0.0,"max_hp_loss":0.0,"gold_gain":0.0,"event_name":"Shining Light","player_choice":"Ignored","floor":11.0,"gold_loss":0.0,"damage_taken":0.0},{"damage_healed":0.0,"max_hp_gain":0.0,"max_hp_loss":0.0,"gold_gain":100.0,"event_name":"Wheel of Change","player_choice":"Gold","floor":12.0,"gold_loss":0.0,"damage_taken":0.0},{"cards_removed":["Defend_G"],"damage_healed":0.0,"max_hp_gain":0.0,"max_hp_loss":0.0,"gold_gain":0.0,"event_name":"Beggar","player_choice":"Gave Gold","floor":21.0,"gold_loss":75.0,"damage_taken":0.0},{"damage_healed":0.0,"max_hp_gain":0.0,"max_hp_loss":0.0,"gold_gain":0.0,"event_name":"Addict","player_choice":"Obtained Relic","floor":22.0,"gold_loss":85.0,"damage_taken":0.0,"relics_obtained":["Tough Bandages"]},{"damage_healed":0.0,"max_hp_gain":5.0,"max_hp_loss":0.0,"gold_gain":0.0,"event_name":"Forgotten Altar","player_choice":"Shed Blood","floor":28.0,"gold_loss":0.0,"damage_taken":19.0},{"damage_healed":0.0,"max_hp_gain":0.0,"max_hp_loss":0.0,"gold_gain":0.0,"event_name":"Mysterious Sphere","player_choice":"Ignored","floor":36.0,"gold_loss":0.0,"damage_taken":0.0},{"damage_healed":0.0,"max_hp_gain":0.0,"max_hp_loss":0.0,"gold_gain":0.0,"event_name":"SensoryStone","player_choice":"Memory 1","floor":38.0,"gold_loss":0.0,"damage_taken":0.0},{"damage_healed":0.0,"max_hp_gain":0.0,"max_hp_loss":0.0,"gold_gain":0.0,"event_name":"Upgrade Shrine","player_choice":"Upgraded","floor":39.0,"gold_loss":0.0,"damage_taken":0.0,"cards_upgraded":["Tactician"]},{"cards_removed":["Tools of the Trade"],"damage_healed":57,"gold_gain":0,"player_choice":"Offered Rare","damage_taken":0,"max_hp_gain":10,"max_hp_loss":0,"event_name":"Bonfire Elementals","floor":45,"gold_loss":0}],"is_beta":false,"boss_relics":[{"not_picked":["Runic Dome","Calling Bell"],"picked":"Tiny House"},{"not_picked":["Sozu","Snecko Eye"],"picked":"SlaversCollar"}],"items_purged_floors":[53],"is_endless":false,"potions_floor_spawned":[1,8,18,20,30,31,35,44,47,48,54],"ascension_level":9}}