{"host":"jczpfntkj7lke2b5","time":1612196491,"event":{"mods":["2.2 Compatiblity","AchievementEnabler","BaseMod","Block Reminder","Colored Map","Colored Powertips","Highlight Path","Minty Spire (QoL Compilation)","Permanent Neow","Random Character Button","Random Character Mod","Rare Cards Sparkle","Relic Stats","Shop Mod","StSLib"],"gold_per_floor":[110,8798,8873,8889,8908,8939,8939,8973,8973,7967,7967,7967,7967,7979,7979,8074,8074,8091,8091,8091,8103,6981,6981,7011,7011,7011,5961,5990,6017,6017,6037,6037,6140,6140,6152,6152,6170,6180,5251,5285,5285,5297,5322,4408,0,0,14,44,44,44],"floor_reached":51,"language":"ENG","playtime":3830,"items_purged":["Strike_R","Strike_R","Corruption+1","Corruption+1","Apotheosis+1"],"score":1115,"play_id":"daf1cd8e-7912-440b-80dc-b321f9a6d354","local_time":"20210201172131","is_ascension_mode":true,"campfire_choices":[{"data":"Demon Form","floor":11,"key":"SMITH"},{"data":"Immolate","floor":13,"key":"SMITH"},{"data":"Spot Weakness","floor":15,"key":"SMITH"},{"data":"Shockwave","floor":23,"key":"SMITH"},{"data":"Heavy Blade","floor":25,"key":"SMITH"},{"data":"Spot Weakness","floor":32,"key":"SMITH"},{"data":"Wild Strike","floor":41,"key":"SMITH"},{"data":"Flex","floor":49,"key":"SMITH"}],"circlet_count":0,"master_deck":["Strike_R+1","Defend_R+1","Defend_R+1","Bash+1","Demon Form+1","Wild Strike+1","Demon Form+1","Magnetism+1","Rampage+1","Immolate+1","Double Tap+1","Disarm+1","Evolve+1","Flex+1","Power Through+1","Heavy Blade+1","Fire Breathing+1","Brutality+1","Impervious+1","Armaments+1","Blood for Blood+1","Carnage+1","Spot Weakness+1","Barricade+1","Clothesline+1","Combust+1","Shockwave+1","Iron Wave+1","Anger+1","Shrug It Off+1","Combust+1","Panache+1","Shockwave+1","Spot Weakness+1","Inflame+1","Whirlwind+1","Pommel Strike+1","Ghostly Armor+1","RitualDagger+1","Searing Blow+1","Brutality+1","Wild Strike+1","Flex+1","Sword Boomerang+1","Violence","Carnage","Wild Strike+1","Dual Wield","Flex+1","Inflame+1","Searing Blow+1","Entrench","Disarm","Evolve+1","Cleave","Iron Wave","Sword Boomerang+1","Wild Strike+1","Flex+1","Inflame+1","Wild Strike+1","Writhe","Pommel Strike+1","Whirlwind+1","Carnage+1"],"relics":["Burning Blood","Frozen Egg 2","DollysMirror","MerchantsRug","Ice Cream","Calipers","Ginger","Lantern","TungstenRod","Strawberry","CaptainsWheel","Darkstone Periapt","Paper Frog","Strange Spoon","Orichalcum","Centennial Puzzle","Coffee Dripper","Mark of the Bloom","Vajra","Cauldron","Self Forming Clay","Happy Flower","Mummified Hand","Prayer Wheel","Orrery","Red Mask","Bronze Scales"],"acts_visited":["Exordium","TheCity","TheBeyond"],"potions_floor_usage":[16,16,33,33,33,33,33,50,50,50,50,50],"damage_taken":[{"damage":0,"enemies":"Cultist","floor":1,"turns":2},{"damage":5,"enemies":"Small Slimes","floor":4,"turns":3},{"damage":0,"enemies":"2 Louse","floor":5,"turns":3},{"damage":17,"enemies":"3 Sentries","floor":6,"turns":4},{"damage":0,"enemies":"Gremlin Nob","floor":8,"turns":2},{"damage":12,"enemies":"Exordium Wildlife","floor":14,"turns":2},{"damage":28,"enemies":"Hexaghost","floor":16,"turns":4},{"damage":1,"enemies":"Chosen","floor":18,"turns":2},{"damage":7,"enemies":"Spheric Guardian","floor":21,"turns":3},{"damage":15,"enemies":"Book of Stabbing","floor":24,"turns":3},{"damage":24,"enemies":"Slavers","floor":28,"turns":2},{"damage":0,"enemies":"Snake Plant","floor":31,"turns":4},{"damage":0,"enemies":"Champ","floor":33,"turns":5},{"damage":2,"enemies":"3 Shapes","floor":35,"turns":3},{"damage":2,"enemies":"Orb Walker","floor":37,"turns":2},{"damage":17,"enemies":"4 Shapes","floor":38,"turns":2},{"damage":3,"enemies":"Nemesis","floor":40,"turns":3},{"damage":1,"enemies":"3 Darklings","floor":42,"turns":2},{"damage":4,"enemies":"Transient","floor":47,"turns":5},{"damage":3,"enemies":"Giant Head","floor":48,"turns":2},{"damage":16,"enemies":"Time Eater","floor":50,"turns":4}],"seed_played":"4156531602112817293","potions_obtained":[{"floor":5,"key":"LiquidMemories"},{"floor":6,"key":"Block Potion"},{"floor":18,"key":"LiquidMemories"},{"floor":21,"key":"BlessingOfTheForge"},{"floor":31,"key":"DuplicationPotion"},{"floor":33,"key":"BlessingOfTheForge"},{"floor":37,"key":"DistilledChaos"},{"floor":39,"key":"Strength Potion"},{"floor":39,"key":"SkillPotion"},{"floor":39,"key":"PowerPotion"},{"floor":40,"key":"FearPotion"},{"floor":47,"key":"SpeedPotion"},{"floor":48,"key":"DistilledChaos"}],"is_trial":false,"path_per_floor":["M","$","?","M","M","E","?","E","T","$","R","?","R","M","R","B",null,"M","?","?","M","$","R","E","R","T","$","E","T","?","M","R","B",null,"M","?","M","M","$","E","R","M","T","$","?","?","M","E","R","B",null],"character_chosen":"IRONCLAD","items_purchased":["Frozen Egg 2","DollysMirror","Magnetism+1","Rampage","Immolate","Double Tap","Disarm","Evolve+1","MerchantsRug","Brutality+1","Impervious","Armaments","Blood for Blood","Carnage","Potion Belt","Lee\u0027s Waffle","Apotheosis","TungstenRod","Strawberry","Shockwave","Iron Wave","Anger","Shrug It Off","Combust+1","Panache+1","DistilledChaos","DistilledChaos","Darkstone Periapt","Paper Frog","Strange Spoon","Spot Weakness","Inflame+1","Whirlwind","Pommel Strike","Vajra","Cauldron","Violence","Carnage","Wild Strike","Dual Wield","Flex","Inflame+1","Mummified Hand","Prayer Wheel","Disarm","Evolve+1","Cleave","Iron Wave","Orrery"],"campfire_rested":0,"item_purchase_floors":[2,2,2,2,2,2,2,2,2,10,10,10,10,10,10,10,10,22,22,22,22,22,22,22,22,22,22,27,27,27,27,27,27,27,39,39,39,39,39,39,39,39,44,44,44,44,44,44,44],"current_hp_per_floor":[80,80,69,80,80,80,64,80,80,87,87,84,84,78,78,87,87,87,87,87,86,93,93,94,94,94,94,94,94,89,94,94,94,94,94,94,92,75,75,72,72,71,71,71,71,71,67,64,64,48],"gold":44,"neow_bonus":"THREE_RARE_CARDS","is_daily":false,"chose_seed":false,"campfire_upgraded":8,"win_rate":0.0,"timestamp":1612196491,"path_taken":["M","$","?","M","M","E","?","E","T","$","R","?","R","M","R","BOSS","M","?","?","M","$","R","E","R","T","$","E","?","?","M","R","BOSS","M","?","M","M","$","E","R","M","T","$","?","?","M","E","R","BOSS"],"items_purchased_type":["Relic","Relic","Card","Card","Card","Card","Card","Card","Relic","Card","Card","Card","Card","Card","Relic","Relic","Card","Relic","Relic","Card","Card","Card","Card","Card","Card","Potion","Potion","Relic","Relic","Relic","Card","Card","Card","Card","Relic","Relic","Card","Card","Card","Card","Card","Card","Relic","Relic","Card","Card","Card","Card","Relic"],"build_version":"2020-12-13","purchased_purges":5,"victory":true,"max_hp_per_floor":[80,80,80,80,80,80,80,80,80,87,87,87,87,87,87,87,87,87,87,87,87,94,94,94,94,94,94,94,94,94,94,94,94,94,94,94,94,94,94,94,94,94,94,94,94,100,100,100,100,100],"relic_stats":{"Darkstone Periapt":6,"Mark of the Bloom":82,"Happy Flower":[3],"counters":[21,62],"Self Forming Clay":[27],"Ginger":[2],"Orichalcum":[18],"Burning Blood":26,"Strange Spoon":[19],"Centennial Puzzle":[23],"Mummified Hand":[20],"Bronze Scales":[21],"Prayer Wheel":1,"obtain_stats":[{"Ice Cream":6,"Darkstone Periapt":27,"Lantern":12,"Mark of the Bloom":36,"Calipers":8,"Vajra":39,"Ginger":9,"Empty Cage":17,"Burning Blood":0,"Centennial Puzzle":29,"DollysMirror":2,"Mummified Hand":44,"Strawberry":22,"Prayer Wheel":44,"Red Mask":45,"Paper Frog":27,"Potion Belt":10,"MerchantsRug":2,"Lee\u0027s Waffle":10,"Happy Flower":43,"Self Forming Clay":40,"Frozen Egg 2":2,"Orichalcum":28,"Strange Spoon":27,"Cauldron":39,"CaptainsWheel":24,"Bronze Scales":48,"Orrery":44,"Coffee Dripper":34,"TungstenRod":22},{"Ice Cream":4,"Darkstone Periapt":10,"Lantern":5,"Mark of the Bloom":14,"Calipers":5,"Vajra":16,"Ginger":5,"Empty Cage":7,"Burning Blood":0,"Centennial Puzzle":11,"DollysMirror":1,"Mummified Hand":18,"Strawberry":9,"Prayer Wheel":18,"Red Mask":18,"Paper Frog":10,"Potion Belt":5,"MerchantsRug":1,"Lee\u0027s Waffle":5,"Happy Flower":18,"Self Forming Clay":17,"Frozen Egg 2":1,"Orichalcum":11,"Strange Spoon":10,"Cauldron":16,"CaptainsWheel":10,"Bronze Scales":20,"Orrery":18,"Coffee Dripper":13,"TungstenRod":9},{"Ice Cream":12,"Darkstone Periapt":28,"Lantern":14,"Mark of the Bloom":42,"Calipers":14,"Vajra":46,"Ginger":14,"Empty Cage":20,"Burning Blood":0,"Centennial Puzzle":30,"DollysMirror":2,"Mummified Hand":51,"Strawberry":25,"Prayer Wheel":51,"Red Mask":51,"Paper Frog":28,"Potion Belt":14,"MerchantsRug":2,"Lee\u0027s Waffle":14,"Happy Flower":51,"Self Forming Clay":49,"Frozen Egg 2":2,"Orichalcum":30,"Strange Spoon":28,"Cauldron":46,"CaptainsWheel":28,"Bronze Scales":58,"Orrery":51,"Coffee Dripper":39,"TungstenRod":25}],"TungstenRod":55},"card_choices":[{"not_picked":["Berserk","Offering"],"picked":"Demon Form","floor":0},{"not_picked":["Clash","Second Wind"],"picked":"Wild Strike","floor":1},{"not_picked":["Warcry","Dropkick"],"picked":"Flex","floor":4},{"not_picked":["Clothesline","Rage"],"picked":"Power Through","floor":5},{"not_picked":["Iron Wave","Carnage"],"picked":"Heavy Blade","floor":6},{"not_picked":["Armaments","Shrug It Off"],"picked":"Fire Breathing+1","floor":8},{"not_picked":["Double Tap","Power Through"],"picked":"Spot Weakness","floor":14},{"not_picked":["Offering","Limit Break"],"picked":"Barricade+1","floor":16},{"not_picked":["Clash+1","Disarm+1"],"picked":"Clothesline","floor":18},{"not_picked":["Sever Soul","Shrug It Off"],"picked":"Combust+1","floor":21},{"not_picked":["Anger+1","Disarm"],"picked":"Shockwave","floor":24},{"not_picked":["Clothesline","Shrug It Off"],"picked":"Ghostly Armor","floor":28},{"not_picked":["Warcry","Shockwave"],"picked":"Searing Blow","floor":31},{"not_picked":["Berserk+1","Reaper"],"picked":"Brutality+1","floor":33},{"not_picked":["Rage","Headbutt"],"picked":"Wild Strike+1","floor":35},{"not_picked":["Clash+1","Cleave+1"],"picked":"Flex+1","floor":37},{"not_picked":["Flex","Anger"],"picked":"Sword Boomerang+1","floor":38},{"not_picked":["Perfected Strike","Offering"],"picked":"Searing Blow+1","floor":40},{"not_picked":["Cleave+1","Spot Weakness+1"],"picked":"Entrench","floor":42},{"not_picked":["Bludgeon","Double Tap"],"picked":"Sword Boomerang+1","floor":44},{"not_picked":["Combust+1","Warcry"],"picked":"Wild Strike+1","floor":44},{"not_picked":["Reckless Charge+1","Clash+1"],"picked":"Flex+1","floor":44},{"not_picked":["Shrug It Off","Body Slam+1"],"picked":"Inflame+1","floor":44},{"not_picked":["Cleave+1","Clash+1"],"picked":"Wild Strike+1","floor":44},{"not_picked":["Clash+1","Intimidate+1"],"picked":"Pommel Strike+1","floor":47},{"not_picked":["Inflame+1","Body Slam+1"],"picked":"Whirlwind+1","floor":47},{"not_picked":["Shrug It Off","Hemokinesis"],"picked":"Carnage+1","floor":48}],"player_experience":65587,"relics_obtained":[{"floor":6,"key":"Ice Cream"},{"floor":8,"key":"Calipers"},{"floor":9,"key":"Ginger"},{"floor":24,"key":"CaptainsWheel"},{"floor":28,"key":"Orichalcum"},{"floor":29,"key":"Centennial Puzzle"},{"floor":40,"key":"Self Forming Clay"},{"floor":43,"key":"Happy Flower"},{"floor":48,"key":"Bronze Scales"}],"event_choices":[{"damage_healed":0,"gold_gain":75,"player_choice":"Gather Gold","damage_taken":11,"max_hp_gain":0,"max_hp_loss":0,"event_name":"World of Goop","floor":3,"gold_loss":0},{"damage_healed":0,"gold_gain":0,"player_choice":"Entered Light","damage_taken":16,"max_hp_gain":0,"max_hp_loss":0,"event_name":"Shining Light","floor":7,"gold_loss":0,"cards_upgraded":["Rampage","Double Tap"]},{"damage_healed":0,"gold_gain":0,"player_choice":"Success","damage_taken":3,"relics_obtained":["Lantern"],"max_hp_gain":0,"max_hp_loss":0,"event_name":"Scrap Ooze","floor":12,"gold_loss":0},{"damage_healed":0,"gold_gain":0,"cards_transformed":["Defend_R","Strike_R"],"player_choice":"Became Test Subject","damage_taken":0,"max_hp_gain":0,"max_hp_loss":0,"event_name":"Drug Dealer","floor":19,"gold_loss":0,"cards_obtained":["Corruption","Corruption"]},{"damage_healed":0,"gold_gain":0,"player_choice":"Ignored","damage_taken":0,"max_hp_gain":0,"max_hp_loss":0,"event_name":"Ghosts","floor":20,"gold_loss":0},{"damage_healed":0,"gold_gain":0,"player_choice":"Joined the Cult","damage_taken":6,"max_hp_gain":0,"max_hp_loss":0,"event_name":"Nest","floor":30,"gold_loss":0,"cards_obtained":["RitualDagger"]},{"damage_healed":0,"gold_gain":0,"player_choice":"Upgrade","damage_taken":0,"relics_obtained":["Mark of the Bloom"],"max_hp_gain":0,"max_hp_loss":0,"event_name":"MindBloom","floor":36,"gold_loss":0,"cards_upgraded":["Strike_R","Defend_R","Defend_R","Bash","Wild Strike","Disarm","Flex","Power Through","Impervious","Armaments","Blood for Blood","Carnage","Apotheosis","Clothesline","Iron Wave","Anger","Shrug It Off","Shockwave","Whirlwind","Pommel Strike","Ghostly Armor","RitualDagger","Searing Blow"]},{"damage_healed":0,"gold_gain":0,"player_choice":"Paid","damage_taken":0,"relics_obtained":["Red Mask"],"max_hp_gain":0,"max_hp_loss":0,"event_name":"Tomb of Lord Red Mask","floor":45,"gold_loss":4408},{"damage_healed":24,"gold_gain":0,"player_choice":"Writhe","damage_taken":0,"max_hp_gain":0,"max_hp_loss":0,"event_name":"Winding Halls","floor":46,"gold_loss":0,"cards_obtained":["Writhe"]}],"is_beta":false,"boss_relics":[{"not_picked":["Cursed Key","Runic Pyramid"],"picked":"Empty Cage"},{"not_picked":["SlaversCollar","Sozu"],"picked":"Coffee Dripper"}],"items_purged_floors":[2,10,22,27,39],"is_endless":false,"potions_floor_spawned":[5,6,18,21,31,33,37,40,47,48],"ascension_level":1}}