{"host":"8o45mh5p3pp1o2mi","time":1612223856,"event":{"mods":["BaseMod","Bestiary","Better Match","Better Third Choice","BetterRewards","Dark Map","Downfall","Fox Events","Minty Spire (QoL Compilation)","Rare Cards Sparkle","Relic Stats","Replay The Spire","Shop Mod","Spire Exporter","StSLib","everything is the same but u backflip on backflip"],"gold_per_floor":[116,116,116,41,56,88,100,127,151,70,96,46,46,46,46,141,141,151,168,179,8,8,34,34,34,34,34,52,52,379,405,405,503,503,518,518,518],"floor_reached":36,"language":"ENG","playtime":2287,"items_purged":["Regret","Strike_G"],"score":566,"play_id":"dbee8910-1334-49cb-89f9-2daf19e59a5c","local_time":"20210201235736","is_ascension_mode":true,"campfire_choices":[{"floor":15,"key":"REST"},{"floor":24,"key":"REST"},{"floor":27,"key":"REST"},{"data":"ReplayTheSpireMod:Necrosis","floor":29,"key":"SMITH"},{"data":"Crippling Poison","floor":32,"key":"SMITH"}],"circlet_count":0,"master_deck":["Defend_G","Survivor","Neutralize","CurseOfTheBell","Poisoned Stab","Backflip","Dagger Throw","Bouncing Flask","Pot Of Greed","Pot Of Greed","Noxious Fumes","Envenom","After Image","Poison Darts+1","Cloak And Dagger+1","ReplayTheSpireMod:Speed Training","Adrenaline","Replay:Poison Smokescreen","Pot Of Greed","Well Laid Plans","Adrenaline","ReplayTheSpireMod:Necrosis+1","ReplayTheSpireMod:Tripwire","ReplayTheSpireMod:Splinters","Crippling Poison+1","After Image","Backflip+1"],"relics":["Calling Bell","Replay:Mystery Machine","Sundial","Replay:PocketPolymizer","ReplayTheSpireMod:CursedCoin","Art of War","Orichalcum","Grinning Jar","Tiny Chest","Replay:Bronze Core","Singing Bowl","Replay:Bottled Eggs","Onion Ring","Old Coin","Mango","Black Star"],"acts_visited":["Exordium","TheCity","TheBeyond"],"potions_floor_usage":[8,23,28,31],"damage_taken":[{"damage":2.0,"enemies":"Small Slimes","floor":1.0,"turns":5.0},{"damage":0,"enemies":"Cultist","floor":5,"turns":3},{"damage":26,"enemies":"Gremlin Nob","floor":6,"turns":5},{"damage":0,"enemies":"2 Louse","floor":7,"turns":2},{"damage":10,"enemies":"Lagavulin","floor":8,"turns":7},{"damage":5,"enemies":"Replay:BlueRogue","floor":11,"turns":5},{"damage":20,"enemies":"Hexaghost","floor":16,"turns":8},{"damage":9,"enemies":"Spheric Guardian","floor":18,"turns":5},{"damage":16,"enemies":"Shell Parasite","floor":19,"turns":4},{"damage":16,"enemies":"Sentry and Sphere","floor":20,"turns":6},{"damage":13,"enemies":"Slavers","floor":23,"turns":5},{"damage":0,"enemies":"3 Cultists","floor":28,"turns":3},{"damage":7,"enemies":"Gremlin Leader","floor":31,"turns":5},{"damage":22,"enemies":"Champ","floor":33,"turns":10},{"damage":25,"enemies":"3 Darklings","floor":35,"turns":5},{"damage":53,"enemies":"2 Orb Walkers","floor":36,"turns":4}],"seed_played":"5915407147280761651","potions_obtained":[{"floor":7,"key":"LifebloodPotion"},{"floor":16,"key":"GhostInAJar"},{"floor":23,"key":"CunningPotion"},{"floor":28,"key":"Slimebound:ThreeZeroPotion"},{"floor":33,"key":"Dexterity Potion"}],"is_trial":false,"path_per_floor":["M","?","?","$","M","E","M","E","T","$","E","?","?","$","R","B",null,"M","M","M","$","T","E","R","$","T","R","M","R","?","E","R","B",null,"M","?"],"character_chosen":"THE_SILENT","items_purchased":["ReplayTheSpireMod:CursedCoin","Art of War","Noxious Fumes","Adrenaline"],"campfire_rested":3,"item_purchase_floors":[4,4,10,21],"current_hp_per_floor":[61,61,61,61,61,35,35,25,25,25,20,20,20,20,41,21,58,49,33,17,17,17,4,25,25,25,46,46,46,48,57,57,35,75,50,0,0],"gold":518,"neow_bonus":"BOSS_RELIC","is_daily":false,"chose_seed":false,"campfire_upgraded":2,"win_rate":0.0,"timestamp":1612223856,"path_taken":["M","?","?","$","?","E","M","E","T","$","E","?","?","$","R","BOSS","M","M","?","$","?","E","R","?","T","R","M","R","?","E","R","BOSS","M","?"],"items_purchased_type":["Relic","Relic","Card","Card"],"build_version":"2020-12-22","purchased_purges":2,"victory":false,"max_hp_per_floor":[70,70,70,70,70,70,70,70,70,70,70,70,70,70,70,70,70,70,70,70,70,70,70,70,70,70,70,70,70,72,88,88,88,88,88,88,88],"relic_stats":{"Singing Bowl":4,"counters":[61,273],"Sundial":[18],"Tiny Chest":1,"Art of War":[10],"Black Star":0,"Orichalcum":[90],"obtain_stats":[{"TwistedFunnel":20,"Ice Cream":23,"Vajra":25,"Whetstone":12,"Old Coin":30,"Blood Vial":0,"Sundial":0,"Strawberry":26,"Replay:Bronze Core":17,"Philosopher\u0027s Stone":34,"Iron Hammer":23,"MerchantsRug":0,"Pear":29,"ReplayTheSpireMod:CursedCoin":4,"Dead Branch":0,"Question Card":0,"Onion Ring":26,"foxEvents:LuckyCharm":3,"Black Star":34,"Grinning Jar":8,"bronze:BronzeCore":0,"Replay:PocketPolymizer":0,"Torii":3,"Singing Bowl":22,"Mango":6,"Painkiller Herb":17,"Snake Skull":9,"Juzu Bracelet":11,"Bag of Preparation":43,"Replay:Mystery Machine":0,"BranchBurnRelic":6,"SsserpentHead":13,"Nunchaku":41,"Chameleon Ring":9,"Tiny Chest":11,"Replay:Bottled Eggs":23,"InkBottle":42,"Ring of the Snake":7,"Gremlin Food":22,"Replay:Towering Pillar of Hats":0,"Guide Book":5,"Orichalcum":6,"White Beast Statue":10,"Calling Bell":0,"sneckomod:BabySnecko":20,"Anchor":4,"Busted Crown":17,"Art of War":4,"Membership Card":0,"TungstenRod":0},{"TwistedFunnel":18,"Ice Cream":43,"Vajra":22,"Whetstone":38,"Old Coin":57,"Blood Vial":9,"Sundial":45,"Strawberry":22,"Replay:Bronze Core":52,"Philosopher\u0027s Stone":26,"Iron Hammer":20,"MerchantsRug":9,"Pear":24,"ReplayTheSpireMod:CursedCoin":46,"Dead Branch":32,"Question Card":32,"Onion Ring":56,"foxEvents:LuckyCharm":2,"Black Star":59,"Grinning Jar":50,"bronze:BronzeCore":0,"Replay:PocketPolymizer":45,"Torii":34,"Singing Bowl":55,"Mango":12,"Painkiller Herb":16,"Snake Skull":13,"Juzu Bracelet":7,"Bag of Preparation":30,"Replay:Mystery Machine":45,"BranchBurnRelic":34,"SsserpentHead":38,"Nunchaku":29,"Chameleon Ring":35,"Tiny Chest":51,"Replay:Bottled Eggs":56,"InkBottle":30,"Ring of the Snake":12,"Gremlin Food":42,"Replay:Towering Pillar of Hats":9,"Guide Book":11,"Orichalcum":48,"White Beast Statue":36,"Calling Bell":45,"sneckomod:BabySnecko":41,"Anchor":11,"Busted Crown":40,"Art of War":46,"Membership Card":9,"TungstenRod":9},{"TwistedFunnel":60,"Ice Cream":182,"Vajra":78,"Whetstone":158,"Old Coin":249,"Blood Vial":25,"Sundial":191,"Strawberry":78,"Replay:Bronze Core":226,"Philosopher\u0027s Stone":99,"Iron Hammer":69,"MerchantsRug":25,"Pear":87,"ReplayTheSpireMod:CursedCoin":196,"Dead Branch":132,"Question Card":132,"Onion Ring":246,"foxEvents:LuckyCharm":5,"Black Star":264,"Grinning Jar":213,"bronze:BronzeCore":0,"Replay:PocketPolymizer":191,"Torii":143,"Singing Bowl":241,"Mango":34,"Painkiller Herb":52,"Snake Skull":36,"Juzu Bracelet":19,"Bag of Preparation":118,"Replay:Mystery Machine":191,"BranchBurnRelic":143,"SsserpentHead":158,"Nunchaku":109,"Chameleon Ring":146,"Tiny Chest":218,"Replay:Bottled Eggs":246,"InkBottle":118,"Ring of the Snake":34,"Gremlin Food":176,"Replay:Towering Pillar of Hats":25,"Guide Book":30,"Orichalcum":204,"White Beast Statue":151,"Calling Bell":191,"sneckomod:BabySnecko":173,"Anchor":30,"Busted Crown":168,"Art of War":196,"Membership Card":25,"TungstenRod":25}]},"card_choices":[{"not_picked":["Blade Dance","Underhanded Strike"],"picked":"Poisoned Stab","floor":1.0},{"not_picked":["Poisoned Stab","Underhanded Strike"],"picked":"Backflip","floor":5},{"not_picked":["Eviscerate","Blade Dance"],"picked":"Dagger Throw","floor":6},{"not_picked":["Dagger Throw","Deflect"],"picked":"Bouncing Flask","floor":7},{"not_picked":["Tactician","Skewer"],"picked":"Bane","floor":8},{"not_picked":["Expertise","Grand Finale","Heel Hook"],"picked":"SKIP","floor":11},{"not_picked":["Grand Finale","ReplayTheSpireMod:Necrosis"],"picked":"Poison Darts","floor":16},{"not_picked":["Distraction","Blade Dance"],"picked":"Cloak And Dagger+1","floor":18},{"not_picked":["Outmaneuver","Backflip","Slice+1"],"picked":"SKIP","floor":19},{"not_picked":["Bane+1","Blade Dance"],"picked":"ReplayTheSpireMod:Speed Training","floor":20},{"not_picked":["Cloak And Dagger","Dagger Throw"],"picked":"Replay:Poison Smokescreen","floor":23},{"not_picked":["Deflect","Bane"],"picked":"ReplayTheSpireMod:Necrosis","floor":28},{"not_picked":["Underhanded Strike","Dagger Throw+1","Noxious Fumes"],"picked":"Singing Bowl","floor":30},{"not_picked":["Finisher","Acrobatics","Phantasmal Killer"],"picked":"Singing Bowl","floor":31},{"not_picked":["Atom Bomb","Venomology"],"picked":"After Image","floor":33},{"not_picked":["Underhanded Strike","Flying Knee"],"picked":"Backflip+1","floor":35}],"player_experience":157838,"relics_obtained":[{"floor":0.0,"key":"Replay:Mystery Machine"},{"floor":0.0,"key":"Sundial"},{"floor":0.0,"key":"Replay:PocketPolymizer"},{"floor":6,"key":"Orichalcum"},{"floor":8,"key":"Grinning Jar"},{"floor":11,"key":"Tiny Chest"},{"floor":22,"key":"Singing Bowl"},{"floor":23,"key":"Replay:Bottled Eggs"},{"floor":26,"key":"Onion Ring"},{"floor":30,"key":"Old Coin"},{"floor":31,"key":"Mango"}],"event_choices":[{"cards_removed":["Defend_G"],"damage_healed":0.0,"max_hp_gain":0.0,"max_hp_loss":0.0,"gold_gain":0.0,"event_name":"Living Wall","player_choice":"Forget","floor":2.0,"gold_loss":0.0,"damage_taken":0.0},{"cards_removed":["Strike_G"],"damage_healed":0.0,"max_hp_gain":0.0,"max_hp_loss":0.0,"gold_gain":0.0,"event_name":"Bonfire Elementals","player_choice":"Offered Basic","floor":3.0,"gold_loss":0.0,"damage_taken":0.0},{"cards_removed":["Strike_G"],"damage_healed":0,"gold_gain":0,"player_choice":"Card Removal","damage_taken":0,"max_hp_gain":0,"max_hp_loss":0,"event_name":"The Cleric","floor":12,"gold_loss":50},{"damage_healed":0,"gold_gain":0,"cards_transformed":["Defend_G"],"player_choice":"Transformed","damage_taken":0,"max_hp_gain":0,"max_hp_loss":0,"event_name":"Transmorgrifier","floor":13,"gold_loss":0,"cards_obtained":["Envenom"]},{"damage_healed":0,"gold_gain":0,"player_choice":"Fight","damage_taken":0,"max_hp_gain":0,"max_hp_loss":0,"event_name":"Mysterious Sphere","floor":36,"gold_loss":0}],"is_beta":false,"boss_relics":[{"not_picked":["Tiny House","Replay:Ancient Bell"],"picked":"Replay:Bronze Core"},{"not_picked":["Astrolabe","Snecko Eye"],"picked":"Black Star"}],"items_purged_floors":[4,21],"is_endless":false,"potions_floor_spawned":[7,16,23,28,33],"killed_by":"2 Orb Walkers","ascension_level":6}}