{"host":"Nexxot","time":1612198316,"event":{"mods":["AchievementEnabler","BaseMod","Bestiary","Colored Map","Curses Come First","Highlight Path","Minty Spire (QoL Compilation)","Relic Stats","StSLib"],"gold_per_floor":[114,43,60,108,208,242,261,261,307,336,353,385,395,395,395,498,498,508,508,508,11,28,28,28,41,41,61,71,101,121,155,155,251,251,268,268,279,297,308,308,325,354,354,354,51,51,71,98,98,98,98,98,11,37,37,37],"floor_reached":55,"language":"ENG","playtime":3663,"items_purged":["Strike_G","Strike_G","Strike_G"],"score":1221,"play_id":"5daad239-686b-4b9c-8fb6-eb96fa6d8f19","local_time":"20210201175156","is_ascension_mode":true,"campfire_choices":[{"data":"Dagger Spray","floor":8,"key":"SMITH"},{"floor":15,"key":"REST"},{"floor":23,"key":"REST"},{"floor":32,"key":"REST"},{"data":"Footwork","floor":40,"key":"SMITH"},{"floor":44,"key":"RECALL"},{"data":"Footwork","floor":46,"key":"SMITH"},{"floor":49,"key":"REST"},{"floor":52,"key":"REST"}],"circlet_count":0,"master_deck":["AscendersBane","Strike_G","Defend_G","Defend_G","Defend_G","Defend_G","Defend_G","Survivor","Neutralize","Deadly Poison","Quick Slash","Dagger Spray","Deadly Poison","Dagger Spray+1","Poisoned Stab","Blade Dance","Deflect+1","Terror+1","Adrenaline+1","PiercingWail+1","Footwork+1","Leg Sweep+1","Blade Dance+1","Undo+1","Inflame+1","Night Terror+1","Consecrate+1","Cloak And Dagger+1","EmptyMind+1","Finesse+1","Burning Pact+1","Feed+1","Sentinel+1","Battle Trance+1","Offering+1","Deep Breath+1","Footwork+1","Coolheaded+1","Disarm+1","Flame Barrier+1","PiercingWail+1","WaveOfTheHand+1","Spot Weakness+1","Rebound+1","Footwork"],"relics":["Ring of the Snake","NeowsBlessing","Art of War","Ornamental Fan","Dream Catcher","Orichalcum","Toxic Egg 2","Regal Pillow","SacredBark","PrismaticShard","Happy Flower","Ice Cream","Shuriken","Smiling Mask","Philosopher\u0027s Stone","Centennial Puzzle","Orrery","TungstenRod","Toy Ornithopter"],"acts_visited":["Exordium","TheCity","TheBeyond","TheEnding"],"potions_floor_usage":[10,12,16,27,31,33,50,50,55],"damage_taken":[{"damage":0,"enemies":"Cultist","floor":1,"turns":1},{"damage":0,"enemies":"2 Louse","floor":3,"turns":1},{"damage":0,"enemies":"Gremlin Nob","floor":6,"turns":1},{"damage":0,"enemies":"Jaw Worm","floor":7,"turns":5},{"damage":13,"enemies":"3 Sentries","floor":10,"turns":6},{"damage":14,"enemies":"Large Slime","floor":11,"turns":5},{"damage":12,"enemies":"Gremlin Nob","floor":12,"turns":3},{"damage":0,"enemies":"3 Louse","floor":13,"turns":1},{"damage":14,"enemies":"Slime Boss","floor":16,"turns":6},{"damage":14,"enemies":"Shell Parasite","floor":18,"turns":5},{"damage":0,"enemies":"3 Byrds","floor":22,"turns":4},{"damage":13,"enemies":"Snake Plant","floor":25,"turns":5},{"damage":7,"enemies":"Shelled Parasite and Fungi","floor":27,"turns":3},{"damage":0,"enemies":"Centurion and Healer","floor":28,"turns":5},{"damage":1,"enemies":"Book of Stabbing","floor":29,"turns":5},{"damage":0,"enemies":"3 Cultists","floor":30,"turns":3},{"damage":18,"enemies":"Slavers","floor":31,"turns":5},{"damage":22,"enemies":"Champ","floor":33,"turns":10},{"damage":0,"enemies":"3 Darklings","floor":35,"turns":8},{"damage":3,"enemies":"3 Shapes","floor":37,"turns":13},{"damage":11,"enemies":"Spire Growth","floor":38,"turns":5},{"damage":3,"enemies":"Writhing Mass","floor":39,"turns":6},{"damage":2,"enemies":"Sphere and 2 Shapes","floor":41,"turns":7},{"damage":7,"enemies":"Reptomancer","floor":42,"turns":5},{"damage":8,"enemies":"Maw","floor":47,"turns":7},{"damage":1,"enemies":"Nemesis","floor":48,"turns":5},{"damage":65,"enemies":"Donu and Deca","floor":50,"turns":12},{"damage":109,"enemies":"Shield and Spear","floor":54,"turns":11},{"damage":22,"enemies":"The Heart","floor":55,"turns":3}],"seed_played":"7919859826176035596","potions_obtained":[{"floor":6,"key":"BlessingOfTheForge"},{"floor":7,"key":"Fire Potion"},{"floor":16,"key":"Fire Potion"},{"floor":25,"key":"EssenceOfSteel"},{"floor":27,"key":"Weak Potion"},{"floor":33,"key":"Weak Potion"},{"floor":38,"key":"SkillPotion"},{"floor":47,"key":"Ancient Potion"}],"is_trial":false,"path_per_floor":["M","$","M","T","?","E","M","R","T","E","M","E","M","?","R","B",null,"M","?","?","$","M","R","?","M","T","M","M","E","M","E","R","B",null,"M","?","M","M","M","R","M","E","T","R","$","R","M","E","R","B",null,"R","$","E","B"],"character_chosen":"THE_SILENT","items_purchased":["Quick Slash","Fire Potion","PrismaticShard","Leg Sweep+1","Blade Dance+1","Happy Flower","Footwork","Orrery","PiercingWail+1","Footwork"],"campfire_rested":5,"item_purchase_floors":[2,2,21,21,21,21,45,45,45,53],"current_hp_per_floor":[63,63,63,63,63,63,63,63,63,50,36,24,24,17,53,39,62,48,35,35,35,35,72,72,59,59,52,52,51,51,33,70,48,68,71,71,72,65,66,66,68,65,65,65,65,65,61,60,102,45,94,110,110,1,0,0],"gold":37,"neow_bonus":"THREE_ENEMY_KILL","is_daily":false,"chose_seed":false,"campfire_upgraded":3,"win_rate":0.0,"timestamp":1612198316,"path_taken":["M","$","M","?","?","E","?","R","T","E","M","E","M","?","R","BOSS","M","?","?","$","M","R","?","M","T","M","M","E","M","E","R","BOSS","M","?","?","M","M","R","M","E","T","R","?","R","?","E","R","BOSS","R","$","E","BOSS"],"items_purchased_type":["Card","Potion","Relic","Card","Card","Relic","Card","Relic","Card","Card"],"build_version":"2020-12-18","purchased_purges":3,"victory":false,"max_hp_per_floor":[70,70,70,70,70,70,70,70,70,70,70,70,70,70,70,70,70,70,75,75,75,75,75,75,75,75,75,75,75,75,75,75,75,75,78,78,82,86,90,90,94,98,98,98,98,98,102,102,102,110,110,110,110,110,110,110],"relic_stats":{"Regal Pillow":57,"Happy Flower":[40],"counters":[29,156],"Orichalcum":[114],"Smiling Mask":125,"Dream Catcher":5,"Centennial Puzzle":[15],"Ornamental Fan":[344],"Shuriken":[55],"Art of War":[24],"obtain_stats":[{"Ice Cream":26,"Regal Pillow":14,"NeowsBlessing":0,"Happy Flower":21,"SacredBark":17,"Orichalcum":10,"PrismaticShard":21,"Smiling Mask":31,"Dream Catcher":9,"Centennial Puzzle":42,"Ornamental Fan":6,"Shuriken":29,"Orrery":45,"Philosopher\u0027s Stone":34,"Art of War":4,"Toxic Egg 2":12,"TungstenRod":48,"Toy Ornithopter":54,"Ring of the Snake":0},{"Ice Cream":12,"Regal Pillow":8,"NeowsBlessing":0,"Happy Flower":10,"SacredBark":9,"Orichalcum":5,"PrismaticShard":10,"Smiling Mask":17,"Dream Catcher":4,"Centennial Puzzle":24,"Ornamental Fan":3,"Shuriken":15,"Orrery":24,"Philosopher\u0027s Stone":18,"Art of War":2,"Toxic Egg 2":7,"TungstenRod":26,"Toy Ornithopter":28,"Ring of the Snake":0},{"Ice Cream":43,"Regal Pillow":23,"NeowsBlessing":0,"Happy Flower":34,"SacredBark":29,"Orichalcum":14,"PrismaticShard":34,"Smiling Mask":64,"Dream Catcher":8,"Centennial Puzzle":118,"Ornamental Fan":3,"Shuriken":56,"Orrery":118,"Philosopher\u0027s Stone":74,"Art of War":2,"Toxic Egg 2":22,"TungstenRod":130,"Toy Ornithopter":153,"Ring of the Snake":0}],"TungstenRod":25,"Toy Ornithopter":5,"Ring of the Snake":[58]},"card_choices":[{"not_picked":["Prepared","Acrobatics"],"picked":"Deadly Poison","floor":1},{"not_picked":["Sucker Punch","Deflect"],"picked":"Dagger Spray","floor":3},{"not_picked":["Underhanded Strike","Quick Slash"],"picked":"Deadly Poison","floor":6},{"not_picked":["Riddle With Holes","Finisher"],"picked":"Dagger Spray","floor":7},{"not_picked":["Phantasmal Killer","Deadly Poison"],"picked":"Poisoned Stab","floor":10},{"not_picked":["PiercingWail","Flying Knee"],"picked":"Blade Dance","floor":11},{"not_picked":["Poisoned Stab","Concentrate+1"],"picked":"Deflect+1","floor":12},{"not_picked":["Underhanded Strike","Poisoned Stab","Dagger Spray"],"picked":"SKIP","floor":13},{"not_picked":["Underhanded Strike","Poisoned Stab"],"picked":"Terror+1","floor":15},{"not_picked":["Malaise+1","Bullet Time+1"],"picked":"Adrenaline+1","floor":16},{"not_picked":["Dash","Dodge and Roll+1"],"picked":"PiercingWail+1","floor":18},{"not_picked":["PathToVictory+1","JustLucky"],"picked":"Undo+1","floor":22},{"not_picked":["Leg Sweep+1","Stack+1"],"picked":"Inflame+1","floor":23},{"not_picked":["Wild Strike","Deadly Poison+1"],"picked":"Night Terror+1","floor":25},{"not_picked":["Sucker Punch+1","Weave"],"picked":"Consecrate+1","floor":27},{"not_picked":["Outmaneuver+1","Pommel Strike"],"picked":"Cloak And Dagger+1","floor":28},{"not_picked":["Flex+1","Anger+1"],"picked":"EmptyMind+1","floor":29},{"not_picked":["EmptyBody+1","Bane","Poisoned Stab"],"picked":"SKIP","floor":30},{"not_picked":["Tools of the Trade","Redo+1"],"picked":"Finesse+1","floor":31},{"not_picked":["Fusion+1","FlyingSleeves+1"],"picked":"Burning Pact+1","floor":32},{"not_picked":["Biased Cognition","Meteor Strike"],"picked":"Feed","floor":33},{"not_picked":["BowlingBash+1","Cleave+1"],"picked":"Sentinel+1","floor":35},{"not_picked":["Blind+1","Backflip+1"],"picked":"Battle Trance+1","floor":37},{"not_picked":["Cold Snap+1","Evaluate+1","SignatureMove+1"],"picked":"SKIP","floor":38},{"not_picked":["Mind Blast","Dash+1"],"picked":"Offering+1","floor":39},{"not_picked":["Noxious Fumes","Stack+1"],"picked":"Deep Breath+1","floor":41},{"not_picked":["Go for the Eyes","True Grit+1","Deadly Poison+1"],"picked":"SKIP","floor":42},{"not_picked":["Twin Strike+1","Clothesline+1"],"picked":"Coolheaded+1","floor":45},{"not_picked":["Corpse Explosion+1","Redo+1"],"picked":"Disarm+1","floor":45},{"not_picked":["Swivel+1","Pommel Strike"],"picked":"Flame Barrier+1","floor":45},{"not_picked":["Nirvana+1","FlurryOfBlows+1","Heel Hook"],"picked":"SKIP","floor":47},{"not_picked":["FTL+1","Armaments+1"],"picked":"WaveOfTheHand+1","floor":48},{"not_picked":["Bouncing Flask+1","Bloodletting+1"],"picked":"Spot Weakness+1","floor":49},{"not_picked":["Ball Lightning+1","Carnage+1"],"picked":"Rebound+1","floor":52},{"not_picked":["BowlingBash","Genetic Algorithm+1","Loop"],"picked":"SKIP","floor":54}],"player_experience":341013,"relics_obtained":[{"floor":4,"key":"Art of War"},{"floor":6,"key":"Ornamental Fan"},{"floor":9,"key":"Dream Catcher"},{"floor":10,"key":"Orichalcum"},{"floor":12,"key":"Toxic Egg 2"},{"floor":26,"key":"Ice Cream"},{"floor":29,"key":"Shuriken"},{"floor":31,"key":"Smiling Mask"},{"floor":42,"key":"Centennial Puzzle"},{"floor":48,"key":"TungstenRod"},{"floor":54,"key":"Toy Ornithopter"}],"event_choices":[{"damage_healed":0,"gold_gain":100,"player_choice":"Pray","damage_taken":0,"max_hp_gain":0,"max_hp_loss":0,"event_name":"Golden Shrine","floor":5,"gold_loss":0},{"damage_healed":0,"gold_gain":0,"player_choice":"Success","damage_taken":7,"relics_obtained":["Regal Pillow"],"max_hp_gain":0,"max_hp_loss":0,"event_name":"Scrap Ooze","floor":14,"gold_loss":0},{"damage_healed":0,"gold_gain":0,"player_choice":"Shed Blood","damage_taken":18,"max_hp_gain":5,"max_hp_loss":0,"event_name":"Forgotten Altar","floor":19,"gold_loss":0},{"damage_healed":0,"gold_gain":0,"player_choice":"Read","damage_taken":0,"max_hp_gain":0,"max_hp_loss":0,"event_name":"The Library","floor":20,"gold_loss":0,"cards_obtained":["Footwork"]},{"cards_removed":["Strike_G"],"damage_healed":0,"gold_gain":0,"player_choice":"Offered Basic","damage_taken":0,"max_hp_gain":0,"max_hp_loss":0,"event_name":"Bonfire Elementals","floor":24,"gold_loss":0},{"damage_healed":0,"gold_gain":0,"player_choice":"Upgraded","damage_taken":0,"max_hp_gain":0,"max_hp_loss":0,"event_name":"Upgrade Shrine","floor":36,"gold_loss":0,"cards_upgraded":["Feed"]}],"is_beta":true,"boss_relics":[{"not_picked":["Ring of the Serpent","Runic Dome"],"picked":"SacredBark"},{"not_picked":["WristBlade","Busted Crown"],"picked":"Philosopher\u0027s Stone"}],"items_purged_floors":[21,45,53],"is_endless":false,"potions_floor_spawned":[6,7,16,25,27,33,38,47,48],"killed_by":"The Heart","ascension_level":10}}