{"host":"7jl348xfsxr8glry","time":1612151725,"event":{"mods":["AchievementEnabler","BaseMod","Colored Map","Minty Spire (QoL Compilation)","Random Character Button","Unceasing Turn Reminder"],"gold_per_floor":[110,126,126,141,159,159,170,203,230,230,195,195,253,7,7,7,7],"floor_reached":16,"language":"ENG","playtime":592,"items_purged":["Defend_R"],"score":115,"play_id":"34f93c09-4abb-4699-9865-c70666fd65be","local_time":"20210201145525","is_ascension_mode":true,"campfire_choices":[{"data":"Bash","floor":6,"key":"SMITH"},{"data":"Cleave","floor":12,"key":"SMITH"},{"floor":15,"key":"REST"}],"circlet_count":0,"master_deck":["Strike_R","Strike_R","Strike_R","Strike_R","Strike_R","Defend_R","Defend_R","Defend_R","Bash+1","Sentinel","Sentinel","Cleave+1","Thunderclap+1","True Grit","Shrug It Off","Cleave"],"relics":["Burning Blood","White Beast Statue","Nunchaku","Akabeko"],"acts_visited":["Exordium"],"potions_floor_usage":[7,8],"damage_taken":[{"damage":5,"enemies":"Small Slimes","floor":1,"turns":3},{"damage":9,"enemies":"Jaw Worm","floor":2,"turns":4},{"damage":1,"enemies":"Cultist","floor":4,"turns":4},{"damage":15,"enemies":"2 Fungi Beasts","floor":5,"turns":3},{"damage":12,"enemies":"Looter","floor":7,"turns":3},{"damage":24,"enemies":"3 Sentries","floor":8,"turns":5},{"damage":20,"enemies":"3 Sentries","floor":13,"turns":7},{"damage":91,"enemies":"Hexaghost","floor":16,"turns":11}],"seed_played":"3784899861437756241","potions_obtained":[{"floor":1,"key":"ElixirPotion"},{"floor":4,"key":"ColorlessPotion"},{"floor":7,"key":"BlessingOfTheForge"},{"floor":13,"key":"Swift Potion"}],"is_trial":false,"path_per_floor":["M","M","?","M","M","R","M","E","T","?","?","R","?","$","R","B"],"character_chosen":"IRONCLAD","items_purchased":["Akabeko","Cleave"],"campfire_rested":1,"item_purchase_floors":[14,14],"current_hp_per_floor":[88,85,85,88,79,79,73,55,55,55,77,77,63,63,88,0,0],"gold":7,"neow_bonus":"TEN_PERCENT_HP_BONUS","is_daily":false,"chose_seed":false,"campfire_upgraded":2,"win_rate":0.0,"timestamp":1612151725,"path_taken":["M","M","?","M","M","R","M","E","T","?","?","R","?","$","R","BOSS"],"items_purchased_type":["Relic","Card"],"build_version":"2020-12-22","purchased_purges":1,"victory":false,"max_hp_per_floor":[88,88,88,88,88,88,88,88,88,88,88,88,88,88,88,88,88],"card_choices":[{"not_picked":["Searing Blow","Battle Trance"],"picked":"Sentinel","floor":1},{"not_picked":["Body Slam","Hemokinesis","Warcry"],"picked":"SKIP","floor":2},{"not_picked":["Ghostly Armor","Disarm"],"picked":"Sentinel","floor":4},{"not_picked":["Metallicize","Blood for Blood"],"picked":"Cleave","floor":5},{"not_picked":["Anger","Carnage"],"picked":"Thunderclap","floor":7},{"not_picked":["Clothesline","Corruption"],"picked":"True Grit","floor":8},{"not_picked":["Havoc","Perfected Strike"],"picked":"Shrug It Off","floor":13}],"player_experience":184164,"relics_obtained":[{"floor":8,"key":"White Beast Statue"},{"floor":13,"key":"Nunchaku"}],"event_choices":[{"damage_healed":0,"gold_gain":0,"player_choice":"Ignored","damage_taken":0,"max_hp_gain":0,"max_hp_loss":0,"event_name":"Golden Wing","floor":3,"gold_loss":0},{"damage_healed":0,"gold_gain":0,"player_choice":"Grow","damage_taken":0,"max_hp_gain":0,"max_hp_loss":0,"event_name":"Living Wall","floor":10,"gold_loss":0,"cards_upgraded":["Thunderclap"]},{"damage_healed":22,"gold_gain":0,"player_choice":"Healed","damage_taken":0,"max_hp_gain":0,"max_hp_loss":0,"event_name":"The Cleric","floor":11,"gold_loss":35},{"damage_healed":0,"gold_gain":0,"player_choice":"Searched \u00272\u0027 times","damage_taken":0,"max_hp_gain":0,"max_hp_loss":0,"event_name":"Dead Adventurer","floor":13,"gold_loss":0}],"is_beta":false,"boss_relics":[],"items_purged_floors":[14],"is_endless":false,"potions_floor_spawned":[1,4,7,13],"killed_by":"Hexaghost","ascension_level":3}}