{"host":"q6ff4ns2kep02ti6","time":1612214393,"event":{"mods":["AchievementEnabler","BaseMod","Minty Spire (QoL Compilation)","Relic Stats","StSLib","Unceasing Turn Reminder"],"gold_per_floor":[115,132,132,149,160,160,193,206,258,16,16,50,50,50,50,152,152,182,107,107,99,99,99],"floor_reached":22,"language":"ENG","playtime":1344,"items_purged":["Strike_R"],"score":388,"play_id":"8340c057-5223-4e44-95fd-41826e06cd16","local_time":"20210201221953","is_ascension_mode":true,"campfire_choices":[{"data":"Clothesline","floor":6,"key":"SMITH"},{"data":"Shrug It Off","floor":11,"key":"SMITH"},{"data":"Demon Form","floor":13,"key":"SMITH"},{"data":"Bash","floor":15,"key":"SMITH"}],"circlet_count":0,"master_deck":["AscendersBane","Strike_R","Strike_R","Strike_R","Defend_R","Defend_R+1","Defend_R","Bash+1","Flex","Clothesline+1","Shrug It Off+1","Demon Form+1","Impervious+1","Headbutt","Immolate","True Grit+1","Warcry"],"relics":["Burning Blood","Bag of Marbles","Eternal Feather","CeramicFish","Happy Flower","War Paint","Golden Idol","Runic Pyramid"],"acts_visited":["Exordium","TheCity"],"potions_floor_usage":[7,12,18],"damage_taken":[{"damage":6,"enemies":"2 Louse","floor":1,"turns":4},{"damage":1,"enemies":"Cultist","floor":2,"turns":4},{"damage":0,"enemies":"Small Slimes","floor":4,"turns":3},{"damage":12,"enemies":"Blue Slaver","floor":5,"turns":4},{"damage":2,"enemies":"Lagavulin","floor":7,"turns":5},{"damage":25,"enemies":"Lots of Slimes","floor":8,"turns":5},{"damage":35,"enemies":"Gremlin Nob","floor":12,"turns":6},{"damage":20,"enemies":"Hexaghost","floor":16,"turns":9},{"damage":12,"enemies":"Spheric Guardian","floor":18,"turns":6},{"damage":16,"enemies":"2 Thieves","floor":21,"turns":4},{"damage":47,"enemies":"3 Cultists","floor":22,"turns":6}],"seed_played":"5941129432627621508","potions_obtained":[{"floor":2,"key":"SneckoOil"},{"floor":5,"key":"Energy Potion"},{"floor":16,"key":"SkillPotion"}],"is_trial":false,"path_per_floor":["M","M","?","M","M","R","E","M","T","$","R","E","R","?","R","B",null,"M","?","?","M","M"],"character_chosen":"IRONCLAD","items_purchased":["Happy Flower"],"campfire_rested":0,"item_purchase_floors":[10],"current_hp_per_floor":[68,73,55,61,55,55,59,40,40,40,46,17,26,26,35,21,56,50,50,50,40,0,0],"gold":99,"neow_bonus":"REMOVE_CARD","is_daily":false,"chose_seed":false,"campfire_upgraded":4,"win_rate":0.0,"timestamp":1612214393,"path_taken":["M","M","?","M","M","R","E","M","T","$","R","E","R","?","R","BOSS","M","?","?","M","M"],"items_purchased_type":["Relic"],"build_version":"2020-12-22","purchased_purges":1,"victory":false,"max_hp_per_floor":[75,75,75,75,75,75,75,75,75,75,75,75,75,68,68,68,68,68,68,68,68,68,68],"relic_stats":{"Happy Flower":[10],"counters":[11,56],"Golden Idol":28,"CeramicFish":36,"Eternal Feather":24,"War Paint":["Defend_R","Impervious"],"obtain_stats":[{"Happy Flower":10,"Golden Idol":14,"CeramicFish":9,"Eternal Feather":7,"Bag of Marbles":3,"War Paint":12,"Burning Blood":0,"Runic Pyramid":17},{"Happy Flower":6,"Golden Idol":7,"CeramicFish":6,"Eternal Feather":5,"Bag of Marbles":2,"War Paint":7,"Burning Blood":0,"Runic Pyramid":8},{"Happy Flower":25,"Golden Idol":31,"CeramicFish":25,"Eternal Feather":20,"Bag of Marbles":8,"War Paint":31,"Burning Blood":0,"Runic Pyramid":40}],"Burning Blood":60},"card_choices":[{"not_picked":["Warcry","Heavy Blade"],"picked":"Flex","floor":1},{"not_picked":["Warcry","Havoc"],"picked":"Clothesline","floor":2},{"not_picked":["Fire Breathing","Dropkick"],"picked":"Shrug It Off","floor":4},{"not_picked":["Shrug It Off","Second Wind"],"picked":"Demon Form","floor":5},{"not_picked":["True Grit","Armaments"],"picked":"Impervious","floor":7},{"not_picked":["Clothesline","Clash","Sentinel"],"picked":"SKIP","floor":8},{"not_picked":["Double Tap","Warcry"],"picked":"Headbutt","floor":12},{"not_picked":["Demon Form","Berserk"],"picked":"Immolate","floor":16},{"not_picked":["Headbutt","Flex+1"],"picked":"True Grit","floor":18},{"not_picked":["Clothesline","Wild Strike"],"picked":"Warcry","floor":21}],"player_experience":1037231,"relics_obtained":[{"floor":7,"key":"Eternal Feather"},{"floor":9,"key":"CeramicFish"},{"floor":12,"key":"War Paint"}],"event_choices":[{"damage_healed":0,"gold_gain":0,"player_choice":"Success","damage_taken":18,"relics_obtained":["Bag of Marbles"],"max_hp_gain":0,"max_hp_loss":0,"event_name":"Scrap Ooze","floor":3,"gold_loss":0},{"damage_healed":0,"gold_gain":0,"player_choice":"Lose Max HP","damage_taken":0,"relics_obtained":["Golden Idol"],"max_hp_gain":0,"max_hp_loss":7,"event_name":"Golden Idol","floor":14,"gold_loss":0},{"cards_removed":["Strike_R"],"damage_healed":0,"gold_gain":0,"player_choice":"Gave Gold","damage_taken":0,"max_hp_gain":0,"max_hp_loss":0,"event_name":"Beggar","floor":19,"gold_loss":75},{"damage_healed":0,"gold_gain":0,"player_choice":"Forge","damage_taken":0,"max_hp_gain":0,"max_hp_loss":0,"event_name":"Accursed Blacksmith","floor":20,"gold_loss":0,"cards_upgraded":["True Grit"]}],"is_beta":false,"boss_relics":[{"not_picked":["Runic Dome","Calling Bell"],"picked":"Runic Pyramid"}],"items_purged_floors":[10],"is_endless":false,"potions_floor_spawned":[2,5,16],"killed_by":"3 Cultists","ascension_level":20}}