{"host":"p7j7o00jacnw7qzt","time":1612154744,"event":{"mods":["BaseMod","Colored Map","Colored Powertips","DeckTracker","Highlight Path","Minty Spire (QoL Compilation)","Relic Stats"],"gold_per_floor":[119,119,119,132,142,169,169,200,200,220,220,88,116,146,146,224,224,240,290,290,190,208,208,237,237,237,270,284,284,294,4,4,82,82,102,102,102,117,172,201,212,212,212,247,247,247,247,257,257,257,257,257,257,80,106,106],"floor_reached":57,"language":"ZHS","playtime":3402,"items_purged":["Dagger Spray","Backflip","Neutralize"],"score":3453,"play_id":"662e488e-daee-47a2-adde-621d118d6b78","local_time":"20210131234544","is_ascension_mode":true,"campfire_choices":[{"data":"Reflex","floor":7.0,"key":"SMITH"},{"floor":15.0,"key":"REST"},{"data":"Tactician","floor":23.0,"key":"SMITH"},{"data":"Acrobatics","floor":25.0,"key":"SMITH"},{"floor":32.0,"key":"RECALL"},{"data":"Prepared","floor":42.0,"key":"SMITH"},{"floor":45.0,"key":"DIG"},{"floor":49.0,"key":"DIG"},{"floor":53,"key":"DIG"}],"circlet_count":0,"master_deck":["AscendersBane","Survivor","Footwork","Doppelganger","Underhanded Strike","Crippling Poison","Escape Plan","Reflex+1","Prepared+1","Terror","Acrobatics+1","Tactician+1","Die Die Die","Adrenaline","After Image","Secret Technique","Grand Finale"],"relics":["Pandora\u0027s Box","Kunai","Bottled Lightning","Mercury Hourglass","Odd Mushroom","Empty Cage","Nilry\u0027s Codex","Oddly Smooth Stone","InkBottle","Ginger","Medical Kit","Coffee Dripper","Gambling Chip","Shovel","Regal Pillow","Omamori","CaptainsWheel","Pantograph","Eternal Feather"],"acts_visited":["Exordium","TheCity","TheBeyond","TheEnding"],"potions_floor_usage":[],"damage_taken":[{"damage":0.0,"enemies":"Small Slimes","floor":1.0,"turns":3.0},{"damage":0.0,"enemies":"Cultist","floor":4.0,"turns":3.0},{"damage":2.0,"enemies":"Jaw Worm","floor":5.0,"turns":4.0},{"damage":48.0,"enemies":"Gremlin Nob","floor":6.0,"turns":6.0},{"damage":13.0,"enemies":"3 Sentries","floor":8.0,"turns":6.0},{"damage":5.0,"enemies":"2 Fungi Beasts","floor":10.0,"turns":3.0},{"damage":0.0,"enemies":"Gremlin Nob","floor":13.0,"turns":3.0},{"damage":0.0,"enemies":"The Mushroom Lair","floor":14.0,"turns":3.0},{"damage":0.0,"enemies":"Hexaghost","floor":16.0,"turns":8.0},{"damage":0.0,"enemies":"Shell Parasite","floor":18.0,"turns":2.0},{"damage":0.0,"enemies":"3 Byrds","floor":22.0,"turns":2.0},{"damage":14.0,"enemies":"Book of Stabbing","floor":24.0,"turns":3.0},{"damage":0.0,"enemies":"Slavers","floor":27.0,"turns":1.0},{"damage":0.0,"enemies":"3 Cultists","floor":28.0,"turns":1.0},{"damage":0.0,"enemies":"Centurion and Healer","floor":30.0,"turns":1.0},{"damage":0.0,"enemies":"Automaton","floor":33.0,"turns":1.0},{"damage":0.0,"enemies":"3 Darklings","floor":35.0,"turns":2.0},{"damage":0.0,"enemies":"Orb Walker","floor":38.0,"turns":1.0},{"damage":0.0,"enemies":"Nemesis","floor":40.0,"turns":3.0},{"damage":0.0,"enemies":"3 Darklings","floor":41.0,"turns":1.0},{"damage":0.0,"enemies":"Reptomancer","floor":44.0,"turns":1.0},{"damage":0.0,"enemies":"Sphere and 2 Shapes","floor":48.0,"turns":1.0},{"damage":0.0,"enemies":"Awakened One","floor":50.0,"turns":3.0},{"damage":0.0,"enemies":"Donu and Deca","floor":51.0,"turns":1.0},{"damage":0,"enemies":"Shield and Spear","floor":55,"turns":1},{"damage":67,"enemies":"The Heart","floor":56,"turns":4}],"seed_played":"8845612450722314293","potions_obtained":[{"floor":5.0,"key":"Regen Potion"},{"floor":6.0,"key":"Explosive Potion"},{"floor":8.0,"key":"Energy Potion"},{"floor":13.0,"key":"CunningPotion"},{"floor":24.0,"key":"Fruit Juice"},{"floor":27.0,"key":"Fire Potion"},{"floor":33.0,"key":"Weak Potion"},{"floor":38.0,"key":"EntropicBrew"},{"floor":40.0,"key":"FairyPotion"}],"is_trial":false,"path_per_floor":["M","?","?","M","M","E","R","E","T","M","?","$","E","?","R","B",null,"M","?","?","$","M","R","E","R","T","E","M","?","M","$","R","B",null,"M","?","?","M","T","E","M","R","T","E","R","$","?","M","R","B","B",null,"R","$","E","B",null],"character_chosen":"THE_SILENT","items_purchased":["SteroidPotion","Medical Kit","Grand Finale"],"campfire_rested":1,"item_purchase_floors":[12,31,54],"current_hp_per_floor":[59,64,64,64,62,14,14,16,16,11,4,4,4,4,25,25,60,60,60,39,39,39,39,25,25,25,30,30,45,45,45,45,45,68,68,68,68,68,68,68,68,68,68,68,68,68,58,58,58,58,58,69,69,69,69,5],"gold":106,"neow_bonus":"BOSS_RELIC","is_daily":false,"chose_seed":false,"campfire_upgraded":4,"win_rate":0.0,"timestamp":1612154744,"path_taken":["M","?","?","M","M","E","R","E","T","?","?","$","E","?","R","BOSS","M","?","?","?","M","R","E","R","T","E","M","?","M","$","R","BOSS","M","?","?","M","?","E","M","R","T","E","R","?","?","M","R","BOSS","BOSS","R","$","E","BOSS"],"items_purchased_type":["Potion","Relic","Card"],"build_version":"2020-12-22","purchased_purges":3,"victory":true,"max_hp_per_floor":[66,71,71,71,71,71,71,71,71,71,71,71,71,71,71,71,71,71,71,71,71,71,71,71,71,71,76,76,76,76,76,76,76,76,76,72,72,72,72,72,72,72,72,72,72,72,72,72,72,72,72,72,72,72,72,72],"relic_stats":{"Regal Pillow":0,"counters":[26,68],"Eternal Feather":0,"Ginger":[2],"Medical Kit":[9],"Mercury Hourglass":[197],"Shovel":3,"Gambling Chip":[19],"Pantograph":3,"Pandora\u0027s Box":["Footwork","Quick Slash","Dagger Spray","Doppelganger","Underhanded Strike","Crippling Poison","Dash","Backflip","Escape Plan","Reflex"],"Kunai":[77],"obtain_stats":[{"Regal Pillow":44,"Nilry\u0027s Codex":20,"Oddly Smooth Stone":24,"Eternal Feather":55,"Omamori":45,"Ginger":27,"Odd Mushroom":14,"Empty Cage":17,"Medical Kit":31,"Mercury Hourglass":13,"CaptainsWheel":49,"Shovel":43,"Gambling Chip":40,"Pantograph":53,"Pandora\u0027s Box":0,"Coffee Dripper":34,"Kunai":6,"Bottled Lightning":9,"InkBottle":26,"Ring of the Snake":0},{"Regal Pillow":21,"Nilry\u0027s Codex":10,"Oddly Smooth Stone":12,"Eternal Feather":25,"Omamori":21,"Ginger":13,"Odd Mushroom":8,"Empty Cage":9,"Medical Kit":15,"Mercury Hourglass":7,"CaptainsWheel":22,"Shovel":20,"Gambling Chip":19,"Pantograph":24,"Pandora\u0027s Box":0,"Coffee Dripper":16,"Kunai":4,"Bottled Lightning":5,"InkBottle":12,"Ring of the Snake":0},{"Regal Pillow":58,"Nilry\u0027s Codex":41,"Oddly Smooth Stone":46,"Eternal Feather":64,"Omamori":58,"Ginger":47,"Odd Mushroom":31,"Empty Cage":39,"Medical Kit":49,"Mercury Hourglass":28,"CaptainsWheel":59,"Shovel":57,"Gambling Chip":56,"Pantograph":63,"Pandora\u0027s Box":0,"Coffee Dripper":50,"Kunai":16,"Bottled Lightning":22,"InkBottle":46,"Ring of the Snake":0}],"InkBottle":[35]},"card_choices":[{"not_picked":["Flying Knee","Sucker Punch","Deadly Poison"],"picked":"SKIP","floor":1.0},{"not_picked":["Quick Slash","Masterful Stab"],"picked":"Prepared","floor":4.0},{"not_picked":["Deadly Poison","Calculated Gamble"],"picked":"Terror","floor":5.0},{"not_picked":["Backstab","Eviscerate"],"picked":"Acrobatics","floor":6.0},{"not_picked":["Malaise","Dagger Throw"],"picked":"Tactician","floor":8.0},{"not_picked":["Accuracy","Heel Hook","Blur"],"picked":"SKIP","floor":10.0},{"not_picked":["Poisoned Stab","Quick Slash","Prepared"],"picked":"SKIP","floor":13.0},{"not_picked":["Flying Knee","Deflect"],"picked":"Die Die Die","floor":14.0},{"not_picked":["Bullet Time","Tools of the Trade"],"picked":"Adrenaline","floor":16.0},{"not_picked":["Underhanded Strike","Blade Dance","Flechettes"],"picked":"SKIP","floor":18.0},{"not_picked":["All Out Attack","Outmaneuver","Dagger Spray"],"picked":"SKIP","floor":22.0},{"not_picked":["Prepared","Expertise","Choke"],"picked":"SKIP","floor":24.0},{"not_picked":["Eviscerate","All Out Attack","Prepared"],"picked":"SKIP","floor":27.0},{"not_picked":["Quick Slash","Dagger Throw","Leg Sweep"],"picked":"SKIP","floor":28.0},{"not_picked":["Sucker Punch","Blur","Bouncing Flask"],"picked":"SKIP","floor":30.0},{"not_picked":["Storm of Steel","Malaise"],"picked":"After Image","floor":33.0},{"not_picked":["Poisoned Stab","Eviscerate","Deflect"],"picked":"SKIP","floor":35.0},{"not_picked":["PiercingWail+1","Leg Sweep","Bane"],"picked":"SKIP","floor":38.0},{"not_picked":["Masterful Stab+1","Dagger Spray+1","Dagger Throw"],"picked":"SKIP","floor":40.0},{"not_picked":["Masterful Stab+1","Dagger Spray+1","Dagger Throw"],"picked":"SKIP","floor":40.0},{"not_picked":["Well Laid Plans","Distraction","Flying Knee+1"],"picked":"SKIP","floor":41.0},{"not_picked":["Skewer","Accuracy","Prepared"],"picked":"SKIP","floor":44.0},{"not_picked":["Dark Shackles","Purity"],"picked":"Secret Technique","floor":47.0},{"not_picked":["Terror","Masterful Stab+1","Quick Slash+1"],"picked":"SKIP","floor":48.0},{"not_picked":["Quick Slash+1","Well Laid Plans","Wraith Form v2"],"picked":"SKIP","floor":55}],"player_experience":1063539,"relics_obtained":[{"floor":6.0,"key":"Kunai"},{"floor":9.0,"key":"Bottled Lightning"},{"floor":13.0,"key":"Mercury Hourglass"},{"floor":14.0,"key":"Odd Mushroom"},{"floor":20.0,"key":"Nilry\u0027s Codex"},{"floor":24.0,"key":"Oddly Smooth Stone"},{"floor":26.0,"key":"InkBottle"},{"floor":27.0,"key":"Ginger"},{"floor":40.0,"key":"Gambling Chip"},{"floor":43.0,"key":"Shovel"},{"floor":44.0,"key":"Regal Pillow"},{"floor":45.0,"key":"Omamori"},{"floor":49.0,"key":"CaptainsWheel"},{"floor":53,"key":"Pantograph"},{"floor":55,"key":"Eternal Feather"}],"event_choices":[{"damage_healed":0.0,"max_hp_gain":5.0,"max_hp_loss":0.0,"gold_gain":0.0,"event_name":"Big Fish","player_choice":"Donut","floor":2.0,"gold_loss":0.0,"damage_taken":0.0},{"damage_healed":0.0,"max_hp_gain":0.0,"max_hp_loss":0.0,"gold_gain":0.0,"event_name":"Wheel of Change","player_choice":"Cursed","floor":3.0,"gold_loss":0.0,"damage_taken":0.0,"cards_obtained":["Decay"]},{"cards_removed":["Decay"],"damage_healed":0.0,"max_hp_gain":0.0,"max_hp_loss":0.0,"gold_gain":0.0,"event_name":"Golden Wing","player_choice":"Card Removal","floor":11.0,"gold_loss":0.0,"damage_taken":7.0},{"damage_healed":0.0,"max_hp_gain":0.0,"max_hp_loss":0.0,"gold_gain":0.0,"event_name":"Mushrooms","player_choice":"Fought Mushrooms","floor":14.0,"gold_loss":0.0,"damage_taken":0.0},{"damage_healed":0.0,"max_hp_gain":0.0,"max_hp_loss":0.0,"gold_gain":50.0,"event_name":"Nest","player_choice":"Stole From Cult","floor":19.0,"gold_loss":0.0,"damage_taken":0.0},{"damage_healed":0.0,"max_hp_gain":0.0,"max_hp_loss":0.0,"gold_gain":0.0,"event_name":"Cursed Tome","player_choice":"Obtained Book","floor":20.0,"gold_loss":0.0,"damage_taken":21.0},{"damage_healed":15.0,"max_hp_gain":0.0,"max_hp_loss":0.0,"gold_gain":0.0,"event_name":"The Library","player_choice":"Heal","floor":29.0,"gold_loss":0.0,"damage_taken":0.0},{"damage_healed":0.0,"max_hp_gain":0.0,"max_hp_loss":4.0,"gold_gain":0.0,"event_name":"Winding Halls","player_choice":"Max HP","floor":36.0,"gold_loss":0.0,"damage_taken":0.0},{"damage_healed":0.0,"max_hp_gain":0.0,"max_hp_loss":0.0,"gold_gain":0.0,"event_name":"Tomb of Lord Red Mask","player_choice":"Ignored","floor":37.0,"gold_loss":0.0,"damage_taken":0.0},{"damage_healed":0.0,"max_hp_gain":0.0,"max_hp_loss":0.0,"gold_gain":0.0,"event_name":"SensoryStone","player_choice":"Memory 3","floor":47.0,"gold_loss":0.0,"damage_taken":10.0}],"is_beta":false,"boss_relics":[{"not_picked":["Cursed Key","Fusion Hammer"],"picked":"Empty Cage"},{"not_picked":["Velvet Choker","Philosopher\u0027s Stone"],"picked":"Coffee Dripper"}],"items_purged_floors":[12,21,31],"is_endless":false,"potions_floor_spawned":[5,6,8,13,24,27,30,33,38,40],"ascension_level":20}}