{"host":"8is2j71l4wmybkoi","time":1612173180,"event":{"mods":["AchievementEnabler","BaseMod","Colored Map","Minty Spire (QoL Compilation)","Rare Cards Sparkle","StSLib","SuperFastMode"],"gold_per_floor":[18,18,33,45,56,85,85,103,149,167,167,22,97,114,114,185,185,202,222,237,237,237],"floor_reached":21,"language":"KOR","playtime":2669,"items_purged":["Strike_R"],"score":324,"play_id":"f218ee14-a81b-484b-9d48-d396b3953b90","local_time":"20210201185300","is_ascension_mode":true,"campfire_choices":[{"data":"Uppercut","floor":7,"key":"SMITH"},{"data":"True Grit","floor":11,"key":"SMITH"},{"data":"Evolve","floor":15,"key":"SMITH"}],"circlet_count":0,"master_deck":["AscendersBane","Strike_R","Defend_R","Defend_R","Defend_R","Defend_R","Bash","True Grit+1","Evolve+1","Pummel","Clash","Second Wind","Sentinel","Shrug It Off","Uppercut+1","Wild Strike","Immolate","Carnage","Seeing Red","Demon Form","Shrug It Off","Reckless Charge"],"relics":["Burning Blood","Eternal Feather","Dream Catcher","SlaversCollar"],"acts_visited":["Exordium","TheCity"],"potions_floor_usage":[8,16,20],"damage_taken":[{"damage":2,"enemies":"2 Louse","floor":1,"turns":3},{"damage":12,"enemies":"Cultist","floor":3,"turns":6},{"damage":4,"enemies":"Small Slimes","floor":4,"turns":5},{"damage":1,"enemies":"Blue Slaver","floor":5,"turns":3},{"damage":60,"enemies":"Lagavulin","floor":6,"turns":11},{"damage":15,"enemies":"Exordium Thugs","floor":8,"turns":6},{"damage":14,"enemies":"Gremlin Gang","floor":10,"turns":8},{"damage":0,"enemies":"Large Slime","floor":14,"turns":4},{"damage":49,"enemies":"Hexaghost","floor":16,"turns":11},{"damage":12,"enemies":"Chosen","floor":18,"turns":5},{"damage":25,"enemies":"Spheric Guardian","floor":19,"turns":5},{"damage":22,"enemies":"Chosen and Byrds","floor":20,"turns":7},{"damage":0,"enemies":"Snake Plant","floor":21,"turns":1}],"seed_played":"-2339158651103937262","potions_obtained":[{"floor":4,"key":"FairyPotion"},{"floor":6,"key":"Strength Potion"},{"floor":10,"key":"Dexterity Potion"},{"floor":16,"key":"EssenceOfSteel"},{"floor":19,"key":"Dexterity Potion"},{"floor":20,"key":"LiquidMemories"}],"is_trial":false,"path_per_floor":["M","?","M","M","M","E","R","M","T","M","R","$","?","M","R","B",null,"M","M","M","M"],"character_chosen":"IRONCLAD","items_purchased":["Carnage"],"campfire_rested":0,"item_purchase_floors":[12],"current_hp_per_floor":[72,72,66,68,73,19,28,19,19,11,20,20,9,15,24,10,59,53,34,18,18,18],"gold":237,"neow_bonus":"TRANSFORM_TWO_CARDS","is_daily":false,"chose_seed":false,"campfire_upgraded":3,"win_rate":0.0,"timestamp":1612173180,"path_taken":["M","?","?","M","M","E","R","M","T","M","R","?","?","M","R","BOSS","M","M","M","M"],"items_purchased_type":["Card"],"build_version":"2020-12-22","purchased_purges":1,"victory":false,"max_hp_per_floor":[75,75,75,75,75,75,75,75,75,75,75,75,75,75,75,75,75,75,75,75,75,75],"card_choices":[{"not_picked":["Havoc","Clash"],"picked":"Pummel","floor":1},{"not_picked":["Heavy Blade","Cleave"],"picked":"Second Wind","floor":3},{"not_picked":["Dual Wield","Dark Embrace"],"picked":"Sentinel","floor":4},{"not_picked":["Warcry","Dual Wield"],"picked":"Shrug It Off","floor":5},{"not_picked":["Clothesline","Sword Boomerang"],"picked":"Uppercut","floor":6},{"not_picked":["Havoc","Pommel Strike"],"picked":"Wild Strike","floor":8},{"not_picked":["Sentinel","Iron Wave"],"picked":"Immolate","floor":10},{"not_picked":["Headbutt","Sever Soul"],"picked":"Seeing Red","floor":14},{"not_picked":["Berserk","Reaper"],"picked":"Demon Form","floor":16},{"not_picked":["Headbutt","Evolve"],"picked":"Shrug It Off","floor":18},{"not_picked":["Headbutt","Carnage","Heavy Blade"],"picked":"SKIP","floor":19},{"not_picked":["Armaments","Shrug It Off"],"picked":"Reckless Charge","floor":20}],"player_experience":905633,"relics_obtained":[{"floor":6,"key":"Eternal Feather"},{"floor":9,"key":"Dream Catcher"}],"event_choices":[{"damage_healed":0,"gold_gain":0,"cards_transformed":["Strike_R"],"player_choice":"Transformed","damage_taken":0,"max_hp_gain":0,"max_hp_loss":0,"event_name":"Transmorgrifier","floor":2,"gold_loss":0,"cards_obtained":["Clash"]},{"damage_healed":0,"gold_gain":75,"player_choice":"Gather Gold","damage_taken":11,"max_hp_gain":0,"max_hp_loss":0,"event_name":"World of Goop","floor":13,"gold_loss":0}],"is_beta":false,"boss_relics":[{"not_picked":["Astrolabe","Pandora\u0027s Box"],"picked":"SlaversCollar"}],"items_purged_floors":[12],"is_endless":false,"potions_floor_spawned":[4,6,10,14,16,19,20],"killed_by":"Snake Plant","ascension_level":15}}