{"host":"yqw1zpryoutrnocq","time":1612212110,"event":{"mods":["2.2 Compatiblity","AchievementEnabler","BaseMod","Colored Map","Custom Start","DeckTracker","Minty Spire (QoL Compilation)","StSLib","SuperFastMode"],"gold_per_floor":[110,127,5,21,34,34,67,86,112,112,130,130,130,150,150,249,249,260,278,292,5,5,5,19,19,45,45,61,61,61,95,95,95,95,114,114,114,21,0,32,32,62,86,86,103,117,117,147,147,147,147],"floor_reached":50,"language":"KOR","playtime":1164,"items_purged":["Strike_B","Strike_B"],"score":655,"play_id":"92113f89-be44-4611-b7d5-ca056459dc67","local_time":"20210201144150","is_ascension_mode":true,"campfire_choices":[{"data":"Zap","floor":6.0,"key":"SMITH"},{"floor":10.0,"key":"REST"},{"data":"Dualcast","floor":13.0,"key":"SMITH"},{"data":"Beam Cell","floor":15.0,"key":"SMITH"},{"data":"Redo","floor":23.0,"key":"SMITH"},{"data":"Redo","floor":25.0,"key":"SMITH"},{"data":"Chill","floor":27.0,"key":"SMITH"},{"floor":29.0,"key":"REST"},{"floor":32.0,"key":"RECALL"},{"data":"All For One","floor":41.0,"key":"SMITH"},{"floor":47.0,"key":"REST"},{"floor":49,"key":"REST"}],"circlet_count":0,"master_deck":["Defend_B","Defend_B","Zap+1","Dualcast+1","All For One+1","Beam Cell+1","Cold Snap","Rip and Tear+1","Gash+1","Sweeping Beam+1","All For One+1","Redo+1","Redo+1","Chill+1","Gash+1","Gash+1","Beam Cell+1","Core Surge+1","Core Surge+1","Force Field+1","Darkness+1","Beam Cell+1","Swift Strike+1","Swift Strike+1","Beam Cell+1","BootSequence+1","Steam+1","Gash+1","Leap+1"],"relics":["Cracked Core","Molten Egg 2","Vajra","Runic Pyramid","Oddly Smooth Stone","MutagenicStrength","Toy Ornithopter","Astrolabe","Red Mask","MealTicket","StrikeDummy","Boot","Prayer Wheel"],"acts_visited":["Exordium","TheCity","TheBeyond"],"potions_floor_usage":[50],"damage_taken":[{"damage":11.0,"enemies":"2 Louse","floor":1.0,"turns":3.0},{"damage":6.0,"enemies":"Cultist","floor":2.0,"turns":4.0},{"damage":12.0,"enemies":"Small Slimes","floor":4.0,"turns":2.0},{"damage":15.0,"enemies":"3 Louse","floor":5.0,"turns":4.0},{"damage":12.0,"enemies":"Lagavulin","floor":7.0,"turns":5.0},{"damage":1.0,"enemies":"Blue Slaver","floor":8.0,"turns":3.0},{"damage":0.0,"enemies":"Gremlin Gang","floor":11.0,"turns":2.0},{"damage":0.0,"enemies":"Large Slime","floor":14.0,"turns":3.0},{"damage":27.0,"enemies":"Hexaghost","floor":16.0,"turns":5.0},{"damage":16.0,"enemies":"3 Byrds","floor":18.0,"turns":3.0},{"damage":0.0,"enemies":"Spheric Guardian","floor":19.0,"turns":2.0},{"damage":12.0,"enemies":"Cultist and Chosen","floor":20.0,"turns":3.0},{"damage":12.0,"enemies":"Chosen and Byrds","floor":24.0,"turns":3.0},{"damage":7.0,"enemies":"Centurion and Healer","floor":28.0,"turns":3.0},{"damage":21.0,"enemies":"Book of Stabbing","floor":31.0,"turns":3.0},{"damage":7.0,"enemies":"Champ","floor":33.0,"turns":5.0},{"damage":20.0,"enemies":"3 Darklings","floor":35.0,"turns":4.0},{"damage":5.0,"enemies":"Giant Head","floor":40.0,"turns":4.0},{"damage":38.0,"enemies":"Reptomancer","floor":42.0,"turns":5.0},{"damage":1.0,"enemies":"3 Shapes","floor":45.0,"turns":3.0},{"damage":4.0,"enemies":"3 Darklings","floor":46.0,"turns":4.0},{"damage":36,"enemies":"Nemesis","floor":48,"turns":5},{"damage":49,"enemies":"Donu and Deca","floor":50,"turns":6}],"seed_played":"-2522710441571259515","potions_obtained":[{"floor":1.0,"key":"PowerPotion"},{"floor":5.0,"key":"Fire Potion"},{"floor":8.0,"key":"Fire Potion"},{"floor":14.0,"key":"CultistPotion"},{"floor":16.0,"key":"Regen Potion"},{"floor":18.0,"key":"DuplicationPotion"},{"floor":24.0,"key":"Fire Potion"},{"floor":31.0,"key":"LiquidMemories"},{"floor":35.0,"key":"PowerPotion"},{"floor":42.0,"key":"FearPotion"}],"is_trial":false,"path_per_floor":["M","M","$","M","M","R","E","M","T","R","M","?","R","M","R","B",null,"M","M","M","$","?","R","M","R","T","R","M","R","?","E","R","B",null,"M","?","?","$","?","E","R","E","T","$","M","M","R","E","R","B"],"character_chosen":"DEFECT","items_purchased":["Beam Cell","Chill","Oddly Smooth Stone","Swift Strike+1"],"campfire_rested":4,"item_purchase_floors":[3,21,21,38],"current_hp_per_floor":[64,58,58,46,31,31,19,18,18,40,40,40,40,40,40,13,75,59,59,47,47,47,47,35,35,35,35,37,59,59,38,38,41,75,55,55,55,55,55,55,55,17,17,32,31,27,48,12,33,0,0],"gold":147,"neow_bonus":"ONE_RANDOM_RARE_CARD","is_daily":false,"chose_seed":false,"campfire_upgraded":7,"win_rate":0.0,"timestamp":1612212110,"path_taken":["M","M","$","M","M","R","E","M","T","R","M","?","R","M","R","BOSS","M","M","M","$","?","R","M","R","T","R","M","R","?","E","R","BOSS","M","?","?","$","?","E","R","E","T","?","?","M","R","E","R","BOSS"],"items_purchased_type":["Card","Card","Relic","Card"],"build_version":"2020-12-22","purchased_purges":2,"victory":false,"max_hp_per_floor":[75,75,75,75,75,75,75,75,75,75,75,75,75,75,75,75,75,75,75,75,75,75,75,75,75,75,75,75,75,75,75,75,75,75,75,71,71,71,71,71,71,71,71,71,71,71,71,71,71,71,71],"card_choices":[{"not_picked":["Loop","Aggregate","Barrage"],"picked":"SKIP","floor":1.0},{"not_picked":["Stack","Leap","Sweeping Beam"],"picked":"SKIP","floor":2.0},{"not_picked":["Streamline","Conserve Battery"],"picked":"Cold Snap","floor":4.0},{"not_picked":["Storm","Creative AI","Steam Power"],"picked":"SKIP","floor":5.0},{"not_picked":["Barrage+1","Stack"],"picked":"Rip and Tear+1","floor":7.0},{"not_picked":["Ball Lightning+1","Stack"],"picked":"Gash+1","floor":8.0},{"not_picked":["Fusion","Hologram"],"picked":"Sweeping Beam+1","floor":11.0},{"not_picked":["Reinforced Body","Auto Shields","Barrage+1"],"picked":"SKIP","floor":14.0},{"not_picked":["Amplify","Seek"],"picked":"All For One+1","floor":16.0},{"not_picked":["Sunder+1","Hello World"],"picked":"Redo","floor":18.0},{"not_picked":["Aggregate","Conserve Battery"],"picked":"Redo","floor":19.0},{"not_picked":["Barrage+1","Force Field+1","Multi-Cast"],"picked":"SKIP","floor":20.0},{"not_picked":["Reprogram","Stack"],"picked":"Gash+1","floor":24.0},{"not_picked":["Conserve Battery+1","Hello World","Sweeping Beam+1"],"picked":"SKIP","floor":28.0},{"not_picked":["Doom and Gloom+1","Hello World+1"],"picked":"Beam Cell+1","floor":31.0},{"not_picked":["Machine Learning","Hyperbeam+1"],"picked":"Core Surge+1","floor":33.0},{"not_picked":["Rebound+1","Auto Shields+1"],"picked":"Beam Cell+1","floor":35.0},{"not_picked":["HandOfGreed+1","Enlightenment"],"picked":"Swift Strike+1","floor":37.0},{"not_picked":["Storm+1","Compile Driver+1"],"picked":"Beam Cell+1","floor":40.0},{"not_picked":["Undo+1","Leap+1"],"picked":"BootSequence+1","floor":42.0},{"not_picked":["Coolheaded+1","Fusion+1"],"picked":"Steam+1","floor":45.0},{"not_picked":["Darkness","Go for the Eyes+1"],"picked":"Gash+1","floor":46.0},{"not_picked":["Force Field","Go for the Eyes+1"],"picked":"Leap+1","floor":48}],"player_experience":256165,"relics_obtained":[{"floor":7.0,"key":"Molten Egg 2"},{"floor":9.0,"key":"Vajra"},{"floor":31.0,"key":"Toy Ornithopter"},{"floor":40.0,"key":"MealTicket"},{"floor":42.0,"key":"StrikeDummy"},{"floor":43.0,"key":"Boot"},{"floor":48,"key":"Prayer Wheel"}],"event_choices":[{"cards_removed":["Strike_B"],"damage_healed":0.0,"max_hp_gain":0.0,"max_hp_loss":0.0,"gold_gain":0.0,"event_name":"Bonfire Elementals","player_choice":"Offered Basic","floor":12.0,"gold_loss":0.0,"damage_taken":0.0},{"damage_healed":0.0,"max_hp_gain":0.0,"max_hp_loss":0.0,"gold_gain":0.0,"event_name":"Drug Dealer","player_choice":"Inject Mutagens","floor":22.0,"gold_loss":0.0,"damage_taken":0.0,"relics_obtained":["MutagenicStrength"]},{"damage_healed":0.0,"max_hp_gain":0.0,"max_hp_loss":0.0,"gold_gain":0.0,"event_name":"The Library","player_choice":"Read","floor":30.0,"gold_loss":0.0,"damage_taken":0.0,"cards_obtained":["Gash"]},{"damage_healed":0.0,"max_hp_gain":0.0,"max_hp_loss":4.0,"gold_gain":0.0,"event_name":"Winding Halls","player_choice":"Max HP","floor":36.0,"gold_loss":0.0,"damage_taken":0.0},{"damage_healed":0.0,"max_hp_gain":0.0,"max_hp_loss":0.0,"gold_gain":0.0,"event_name":"SensoryStone","player_choice":"Memory 1","floor":37.0,"gold_loss":0.0,"damage_taken":0.0},{"damage_healed":0.0,"max_hp_gain":0.0,"max_hp_loss":0.0,"gold_gain":0.0,"event_name":"Tomb of Lord Red Mask","player_choice":"Paid","floor":39.0,"gold_loss":21.0,"damage_taken":0.0,"relics_obtained":["Red Mask"]}],"is_beta":false,"boss_relics":[{"not_picked":["Runic Dome","FrozenCore"],"picked":"Runic Pyramid"},{"not_picked":["Snecko Eye","Nuclear Battery"],"picked":"Astrolabe"}],"items_purged_floors":[3,21],"is_endless":false,"potions_floor_spawned":[1,5,8,14,16,18,24,31,35,42],"killed_by":"Donu and Deca","ascension_level":2}}