{"host":"jpcy2bclvs7juczu","time":1612138697,"event":{"mods":["Alarm Clock","BaseMod","Bestiary","Block Reminder","Colored Map","Colored Powertips","Curses Come First","Dark Map","Filter the Spire","Minty Spire (QoL Compilation)","Quick Restart","RNG Fix","Random Character Button","Relic Stats","Slay the Relics Exporter","Smile Girya","StSLib","everything is the same but u backflip on backflip","ojb\u0027s Better Paths Mod","ojb\u0027s Info Mod","slay the spire mod where everything is the same but ironclad has a cowboy hat"],"gold_per_floor":[219,294,313,212,212,212,230,262,262,300,325,325,350,391,391,474,474,489,514,514,540,0,41,41,77,77,103,143,164,164,188,188,276,276,294,36,65,65,90,90,106,150,150,182,206,229,40,40,40,40,40,40,40,11,41,41,41],"floor_reached":56,"language":"ENG","playtime":3756,"items_purged":["Defend_P","Strike_P"],"score":2178,"play_id":"1d4d5154-434d-4fee-925a-5db30d9c6b25","local_time":"20210131191817","is_ascension_mode":true,"campfire_choices":[{"data":"Eruption","floor":6.0,"key":"SMITH"},{"data":"Blasphemy","floor":12.0,"key":"SMITH"},{"data":"CrushJoints","floor":15.0,"key":"SMITH"},{"data":"Ragnarok","floor":24.0,"key":"SMITH"},{"floor":32.0,"key":"REST"},{"data":"Apotheosis","floor":40.0,"key":"SMITH"},{"floor":49.0,"key":"RECALL"},{"data":"SpiritShield","floor":53.0,"key":"SMITH"}],"circlet_count":0,"master_deck":["AscendersBane","Strike_P","Strike_P","Strike_P","Defend_P","Defend_P","Defend_P","Eruption+1","Vigilance","FlurryOfBlows","EmptyFist","EmptyBody","CrushJoints+1","WheelKick","Blasphemy+1","Tantrum","DeceiveReality","CutThroughFate","Ragnarok+1","Devotion+1","CutThroughFate","Master of Strategy","Wireheading+1","FlurryOfBlows","FearNoEvil","WreathOfFlame","TalkToTheHand+1","WaveOfTheHand","BowlingBash","SpiritShield+1","Apotheosis+1","BowlingBash+1","Pray","Swivel+1","FearNoEvil","SandsOfTime+1","Meditate"],"relics":["PureWater","Orichalcum","CeramicFish","Gambling Chip","Frozen Egg 2","Runic Pyramid","Sling","Ancient Tea Set","Anchor","Turnip","Nunchaku","MutagenicStrength","Philosopher\u0027s Stone","Membership Card","PreservedInsect","Bag of Preparation","OrangePellets","Dead Branch"],"acts_visited":["Exordium","TheCity","TheBeyond","TheEnding"],"potions_floor_usage":[56,56],"damage_taken":[{"damage":0.0,"enemies":"2 Louse","floor":1.0,"turns":4.0},{"damage":4.0,"enemies":"Jaw Worm","floor":3.0,"turns":2.0},{"damage":0.0,"enemies":"Small Slimes","floor":7.0,"turns":3.0},{"damage":11.0,"enemies":"Gremlin Nob","floor":8.0,"turns":3.0},{"damage":0.0,"enemies":"Lagavulin","floor":10.0,"turns":3.0},{"damage":0.0,"enemies":"Blue Slaver","floor":11.0,"turns":2.0},{"damage":0.0,"enemies":"3 Louse","floor":13.0,"turns":2.0},{"damage":4.0,"enemies":"3 Sentries","floor":14.0,"turns":3.0},{"damage":10.0,"enemies":"The Guardian","floor":16.0,"turns":7.0},{"damage":12.0,"enemies":"3 Byrds","floor":18.0,"turns":3.0},{"damage":0.0,"enemies":"Spheric Guardian","floor":19.0,"turns":1.0},{"damage":6.0,"enemies":"Centurion and Healer","floor":21.0,"turns":4.0},{"damage":4.0,"enemies":"Book of Stabbing","floor":23.0,"turns":3.0},{"damage":0.0,"enemies":"Gremlin Leader","floor":25.0,"turns":2.0},{"damage":0.0,"enemies":"3 Cultists","floor":27.0,"turns":2.0},{"damage":7.0,"enemies":"Slavers","floor":28.0,"turns":2.0},{"damage":9.0,"enemies":"Snake Plant","floor":29.0,"turns":3.0},{"damage":0.0,"enemies":"Centurion and Healer","floor":31.0,"turns":3.0},{"damage":14.0,"enemies":"Automaton","floor":33.0,"turns":5.0},{"damage":0.0,"enemies":"3 Darklings","floor":35.0,"turns":2.0},{"damage":5.0,"enemies":"3 Shapes","floor":37.0,"turns":5.0},{"damage":8.0,"enemies":"Jaw Worm Horde","floor":39.0,"turns":3.0},{"damage":0.0,"enemies":"4 Shapes","floor":41.0,"turns":4.0},{"damage":0.0,"enemies":"Reptomancer","floor":42.0,"turns":1.0},{"damage":0.0,"enemies":"Nemesis","floor":44.0,"turns":1.0},{"damage":0.0,"enemies":"Spire Growth","floor":45.0,"turns":2.0},{"damage":0.0,"enemies":"Maw","floor":46.0,"turns":4.0},{"damage":10.0,"enemies":"Donu and Deca","floor":50.0,"turns":5.0},{"damage":3.0,"enemies":"Time Eater","floor":51.0,"turns":6.0},{"damage":55.0,"enemies":"Shield and Spear","floor":55.0,"turns":5.0},{"damage":12,"enemies":"The Heart","floor":56,"turns":2}],"seed_played":"3977124869779217502","potions_obtained":[{"floor":3.0,"key":"Block Potion"},{"floor":8.0,"key":"FearPotion"},{"floor":10.0,"key":"SkillPotion"},{"floor":13.0,"key":"LiquidMemories"},{"floor":18.0,"key":"GamblersBrew"},{"floor":33.0,"key":"FairyPotion"},{"floor":35.0,"key":"Fruit Juice"},{"floor":55.0,"key":"SteroidPotion"}],"is_trial":false,"path_per_floor":["M","?","M","$","?","R","M","E","T","E","M","R","M","E","R","B",null,"M","M","?","M","$","E","R","E","T","M","E","M","?","M","R","B",null,"M","$","M","?","M","R","M","E","T","E","M","M","$","?","R","B","B",null,"R","$","E","B"],"character_chosen":"WATCHER","items_purchased":["EmptyBody","Master of Strategy","Sling","Wireheading+1","Membership Card","Apotheosis","OrangePellets","Meditate","Strength Potion","GamblersBrew","SteroidPotion"],"campfire_rested":1,"item_purchase_floors":[4,22,22,22,36,36,47,47,47,47,54],"current_hp_per_floor":[61,50,46,46,35,35,35,24,24,24,24,24,24,20,20,10,54,42,42,42,36,36,32,32,32,32,32,25,16,16,16,36,22,57,57,57,52,52,44,44,44,44,44,44,44,44,49,49,49,39,36,61,61,61,6,0,0],"gold":41,"neow_bonus":"HUNDRED_GOLD","is_daily":false,"chose_seed":false,"campfire_upgraded":6,"win_rate":0.0,"timestamp":1612138697,"path_taken":["M","?","M","$","?","R","M","E","T","E","M","R","M","E","R","BOSS","M","?","?","M","$","E","R","E","T","M","E","M","?","M","R","BOSS","M","$","M","?","M","R","?","E","T","E","M","M","$","?","R","BOSS","BOSS","R","$","E","BOSS"],"items_purchased_type":["Card","Card","Relic","Card","Relic","Card","Relic","Card","Potion","Potion","Potion"],"build_version":"2020-12-22","purchased_purges":2,"victory":false,"max_hp_per_floor":[68,68,68,68,68,68,68,68,68,68,68,68,68,68,68,68,68,68,68,68,68,68,68,68,68,68,68,68,68,68,68,68,68,68,68,68,68,68,68,68,68,68,68,68,68,68,73,69,69,69,69,69,69,69,69,69,69],"relic_stats":{"OrangePellets":[2],"Nunchaku":[16],"counters":[31,97],"CeramicFish":207,"Gambling Chip":[82],"Dead Branch":[6],"Turnip":[8],"PreservedInsect":127,"Bag of Preparation":[12],"Orichalcum":[102],"obtain_stats":[{"CeramicFish":9,"Dead Branch":55,"PreservedInsect":42,"Bag of Preparation":44,"Orichalcum":8,"Frozen Egg 2":14,"Sling":22,"Ancient Tea Set":23,"OrangePellets":47,"Anchor":25,"Nunchaku":28,"Gambling Chip":10,"MutagenicStrength":30,"Philosopher\u0027s Stone":34,"Turnip":26,"Membership Card":36,"PureWater":0,"Runic Pyramid":17},{"CeramicFish":4,"Dead Branch":30,"PreservedInsect":24,"Bag of Preparation":25,"Orichalcum":4,"Frozen Egg 2":8,"Sling":12,"Ancient Tea Set":13,"OrangePellets":27,"Anchor":14,"Nunchaku":16,"Gambling Chip":5,"MutagenicStrength":17,"Philosopher\u0027s Stone":19,"Turnip":14,"Membership Card":20,"PureWater":0,"Runic Pyramid":9},{"CeramicFish":12,"Dead Branch":95,"PreservedInsect":72,"Bag of Preparation":73,"Orichalcum":12,"Frozen Egg 2":22,"Sling":37,"Ancient Tea Set":40,"OrangePellets":79,"Anchor":42,"Nunchaku":46,"Gambling Chip":15,"MutagenicStrength":49,"Philosopher\u0027s Stone":57,"Turnip":42,"Membership Card":59,"PureWater":0,"Runic Pyramid":29}]},"card_choices":[{"not_picked":["Perseverance","WindmillStrike"],"picked":"FlurryOfBlows","floor":1.0},{"not_picked":["EmptyBody","Protect"],"picked":"EmptyFist","floor":3.0},{"not_picked":["FlyingSleeves","EmptyFist"],"picked":"CrushJoints","floor":7.0},{"not_picked":["LikeWater","Evaluate"],"picked":"WheelKick","floor":8.0},{"not_picked":["Halt","Scrawl"],"picked":"Blasphemy","floor":10.0},{"not_picked":["ClearTheMind","Prostrate"],"picked":"Tantrum","floor":11.0},{"not_picked":["WindmillStrike","Evaluate"],"picked":"DeceiveReality","floor":13.0},{"not_picked":["SashWhip","FlyingSleeves"],"picked":"CutThroughFate","floor":14.0},{"not_picked":["ConjureBlade","Brilliance"],"picked":"Ragnarok","floor":16.0},{"not_picked":["FlyingSleeves","CrushJoints+1","ReachHeaven"],"picked":"SKIP","floor":18.0},{"not_picked":["Consecrate","EmptyBody"],"picked":"Devotion+1","floor":19.0},{"not_picked":["Evaluate","PathToVictory"],"picked":"CutThroughFate","floor":21.0},{"not_picked":["ClearTheMind","Evaluate"],"picked":"FlurryOfBlows","floor":23.0},{"not_picked":["FlyingSleeves","Swivel"],"picked":"FearNoEvil","floor":25.0},{"not_picked":["Vengeance","Study+1"],"picked":"WreathOfFlame","floor":27.0},{"not_picked":["Halt+1","PathToVictory+1"],"picked":"TalkToTheHand+1","floor":28.0},{"not_picked":["PathToVictory","Tantrum"],"picked":"WaveOfTheHand","floor":29.0},{"not_picked":["Wireheading+1","CarveReality"],"picked":"BowlingBash","floor":31.0},{"not_picked":["DevaForm+1","Establishment+1"],"picked":"SpiritShield","floor":33.0},{"not_picked":["Prostrate","JustLucky","Crescendo"],"picked":"SKIP","floor":35.0},{"not_picked":["SashWhip","FollowUp"],"picked":"BowlingBash+1","floor":37.0},{"not_picked":["WaveOfTheHand","ForeignInfluence"],"picked":"Pray","floor":39.0},{"not_picked":["Consecrate","PathToVictory","BowlingBash"],"picked":"SKIP","floor":41.0},{"not_picked":["JustLucky","FlurryOfBlows"],"picked":"Swivel+1","floor":42.0},{"not_picked":["DevaForm+1","ClearTheMind","Study+1"],"picked":"SKIP","floor":44.0},{"not_picked":["Crescendo","FollowUp+1"],"picked":"FearNoEvil","floor":45.0},{"not_picked":["ClearTheMind+1","Evaluate"],"picked":"SandsOfTime+1","floor":46.0},{"not_picked":["CrushJoints","SashWhip","WreathOfFlame"],"picked":"SKIP","floor":55.0}],"player_experience":1526624,"relics_obtained":[{"floor":8.0,"key":"Orichalcum"},{"floor":9.0,"key":"CeramicFish"},{"floor":10.0,"key":"Gambling Chip"},{"floor":14.0,"key":"Frozen Egg 2"},{"floor":23.0,"key":"Ancient Tea Set"},{"floor":25.0,"key":"Anchor"},{"floor":26.0,"key":"Turnip"},{"floor":28.0,"key":"Nunchaku"},{"floor":42.0,"key":"PreservedInsect"},{"floor":44.0,"key":"Bag of Preparation"},{"floor":55.0,"key":"Dead Branch"}],"event_choices":[{"damage_healed":0.0,"max_hp_gain":0.0,"max_hp_loss":0.0,"gold_gain":75.0,"event_name":"World of Goop","player_choice":"Gather Gold","floor":2.0,"gold_loss":0.0,"damage_taken":11.0},{"damage_healed":0.0,"max_hp_gain":0.0,"max_hp_loss":0.0,"gold_gain":0.0,"event_name":"Scrap Ooze","player_choice":"Fled","floor":5.0,"gold_loss":0.0,"damage_taken":11.0},{"damage_healed":0.0,"max_hp_gain":0.0,"max_hp_loss":0.0,"gold_gain":0.0,"event_name":"Vampires","player_choice":"Ignored","floor":20.0,"gold_loss":0.0,"damage_taken":0.0},{"damage_healed":0.0,"max_hp_gain":0.0,"max_hp_loss":0.0,"gold_gain":0.0,"event_name":"Drug Dealer","player_choice":"Inject Mutagens","floor":30.0,"gold_loss":0.0,"damage_taken":0.0,"relics_obtained":["MutagenicStrength"]},{"damage_healed":0.0,"max_hp_gain":0.0,"max_hp_loss":0.0,"gold_gain":0.0,"event_name":"Tomb of Lord Red Mask","player_choice":"Ignored","floor":38.0,"gold_loss":0.0,"damage_taken":0.0},{"damage_healed":0.0,"max_hp_gain":0.0,"max_hp_loss":4.0,"gold_gain":0.0,"event_name":"Winding Halls","player_choice":"Max HP","floor":48.0,"gold_loss":0.0,"damage_taken":0.0}],"is_beta":false,"boss_relics":[{"not_picked":["Calling Bell","Ectoplasm"],"picked":"Runic Pyramid"},{"not_picked":["Sozu","Velvet Choker"],"picked":"Philosopher\u0027s Stone"}],"items_purged_floors":[4,22],"is_endless":false,"potions_floor_spawned":[3,8,10,13,14,18,19,28,33,35,44,55],"killed_by":"The Heart","ascension_level":20}}