{"host":"jpcy2bclvs7juczu","time":1612148471,"event":{"mods":["Alarm Clock","BaseMod","Bestiary","Block Reminder","Colored Map","Colored Powertips","Curses Come First","Dark Map","Filter the Spire","Minty Spire (QoL Compilation)","Quick Restart","RNG Fix","Random Character Button","Relic Stats","Slay the Relics Exporter","Smile Girya","StSLib","everything is the same but u backflip on backflip","ojb\u0027s Better Paths Mod","ojb\u0027s Info Mod","slay the spire mod where everything is the same but ironclad has a cowboy hat"],"gold_per_floor":[116,116,131,145,220,249,249,249,249,249,21,51,70,99,99,177,177,147,147,72,72,72,107,107,107,107,117,151,167,167,178,178,257,257,269,269,269,286,114,114,139,164,191,201,217,250,250,145,145,145,145,145,145,7,7,7],"floor_reached":55,"language":"ENG","playtime":4129,"items_purged":["Strike_B","Strike_B"],"score":2158,"play_id":"9387711f-3767-4e43-8a9a-8c74832b690d","local_time":"20210131220111","is_ascension_mode":true,"campfire_choices":[{"floor":8,"key":"REST"},{"data":"Reprogram","floor":15,"key":"SMITH"},{"data":"Sunder","floor":24,"key":"SMITH"},{"data":"Hologram","floor":30,"key":"SMITH"},{"data":"Buffer","floor":32,"key":"SMITH"},{"data":"Rainbow","floor":40,"key":"SMITH"},{"data":"Reinforced Body","floor":47,"key":"SMITH"},{"floor":49,"key":"RECALL"},{"data":"Reinforced Body","floor":53,"key":"SMITH"}],"circlet_count":0,"master_deck":["AscendersBane","Defend_B","Defend_B","Defend_B","Zap","Dualcast","Rip and Tear","Skim","Leap","Reinforced Body+1","Reinforced Body+1","Sunder+1","Compile Driver","Reprogram+1","Auto Shields","Buffer+1","Creative AI","Genetic Algorithm","Machine Learning","Hologram+1","White Noise","Rainbow+1","Leap+1","Compile Driver","Blizzard","Barrage","Reprogram+1","Barrage"],"relics":["Snecko Eye","Pantograph","Mummified Hand","Orrery","Pocketwatch","Happy Flower","Busted Crown","Potion Belt","Question Card","Ginger","Nuclear Battery","Membership Card","DataDisk","Turnip","PreservedInsect","DollysMirror"],"acts_visited":["Exordium","TheCity","TheBeyond","TheEnding"],"potions_floor_usage":[6,12,14,28,31,31,31,45,50,55],"damage_taken":[{"damage":0,"enemies":"2 Louse","floor":1,"turns":3},{"damage":14,"enemies":"Jaw Worm","floor":3,"turns":4},{"damage":0,"enemies":"Small Slimes","floor":4,"turns":2},{"damage":26,"enemies":"3 Sentries","floor":6,"turns":6},{"damage":4,"enemies":"Lagavulin","floor":12,"turns":5},{"damage":2,"enemies":"Looter","floor":13,"turns":2},{"damage":0,"enemies":"Gremlin Nob","floor":14,"turns":3},{"damage":10,"enemies":"The Guardian","floor":16,"turns":9},{"damage":1,"enemies":"2 Thieves","floor":18,"turns":4},{"damage":17,"enemies":"Book of Stabbing","floor":23,"turns":8},{"damage":0,"enemies":"Chosen","floor":27,"turns":6},{"damage":0,"enemies":"Gremlin Leader","floor":28,"turns":7},{"damage":0,"enemies":"Snake Plant","floor":29,"turns":4},{"damage":8,"enemies":"Chosen and Byrds","floor":31,"turns":5},{"damage":0,"enemies":"Automaton","floor":33,"turns":8},{"damage":0,"enemies":"3 Shapes","floor":35,"turns":4},{"damage":11,"enemies":"3 Darklings","floor":38,"turns":6},{"damage":0,"enemies":"Nemesis","floor":41,"turns":9},{"damage":8,"enemies":"Mind Bloom Boss Battle","floor":42,"turns":7},{"damage":0,"enemies":"4 Shapes","floor":44,"turns":5},{"damage":6,"enemies":"Transient","floor":45,"turns":6},{"damage":0,"enemies":"Giant Head","floor":46,"turns":6},{"damage":32,"enemies":"Time Eater","floor":50,"turns":17},{"damage":32,"enemies":"Awakened One","floor":51,"turns":23},{"damage":70,"enemies":"Shield and Spear","floor":55,"turns":5}],"seed_played":"-6044770221835253890","potions_obtained":[{"floor":3,"key":"Strength Potion"},{"floor":12,"key":"Fire Potion"},{"floor":16,"key":"PowerPotion"},{"floor":18,"key":"GamblersBrew"},{"floor":27,"key":"EssenceOfSteel"},{"floor":28,"key":"SneckoOil"},{"floor":44,"key":"ColorlessPotion"},{"floor":45,"key":"GamblersBrew"}],"is_trial":false,"path_per_floor":["M","?","M","M","?","E","?","R","T","?","$","E","M","E","R","B",null,"M","?","$","?","?","E","R","$","T","M","E","M","R","M","R","B",null,"M","?","T","M","$","R","E","?","T","M","M","E","R","$","R","B","B",null,"R","$","E"],"character_chosen":"DEFECT","items_purchased":["Orrery","Fire Potion","Membership Card","BlessingOfTheForge","Barrage","DollysMirror","Energy Potion","Barrage"],"campfire_rested":1,"item_purchase_floors":[11,11,39,48,48,54,54,54],"current_hp_per_floor":[64,64,50,50,39,13,13,34,34,34,34,30,28,28,28,43,64,63,63,63,63,63,46,46,46,46,46,46,46,46,38,38,63,69,69,69,69,58,58,58,58,63,63,63,57,57,57,57,57,39,32,61,61,61,0,0],"gold":7,"neow_bonus":"BOSS_RELIC","is_daily":false,"chose_seed":false,"campfire_upgraded":7,"win_rate":0.0,"timestamp":1612148471,"path_taken":["M","?","M","?","?","E","?","R","T","?","$","E","M","E","R","BOSS","M","?","$","?","?","E","R","?","T","?","E","M","R","M","R","BOSS","M","?","?","M","$","R","E","?","T","M","M","E","R","$","R","BOSS","BOSS","R","$","E"],"items_purchased_type":["Relic","Potion","Relic","Potion","Card","Relic","Potion","Card"],"build_version":"2020-12-22","purchased_purges":2,"victory":false,"max_hp_per_floor":[71,71,71,71,71,71,71,71,71,71,71,71,71,71,71,71,71,71,71,71,71,71,71,71,71,71,71,71,71,71,71,71,71,71,71,71,71,71,71,71,71,71,71,71,71,71,71,71,71,71,71,71,71,71,71,71],"relic_stats":{"Busted Crown":28,"Happy Flower":[46],"counters":[25,164],"Mummified Hand":[244],"Pantograph":102,"Snecko Eye":[300,329,334,319],"Turnip":[4],"PreservedInsect":77,"Ginger":[7],"Question Card":12,"obtain_stats":[{"Potion Belt":23,"Happy Flower":14,"PreservedInsect":46,"Ginger":28,"Question Card":26,"Nuclear Battery":34,"DataDisk":41,"Busted Crown":17,"Mummified Hand":9,"DollysMirror":54,"Pantograph":6,"Snecko Eye":0,"Orrery":11,"Turnip":42,"Membership Card":39,"Cracked Core":0,"Pocketwatch":12},{"Potion Belt":10,"Happy Flower":7,"PreservedInsect":22,"Ginger":12,"Question Card":10,"Nuclear Battery":15,"DataDisk":18,"Busted Crown":8,"Mummified Hand":4,"DollysMirror":24,"Pantograph":4,"Snecko Eye":0,"Orrery":4,"Turnip":19,"Membership Card":17,"Cracked Core":0,"Pocketwatch":5},{"Potion Belt":46,"Happy Flower":25,"PreservedInsect":119,"Ginger":59,"Question Card":46,"Nuclear Battery":76,"DataDisk":95,"Busted Crown":34,"Mummified Hand":15,"DollysMirror":159,"Pantograph":15,"Snecko Eye":0,"Orrery":15,"Turnip":102,"Membership Card":86,"Cracked Core":0,"Pocketwatch":20}],"Pocketwatch":[80]},"card_choices":[{"not_picked":["Melter","Stack"],"picked":"Rip and Tear","floor":1},{"not_picked":["Loop","Sweeping Beam"],"picked":"Skim","floor":3},{"not_picked":["Self Repair","Hologram"],"picked":"Leap","floor":4},{"not_picked":["Steam Power","Go for the Eyes"],"picked":"Reinforced Body","floor":6},{"not_picked":["Go for the Eyes","Chaos"],"picked":"Reinforced Body","floor":11},{"not_picked":["Force Field","Rip and Tear"],"picked":"Sunder","floor":11},{"not_picked":["Conserve Battery","Barrage"],"picked":"Compile Driver","floor":11},{"not_picked":["Sweeping Beam","Rip and Tear"],"picked":"Reprogram","floor":11},{"not_picked":["Genetic Algorithm","FTL"],"picked":"Auto Shields","floor":12},{"not_picked":["Steam","Chaos","Coolheaded"],"picked":"SKIP","floor":13},{"not_picked":["Recycle","Self Repair"],"picked":"Buffer","floor":14},{"not_picked":["All For One","Rainbow"],"picked":"Creative AI","floor":16},{"not_picked":["Rebound"],"picked":"SKIP","floor":18},{"not_picked":[],"picked":"Sweeping Beam","floor":23},{"not_picked":["Barrage","Turbo+1"],"picked":"SKIP","floor":27},{"not_picked":["Sweeping Beam"],"picked":"Hologram","floor":28},{"not_picked":["Hologram","Beam Cell"],"picked":"SKIP","floor":29},{"not_picked":["Skim"],"picked":"White Noise","floor":31},{"not_picked":["Buffer"],"picked":"Rainbow","floor":33},{"not_picked":["Beam Cell"],"picked":"Leap+1","floor":35},{"not_picked":["Recycle"],"picked":"Compile Driver","floor":38},{"not_picked":["Redo","Ball Lightning"],"picked":"SKIP","floor":41},{"not_picked":["Steam"],"picked":"Blizzard","floor":42},{"not_picked":["Streamline+1","Cold Snap"],"picked":"SKIP","floor":44},{"not_picked":["Streamline","Leap"],"picked":"SKIP","floor":45},{"not_picked":["Stack","Force Field"],"picked":"SKIP","floor":46}],"player_experience":1535812,"relics_obtained":[{"floor":6,"key":"Pantograph"},{"floor":9,"key":"Mummified Hand"},{"floor":12,"key":"Pocketwatch"},{"floor":14,"key":"Happy Flower"},{"floor":23,"key":"Potion Belt"},{"floor":26,"key":"Question Card"},{"floor":28,"key":"Ginger"},{"floor":41,"key":"DataDisk"},{"floor":42,"key":"Turnip"},{"floor":46,"key":"PreservedInsect"}],"event_choices":[{"cards_removed":["Defend_B"],"damage_healed":0,"gold_gain":0,"player_choice":"Offered Basic","damage_taken":0,"max_hp_gain":0,"max_hp_loss":0,"event_name":"Bonfire Elementals","floor":2,"gold_loss":0},{"damage_healed":0,"gold_gain":75,"player_choice":"Gather Gold","damage_taken":11,"max_hp_gain":0,"max_hp_loss":0,"event_name":"World of Goop","floor":5,"gold_loss":0},{"damage_healed":0,"gold_gain":0,"player_choice":"Ignored","damage_taken":0,"max_hp_gain":0,"max_hp_loss":0,"event_name":"Shining Light","floor":7,"gold_loss":0},{"damage_healed":0,"gold_gain":0,"player_choice":"Searched \u00270\u0027 times","damage_taken":0,"max_hp_gain":0,"max_hp_loss":0,"event_name":"Dead Adventurer","floor":10,"gold_loss":0},{"damage_healed":0,"gold_gain":0,"cards_transformed":["Strike_B","Strike_B"],"player_choice":"Became Test Subject","damage_taken":0,"max_hp_gain":0,"max_hp_loss":0,"event_name":"Drug Dealer","floor":19,"gold_loss":0,"cards_obtained":["Genetic Algorithm","Machine Learning"]},{"damage_healed":0,"gold_gain":0,"player_choice":"Ignored","damage_taken":0,"max_hp_gain":0,"max_hp_loss":0,"event_name":"N\u0027loth","floor":21,"gold_loss":0},{"damage_healed":0,"gold_gain":0,"player_choice":"Ignored","damage_taken":0,"max_hp_gain":0,"max_hp_loss":0,"event_name":"Ghosts","floor":22,"gold_loss":0},{"cards_removed":["Sweeping Beam"],"damage_healed":0,"gold_gain":0,"player_choice":"Removed Attack","damage_taken":0,"max_hp_gain":0,"max_hp_loss":0,"event_name":"Falling","floor":36,"gold_loss":0},{"damage_healed":0,"gold_gain":0,"player_choice":"Fight","damage_taken":0,"max_hp_gain":0,"max_hp_loss":0,"event_name":"MindBloom","floor":42,"gold_loss":0}],"is_beta":false,"boss_relics":[{"not_picked":["Velvet Choker","Fusion Hammer"],"picked":"Busted Crown"},{"not_picked":["Calling Bell","SlaversCollar"],"picked":"Nuclear Battery"}],"items_purged_floors":[20,48],"is_endless":false,"potions_floor_spawned":[3,12,16,18,27,28,44,45],"killed_by":"Shield and Spear","ascension_level":20}}