{"host":"0068lo8nqxkxlxxx","time":1612154749,"event":{"mods":["2.2 Compatiblity","AchievementEnabler","Act Like it!","Aspiration","BaseMod","Better Altar","Better Match","Better Note","Better Sensory Stone","Better Skull","Better Third Choice","BetterRewards","Colored Map","Elementarium","Energized Spire","Fox Events","Friendly Minions","GifTheSpireLib","Halation","Hubris","Infinite Spire","Jedi Mod","Minty Spire (QoL Compilation)","Pale of the Ancients","Potionbrewer","Replay The Spire","Shop Mod","Somnambulant","Spikes Relics","StSLib","Stuff the Spire","The Disciple","The Jungle","The Marked","The Sage","Trackpad"],"gold_per_floor":[116,136,136,136,136,136,136,155,181,198,211,224,3,19,19,120,120,139,67,67,67,67,87,87,87,87,102,27,53,66,79,79,79,79],"floor_reached":33,"language":"ENG","playtime":1109,"items_purged":["Strike_B"],"score":239,"play_id":"52643d3e-b0dd-4463-80f9-68b37f1fdcfe","local_time":"20210131234549","is_ascension_mode":false,"campfire_choices":[{"data":"BasicCrystalCard","floor":6,"key":"SMITH"},{"floor":15,"key":"REST"},{"floor":24,"key":"REST"},{"floor":32,"key":"REST"}],"circlet_count":0,"master_deck":["Strike_B","Strike_B","Defend_B","Zap","Dualcast","BootSequence","BasicCrystalCard+1","Burn","Cold Snap","Ball Lightning","Ball Lightning","Crystallizer","Leap","Static Discharge","Fission","Core Surge","ReplaySolidLightProjector","Genetic Algorithm+1","infinitespire:Oblivion","ReplayTheSpireMod:Doomed","Defragment","Chaos+1","StuffTheSpire:Synthwave","Replay:Hysterical Blindness","Sweeping Beam","Capacitor","Conserve Battery+1","Aggregate"],"relics":["Cracked Core","NeowsBlessing","StuffTheSpire:Experiment12","hubris:EmptyBottle","Cursed Key","Prayer Wheel","infinitespire:CheckeredPen","trackpad:WritersBlock"],"acts_visited":["Exordium","TheCity"],"potions_floor_usage":[14,16,16,27,27,30,33,33],"damage_taken":[{"damage":0,"enemies":"Small Slimes","floor":1,"turns":1},{"damage":0,"enemies":"2 Louse","floor":2,"turns":1},{"damage":0,"enemies":"Cultist","floor":8,"turns":1},{"damage":7,"enemies":"Large Slime","floor":10,"turns":6},{"damage":0,"enemies":"Looter","floor":11,"turns":3},{"damage":6,"enemies":"Red Slaver","floor":12,"turns":3},{"damage":0,"enemies":"Lots of Slimes","floor":14,"turns":1},{"damage":57,"enemies":"The Guardian","floor":16,"turns":10},{"damage":19,"enemies":"Spheric Guardian","floor":18,"turns":4},{"damage":24,"enemies":"Shell Parasite","floor":23,"turns":5},{"damage":16,"enemies":"Shelled Parasite and Fungi","floor":27,"turns":3},{"damage":15,"enemies":"Cultist and Chosen","floor":30,"turns":6},{"damage":19,"enemies":"Snake Plant","floor":31,"turns":3},{"damage":32,"enemies":"Pondfish","floor":33,"turns":5}],"seed_played":"840924124503777116","potions_obtained":[{"floor":10,"key":"Explosive Potion"},{"floor":11,"key":"Reflective Coating"},{"floor":12,"key":"PowerPotion"},{"floor":16,"key":"Strength Potion"}],"is_trial":false,"path_per_floor":["M","M","?","?","?","R","?","M","T","M","M","M","$","M","R","B",null,"M","$","?","?","?","M","R","AVR","T","M","$","T","M","M","R","B"],"character_chosen":"DEFECT","items_purchased":["hubris:EmptyBottle","Static Discharge","StuffTheSpire:Synthwave"],"campfire_rested":3,"item_purchase_floors":[13,19,28],"current_hp_per_floor":[75,75,75,75,75,75,78,78,78,71,71,65,65,65,78,21,78,59,59,59,59,59,35,58,58,58,42,42,42,27,8,31,0,0],"gold":79,"neow_bonus":"THREE_ENEMY_KILL","is_daily":false,"chose_seed":false,"campfire_upgraded":1,"win_rate":0.0,"timestamp":1612154749,"path_taken":["M","M","?","?","?","R","?","M","T","?","M","M","$","M","R","BOSS","M","$","?","?","?","M","R","AVR","T","M","$","?","M","M","R","BOSS"],"items_purchased_type":["Relic","Card","Card"],"build_version":"2020-12-22","purchased_purges":1,"victory":false,"max_hp_per_floor":[75,75,75,75,75,75,78,78,78,78,78,78,78,78,78,78,78,78,78,78,78,78,78,78,78,78,78,78,78,78,78,78,78,78],"card_choices":[{"not_picked":["Hologram","Compile Driver"],"picked":"BootSequence","floor":1},{"not_picked":["Coolheaded","Go for the Eyes"],"picked":"BasicCrystalCard","floor":2},{"not_picked":["Turbo","StuffTheSpire:Rend"],"picked":"Cold Snap","floor":8},{"not_picked":["StuffTheSpire:Plugnplay","Steam Power","Force Field"],"picked":"SKIP","floor":10},{"not_picked":["Aggregate","jedi:reiji"],"picked":"Ball Lightning","floor":11},{"not_picked":["Steam Power","Coolheaded"],"picked":"Ball Lightning","floor":12},{"not_picked":["ReplaySort","Rebound"],"picked":"Crystallizer","floor":14},{"not_picked":["hubris:Prefetch","Mirror Shield"],"picked":"ReplayTheSpireMod:Fabricate Wheel","floor":16},{"not_picked":["Turbo","Steam"],"picked":"Leap","floor":18},{"not_picked":["ReplayTheSpireMod:Reroute Power","Crystallizer","Steam+1"],"picked":"SKIP","floor":18},{"not_picked":["jedi:BurstFrost","Beam Cell+1"],"picked":"Genetic Algorithm+1","floor":23},{"not_picked":["BasicCrystalCard","Seek","Gash"],"picked":"SKIP","floor":23},{"not_picked":["Turbo+1","Rebound"],"picked":"Defragment","floor":27},{"not_picked":["Static Discharge+1","jedi:sharpshooter"],"picked":"Chaos+1","floor":27},{"not_picked":["jedi:blockon+1","jedi:BurstLightning+1"],"picked":"Sweeping Beam","floor":30},{"not_picked":["jedi:BurstFrost+1","Redo"],"picked":"Capacitor","floor":30},{"not_picked":["Go for the Eyes+1","Steam"],"picked":"Conserve Battery+1","floor":31},{"not_picked":["Hello World+1","Ball Lightning"],"picked":"Aggregate","floor":31}],"player_experience":95424,"relics_obtained":[{"floor":9,"key":"StuffTheSpire:Experiment12"},{"floor":26,"key":"infinitespire:CheckeredPen"},{"floor":29,"key":"trackpad:WritersBlock"}],"event_choices":[{"damage_healed":75,"gold_gain":0,"player_choice":"Embrace Burn","damage_taken":0,"max_hp_gain":0,"max_hp_loss":75,"event_name":"betterThird:BetterShining","floor":3,"gold_loss":0},{"damage_healed":0,"gold_gain":0,"player_choice":"Ignored","damage_taken":136,"max_hp_gain":0,"max_hp_loss":0,"event_name":"betterThird:BetterSerpent","floor":5,"gold_loss":0},{"damage_healed":0,"gold_gain":0,"cards_transformed":["Strike_B"],"player_choice":"Transformed","damage_taken":0,"max_hp_gain":0,"max_hp_loss":0,"event_name":"Transmorgrifier","floor":20,"gold_loss":0,"cards_obtained":["Fission"]},{"cards_removed":["Defend_B"],"damage_healed":0,"gold_gain":0,"player_choice":"Give","damage_taken":0,"max_hp_gain":0,"max_hp_loss":0,"event_name":"betterNote:BetterNote","floor":21,"gold_loss":0,"cards_obtained":["Strike_R"]},{"damage_healed":0,"gold_gain":0,"cards_transformed":["Defend_B","Defend_B"],"player_choice":"Became Test Subject","damage_taken":0,"max_hp_gain":0,"max_hp_loss":0,"event_name":"Drug Dealer","floor":22,"gold_loss":0,"cards_obtained":["Core Surge","ReplaySolidLightProjector"]}],"is_beta":false,"boss_relics":[{"not_picked":["SacredBark","Kintsugi"],"picked":"Cursed Key"}],"items_purged_floors":[13],"is_endless":false,"potions_floor_spawned":[10,11,12,16,18],"killed_by":"Pondfish","ascension_level":0}}