{"host":"106a9i1yxyuuvaq3","time":1612222979,"event":{"mods":["2.2 Compatiblity","A Magickal Journey","AchievementEnabler","Act Like it!","AlwaysNeverKeys","Astrologer","BaseMod","Better Altar","Better Match","Better Note","Better Sensory Stone","Better Skull","Better Third Choice","BetterRewards","Colored Map","Colored Powertips","Defuse TimeMaze Blight","Friendly Minions","Gensokyo","Highlight Path","Hubris","Infinite Spire","KinomotoSakuraMod(????)","LagranYue(???·?)","Lobotomy","Minty Spire (QoL Compilation)","Prisma Mod","Quick Restart","Random Character Button","Relic Filter","Relic Sorter","Replay The Spire","Spicy Shops","StSLib","SuperFastMode","Unceasing Turn Reminder","Waifu the Spire"],"gold_per_floor":[117,117,117,133,146,172,172,188,188,188,223,223,233,248,248,352,352,370,380,380,380,380,410,410,410,410,421,431,441,441,455,455,556,556,568,568,585,639,652,652,652,652,672,698,698,451,451,451,478,496,496,496,496,496,24,54,56],"floor_reached":58,"language":"ENG","playtime":4211,"items_purged":["Shame","Injury","Decay"],"score":1474,"play_id":"34026376-43ce-4ef0-9733-76e573bfcb96","local_time":"20210202004259","is_ascension_mode":false,"campfire_choices":[{"data":"PrismaMod:IllyaPoisonTippedWeapons","floor":7,"key":"SMITH"},{"data":"PrismaMod:IllyaCommandSeal","floor":15,"key":"SMITH"},{"data":"PrismaMod:IllyaSaphire","floor":24,"key":"SMITH"},{"data":"infinitespire:UltimateForm","floor":32,"key":"SMITH"},{"data":"PrismaMod:IllyaUpgradeOrbs","floor":40,"key":"SMITH"},{"data":"Metamorphosis","floor":48,"key":"SMITH"},{"data":"PrismaMod:IllyaGrail","floor":51,"key":"SMITH"},{"data":"infinitespire:Gouge","floor":54,"key":"SMITH"}],"circlet_count":0,"master_deck":["PrismaMod:IllyaCommonAttack","PrismaMod:IllyaCommonDefend","PrismaMod:IllyaCommonAttack","PrismaMod:IllyaCommonDefend+1","PrismaMod:IllyaCommonAttack","PrismaMod:IllyaCommonDefend+1","PrismaMod:IllyaCommonAttack","PrismaMod:IllyaCommonDefend","PrismaMod:IllyaCommonDefend","PrismaMod:IllyaUncommonAttack","PrismaMod:IllyaUncommonDefend","Metamorphosis+1","PrismaMod:IllyaPoisonTippedWeapons+1","PrismaMod:IllyaRubysPotion","PrismaMod:IllyaInstallAvenger","PrismaMod:IllyaSaphire+1","PrismaMod:IllyaCheapChannelPoison","PrismaMod:IllyaUpgradeOrbs+1","PrismaMod:IllyaCheapChannelAttack","PrismaMod:IllyaCommandSeal+1","PrismaMod:IllyaUncommonAOEAttack","PrismaMod:IllyaGrail+1","PrismaMod:IllyaCarnivalAttack","Gensokyo:AllTheWorldsEvil","PrismaMod:IllyaReinForce","infinitespire:UltimateForm+1","infinitespire:Gouge+1","PrismaMod:IllyaInstallRuler","PrismaMod:IllyaCommandSeal+1","PrismaMod:IllyaCarnivalDefend+1","AbeCurse","hubris:Fate+1","infinitespire:TheBestDefense+1","PrismaMod:IllyaInstallMoonCancer","PrismaMod:IllyaInstallAlterEgo","Replay:Dark Deal+1"],"relics":["PrismaMod:PrismaRuby","LagranYue:RandomDrawCardRelic","Blue Doll","hubris:Towel","Replay:Baseball","ReplayFunnel","Gremlin Horn","Replay:Ancient Bell","Blood Vial","hubris:PeanutButter","Ice Cream","Du-Vu Doll","PrismaMod:PrismaZwei","Replay:Wax Seal","Toxic Egg 2","MutagenicStrength","Abe\u0027s Treasure","hubris:ScarierMask","ReplayTheSpireMod:Shallot","Gambling Chip","hubris:BottledRain","Bottled Tornado","Blue Candle","Bag of Marbles","Membership Card","Replay:Rubber Ducky","Lee\u0027s Waffle","Pen Nib","Replay:Bandana"],"acts_visited":["Exordium","TheCity","TheBeyond","TheEnding"],"potions_floor_usage":[11,11,18,23,23],"damage_taken":[{"damage":0,"enemies":"2 Louse","floor":1,"turns":2},{"damage":7,"enemies":"Jaw Worm","floor":4,"turns":4},{"damage":6,"enemies":"Cultist","floor":5,"turns":3},{"damage":17,"enemies":"Replay:BlueRogue","floor":6,"turns":6},{"damage":6,"enemies":"Looter","floor":8,"turns":4},{"damage":16,"enemies":"Gremlin Nob","floor":11,"turns":4},{"damage":12,"enemies":"Blue Slaver","floor":13,"turns":4},{"damage":0,"enemies":"Exordium Wildlife","floor":14,"turns":5},{"damage":6,"enemies":"Hexaghost","floor":16,"turns":11},{"damage":32,"enemies":"2 Thieves","floor":18,"turns":4},{"damage":3,"enemies":"3 Byrds","floor":19,"turns":4},{"damage":0,"enemies":"Nightmare","floor":23,"turns":9},{"damage":0,"enemies":"Snecko","floor":27,"turns":5},{"damage":0,"enemies":"Shelled Parasite and Fungi","floor":28,"turns":7},{"damage":10,"enemies":"Snake Plant","floor":29,"turns":5},{"damage":0,"enemies":"Centurion and Healer","floor":31,"turns":6},{"damage":0,"enemies":"Champ","floor":33,"turns":10},{"damage":13,"enemies":"3 Shapes","floor":35,"turns":6},{"damage":0,"enemies":"3 Darklings","floor":37,"turns":5},{"damage":0,"enemies":"2 Orb Walkers","floor":38,"turns":4},{"damage":0,"enemies":"Spire Growth","floor":39,"turns":6},{"damage":6,"enemies":"Writhing Mass","floor":43,"turns":6},{"damage":0,"enemies":"R_Hoarder","floor":44,"turns":10},{"damage":0,"enemies":"Reptomancer","floor":49,"turns":6},{"damage":0,"enemies":"Transient","floor":50,"turns":5},{"damage":0,"enemies":"Awakened One","floor":52,"turns":12},{"damage":0,"enemies":"Shield and Spear","floor":56,"turns":2},{"damage":37,"enemies":"The Heart","floor":57,"turns":11}],"seed_played":"-7526762276755483121","potions_obtained":[{"floor":1,"key":"Energy Potion"},{"floor":6,"key":"Languid Potion"},{"floor":11,"key":"SteroidPotion"},{"floor":18,"key":"EssenceOfSteel"},{"floor":23,"key":"Fruit Juice"},{"floor":31,"key":"Fire Potion"}],"is_trial":false,"path_per_floor":["M","?","?","M","M","E","R","M","T","?","E","T","M","M","R","B",null,"M","M","?","AVR","?","NM","R","$","T","M","M","M","?","M","R","B",null,"M","AVR","M","?","M","R","PTL","PTL","M","E","T","$","?","R","E","M","R","B",null,"R","$","E","B",null],"character_chosen":"ILLYA","items_purchased":["Metamorphosis","PrismaMod:IllyaPoisonTippedWeapons","PrismaMod:IllyaRubysPotion","PrismaMod:IllyaInstallAvenger","PrismaMod:IllyaSaphire","PrismaMod:IllyaCheapChannelPoison","Blue Doll","Fire Potion","Blue Candle","Membership Card","Replay:Dark Deal+1","Replay:Rubber Ducky","Lee\u0027s Waffle","Pen Nib","GamblersBrew","AttackPotion"],"campfire_rested":0,"item_purchase_floors":[0,0,0,0,0,0,0,0,46,55,55,55,55,55,55,55],"current_hp_per_floor":[75,75,75,68,66,54,54,48,48,33,22,22,15,23,23,27,75,43,47,51,51,51,68,68,68,68,70,80,70,70,80,80,80,80,72,72,80,80,80,80,80,80,80,80,80,80,80,80,80,80,80,80,80,80,87,87,55],"gold":56,"neow_bonus":"","is_daily":false,"chose_seed":false,"campfire_upgraded":8,"win_rate":0.0,"timestamp":1612222979,"path_taken":["M","?","?","M","M","E","R","?","T","?","E","?","M","M","R","BOSS","M","M","?","AVR","?","NM","R","$","T","M","M","M","?","M","R","BOSS","M","AVR","M","?","M","R","PTL","PTL","M","E","T","$","?","R","E","M","R","BOSS","R","$","E","BOSS"],"items_purchased_type":["Card","Card","Card","Card","Card","Card","Relic","Potion","Relic","Relic","Card","Relic","Relic","Relic","Potion","Potion"],"build_version":"2020-12-22","purchased_purges":3,"victory":true,"max_hp_per_floor":[75,75,75,75,75,75,75,75,75,75,75,75,75,75,75,75,75,75,75,75,75,75,80,80,80,80,80,80,80,80,80,80,80,80,80,80,80,80,80,80,80,80,80,80,80,80,80,80,80,80,80,80,80,80,87,87,87],"card_choices":[{"not_picked":["PrismaMod:IllyaGrailKun","PrismaMod:IllyaSaphire"],"picked":"PrismaMod:IllyaUpgradeOrbs","floor":1},{"not_picked":["PrismaMod:IllyaMinorReinForce","PrismaMod:IllyaAssassinRevenge","PrismaMod:IllyaUberPoisonBlock"],"picked":"SKIP","floor":4},{"not_picked":["PrismaMod:IllyaStunPoison","PrismaMod:IllyaGun","PrismaMod:IllyaUberChannel"],"picked":"SKIP","floor":5},{"not_picked":["PrismaMod:IllyaFriendMaker","PrismaMod:IllyaMinorZwei"],"picked":"PrismaMod:IllyaCheapChannelAttack","floor":6},{"not_picked":["PrismaMod:IllyaAlice","PrismaMod:IllyaAssassinRevenge"],"picked":"PrismaMod:IllyaCommandSeal","floor":8},{"not_picked":["PrismaMod:IllyaCheapChannelPoison","PrismaMod:IllyaBerserCAR","PrismaMod:IllyaEvokeAll"],"picked":"SKIP","floor":11},{"not_picked":["PrismaMod:IllyaAlice","PrismaMod:IllyaHassanGift"],"picked":"PrismaMod:IllyaUncommonAOEAttack","floor":13},{"not_picked":["PrismaMod:IllyaCommonEvoke","PrismaMod:IllyaInstallShielder"],"picked":"PrismaMod:IllyaGrail","floor":14},{"not_picked":["PrismaMod:IllyaCarnivalDefend","PrismaMod:IllyaCarnivalOrbs"],"picked":"PrismaMod:IllyaCarnivalAttack","floor":16},{"not_picked":["ReplayTheSpireMod:IOU","hubris:Disease"],"picked":"Shame","floor":17},{"not_picked":["hubris:Disease","Normality"],"picked":"Injury","floor":17},{"not_picked":["Delirium","Normality"],"picked":"Gensokyo:AllTheWorldsEvil","floor":17},{"not_picked":["PrismaMod:IllyaBlindPoisonToss","PrismaMod:IllyaBride"],"picked":"PrismaMod:IllyaReinForce","floor":18},{"not_picked":["PrismaMod:IllyaGrailKun","PrismaMod:IllyaAOECommonAttack","PrismaMod:IllyaPoisoningPhantasm+1"],"picked":"SKIP","floor":19},{"not_picked":["PrismaMod:IllyaGun","PrismaMod:IllyaUncommonAOEAttack"],"picked":"PrismaMod:IllyaInstallRuler","floor":23},{"not_picked":["PrismaMod:IllyaMaid+1","PrismaMod:IllyaUberChannel+1","PrismaMod:IllyaReinForce+1"],"picked":"SKIP","floor":27},{"not_picked":["PrismaMod:IllyaTestament","PrismaMod:IllyaGrailKun+1","PrismaMod:IllyaPoisonTippedWeapons"],"picked":"SKIP","floor":28},{"not_picked":["PrismaMod:IllyaBlindPoisonToss+1","PrismaMod:IllyaMinorReinForce+1","PrismaMod:IllyaMinorRapidFire"],"picked":"SKIP","floor":29},{"not_picked":["PrismaMod:IllyaBerserCAR+1","PrismaMod:IllyaUncommonAttack"],"picked":"PrismaMod:IllyaCommandSeal+1","floor":31},{"not_picked":["PrismaMod:IllyaUberAttackChannel+1","PrismaMod:IllyaCarnivalOrbs+1"],"picked":"PrismaMod:IllyaCarnivalDefend+1","floor":33},{"not_picked":["PrismaMod:IllyaCommonEvoke","PrismaMod:IllyaBerserCAR+1","PrismaMod:IllyaRussianRoulette+1"],"picked":"SKIP","floor":35},{"not_picked":["PrismaMod:IllyaDetonatingBlow","PrismaMod:IllyaPoisonTippedWeapons","PrismaMod:IllyaCheapChannelPoison+1"],"picked":"SKIP","floor":37},{"not_picked":["PrismaMod:IllyaBerserCAR+1","PrismaMod:IllyaPoisonBlock+1","PrismaMod:IllyaUberChannel+1"],"picked":"SKIP","floor":39},{"not_picked":["PrismaMod:IllyaEvokeAll+1","PrismaMod:IllyaBlindPoisonToss+1","PrismaMod:IllyaCheapAttack"],"picked":"SKIP","floor":43},{"not_picked":["PrismaMod:IllyaCommonEvoke+1","PrismaMod:IllyaUberPoisonBlock+1"],"picked":"PrismaMod:IllyaInstallMoonCancer","floor":44},{"not_picked":["PrismaMod:IllyaRubysPotion+1","PrismaMod:IllyaCommonEvoke+1"],"picked":"PrismaMod:IllyaInstallAlterEgo","floor":49},{"not_picked":["PrismaMod:IllyaBerserCAR","PrismaMod:IllyaBlindPoisonToss+1","PrismaMod:IllyaInstallCaster"],"picked":"SKIP","floor":50},{"not_picked":["PrismaMod:IllyaPoisoningPhantasm+1","PrismaMod:IllyaMinorZwei+1","PrismaMod:IllyaUberAttackChannel+1"],"picked":"SKIP","floor":56}],"player_experience":169118,"relics_obtained":[{"floor":6,"key":"Replay:Baseball"},{"floor":9,"key":"ReplayFunnel"},{"floor":12,"key":"Gremlin Horn"},{"floor":23,"key":"Replay:Wax Seal"},{"floor":26,"key":"Toxic Egg 2"},{"floor":38,"key":"Gambling Chip"},{"floor":44,"key":"hubris:BottledRain"},{"floor":45,"key":"Bottled Tornado"},{"floor":49,"key":"Bag of Marbles"},{"floor":56,"key":"Replay:Bandana"}],"event_choices":[{"damage_healed":4,"gold_gain":0,"player_choice":"LEAVE ","damage_taken":0,"relics_obtained":[],"max_hp_gain":0,"max_hp_loss":0,"event_name":"betterSkull:BetterSkull","floor":3,"gold_loss":0,"cards_upgraded":[]},{"damage_healed":48,"gold_gain":0,"player_choice":"Upgrade","damage_taken":15,"max_hp_gain":0,"max_hp_loss":75,"event_name":"betterThird:BetterShining","floor":10,"gold_loss":0,"cards_upgraded":["PrismaMod:IllyaCommonDefend","PrismaMod:IllyaCommonDefend"]},{"damage_healed":4,"gold_gain":0,"player_choice":"LEAVE ","damage_taken":0,"relics_obtained":[],"max_hp_gain":0,"max_hp_loss":0,"event_name":"betterSkull:BetterSkull","floor":20,"gold_loss":0,"cards_upgraded":[]},{"damage_healed":0,"gold_gain":0,"player_choice":"Ignored","damage_taken":0,"max_hp_gain":0,"max_hp_loss":0,"event_name":"betterNote:BetterNote","floor":22,"gold_loss":0,"cards_obtained":["hubris:InfiniteBlow"]},{"damage_healed":0,"gold_gain":0,"player_choice":"Inject Mutagens","damage_taken":0,"relics_obtained":["MutagenicStrength"],"max_hp_gain":0,"max_hp_loss":0,"event_name":"Drug Dealer","floor":30,"gold_loss":0},{"damage_healed":0,"gold_gain":0,"player_choice":"Fight","damage_taken":0,"max_hp_gain":0,"max_hp_loss":0,"event_name":"Mysterious Sphere","floor":38,"gold_loss":0},{"cards_removed":["PrismaMod:IllyaCommonAttack"],"damage_healed":0,"gold_gain":0,"player_choice":"Removed Attack","damage_taken":0,"max_hp_gain":0,"max_hp_loss":0,"event_name":"Falling","floor":47,"gold_loss":0}],"is_beta":false,"boss_relics":[{"not_picked":["Philosopher\u0027s Stone","ChewingGum"],"picked":"Replay:Ancient Bell"},{"not_picked":["Dream Catcher","Smiling Mask"],"picked":"Blood Vial"},{"not_picked":["Pantograph","infinitespire:FocusingShard"],"picked":"hubris:PeanutButter"},{"not_picked":["Girya","LagranYue:WskJewelryRelic"],"picked":"Ice Cream"},{"not_picked":["Calling Bell","SlaversCollar"],"picked":"Abe\u0027s Treasure"}],"items_purged_floors":[21,36,55],"is_endless":false,"potions_floor_spawned":[1,6,8,11,14,16,18,23,31,33,35,39,43,56],"ascension_level":0}}