{"host":"hpn0uxah5qjr7pa6","time":1612218626,"event":{"mods":["Act Like it!","Aspiration","BaseMod","Better Third Choice","BetterRewards","Challenge The Spire","Colored Powertips","Conspire","Downfall","Energized Spire","Hallownest","Hermit","Hubris","Infinite Spire","Minty Spire (QoL Compilation)","Permanent Neow","Quick Restart","Rare Cards Sparkle","Replay The Spire","Spicy Shops","StSLib","The Bug Knight","The Jungle"],"gold_per_floor":[174,189,205,220,220,252,252,252,282,282,293,318,318,348,363,363,363,363],"floor_reached":16,"language":"ENG","playtime":680,"items_purged":[],"score":216,"play_id":"2bf07719-182b-4a60-a7aa-c74f47ca5b10","local_time":"20210201143026","is_ascension_mode":true,"campfire_choices":[{"floor":13,"key":"REST"}],"circlet_count":0,"master_deck":["bronze:Strike","bronze:Strike","bronze:Strike","bronze:Strike","bronze:Defend","bronze:Defend","bronze:Defend","bronze:Defend","bronze:Replicate","bronze:WhirlingStrike","bronze:BronzeOrb","bronze:DelayedSlice","bronze:DelayedSlice","bronze:DelayedSlice"],"relics":["bronze:BronzeCore","infinitespire:Lucky Rock","hubris:Icosahedron","hubris:OldNail","HornCleat","bronze:BronzeIdol","infinitespire:ShieldingShard","Bronze Scales","Meat on the Bone"],"acts_visited":["Exordium"],"potions_floor_usage":[9,9,16,16],"damage_taken":[{"damage":4,"enemies":"Jaw Worm","floor":2,"turns":4},{"damage":5,"enemies":"Small Slimes","floor":3,"turns":3},{"damage":0,"enemies":"2 Louse","floor":4,"turns":3},{"damage":35,"enemies":"3 Sentries","floor":6,"turns":9},{"damage":12,"enemies":"Gremlin Nob","floor":9,"turns":1},{"damage":0,"enemies":"Large Slime","floor":11,"turns":4},{"damage":0,"enemies":"3 Sentries","floor":12,"turns":4},{"damage":17,"enemies":"Replay:BlueRogue","floor":14,"turns":4},{"damage":0,"enemies":"2 Fungi Beasts","floor":15,"turns":2},{"damage":36,"enemies":"DF_ARCHETYPE_STREAMLINE","floor":16,"turns":6}],"seed_played":"2684312024747657455","potions_obtained":[{"floor":3,"key":"Fire Potion"},{"floor":4,"key":"CultistPotion"},{"floor":6,"key":"Death Potion"},{"floor":15,"key":"Ancient Potion"}],"is_trial":false,"path_per_floor":["R","M","M","M","?","E","T","?","E","T","M","E","R","E","M","B"],"character_chosen":"THE_AUTOMATON","items_purchased":[],"campfire_rested":1,"item_purchase_floors":[],"current_hp_per_floor":[70,66,61,61,61,26,26,26,14,14,14,14,35,18,30,0,0,0],"gold":363,"neow_bonus":"RANDOM_COMMON_RELIC","is_daily":false,"chose_seed":false,"campfire_upgraded":0,"win_rate":0.0,"timestamp":1612218626,"path_taken":["R","M","M","M","?","E","T","?","E","?","M","E","R","E","M","BOSS"],"items_purchased_type":[],"build_version":"2020-12-22","purchased_purges":0,"victory":false,"max_hp_per_floor":[70,70,70,70,70,70,70,70,70,70,70,70,70,70,70,70,70,70],"card_choices":[{"not_picked":["bronze:DelayedGuard","bronze:CutThrough"],"picked":"bronze:WhirlingStrike","floor":2},{"not_picked":["bronze:BuggyMess","bronze:Separator","bronze:ChildClass"],"picked":"SKIP","floor":3},{"not_picked":["bronze:BitShift","bronze:Deprecate","bronze:Shell"],"picked":"SKIP","floor":4},{"not_picked":["bronze:DarkDash","bronze:Library"],"picked":"bronze:BronzeOrb","floor":6},{"not_picked":["bronze:WhirlingStrike","bronze:Shield"],"picked":"bronze:DelayedSlice","floor":9},{"not_picked":["bronze:Iterate","bronze:BugBarrage"],"picked":"bronze:DelayedSlice","floor":11},{"not_picked":["bronze:Deprecate","bronze:Shell","bronze:Invalidate"],"picked":"SKIP","floor":12},{"not_picked":["bronze:Invalidate","bronze:Repulsor","bronze:CutThrough"],"picked":"SKIP","floor":14},{"not_picked":["bronze:WhirlingStrike","bronze:ItsAFeature"],"picked":"bronze:DelayedSlice","floor":15}],"player_experience":156446,"relics_obtained":[{"floor":6,"key":"hubris:OldNail"},{"floor":7,"key":"HornCleat"},{"floor":9,"key":"bronze:BronzeIdol"},{"floor":10,"key":"infinitespire:ShieldingShard"},{"floor":12,"key":"Bronze Scales"},{"floor":14,"key":"Meat on the Bone"}],"event_choices":[],"is_beta":false,"boss_relics":[],"items_purged_floors":[],"is_endless":false,"potions_floor_spawned":[3,4,6,15],"killed_by":"DF_ARCHETYPE_STREAMLINE","ascension_level":4}}