{"host":"5n1fl7z5i1vf7jan","time":1612149535,"event":{"mods":["BaseMod","Minty Spire (QoL Compilation)","Quick Restart","Relic Stats"],"gold_per_floor":[114,126,146,71,71,71,71],"floor_reached":6,"language":"ENG","playtime":134,"items_purged":[],"score":63,"play_id":"af25d536-e601-40e4-ba19-8b982b9deee8","local_time":"20210131191855","is_ascension_mode":true,"campfire_choices":[],"circlet_count":0,"master_deck":["AscendersBane","Strike_P","Strike_P","Strike_P","Defend_P","Defend_P","Defend_P","Eruption","Vigilance","Tantrum","Prostrate","WaveOfTheHand"],"relics":["Black Star"],"acts_visited":["Exordium"],"potions_floor_usage":[],"damage_taken":[{"damage":7.0,"enemies":"Jaw Worm","floor":1.0,"turns":3.0},{"damage":0.0,"enemies":"Cultist","floor":2.0,"turns":2.0},{"damage":1.0,"enemies":"Small Slimes","floor":3.0,"turns":3.0},{"damage":31,"enemies":"Gremlin Nob","floor":6,"turns":4}],"seed_played":"6831324334539065187","potions_obtained":[{"floor":3.0,"key":"Dexterity Potion"}],"is_trial":false,"path_per_floor":["M","M","M","?","?","E"],"character_chosen":"WATCHER","items_purchased":[],"campfire_rested":0,"item_purchase_floors":[],"current_hp_per_floor":[54,54,53,53,46,15,15],"gold":71,"neow_bonus":"BOSS_RELIC","is_daily":false,"chose_seed":false,"campfire_upgraded":0,"win_rate":0.0,"timestamp":1612149535,"path_taken":["M","M","M","?","?","E"],"items_purchased_type":[],"build_version":"2020-12-22","purchased_purges":0,"victory":false,"max_hp_per_floor":[68,68,68,68,68,68,68],"relic_stats":{"counters":[4,12],"Black Star":0,"obtain_stats":[{"Black Star":0,"PureWater":0},{"Black Star":0,"PureWater":0},{"Black Star":0,"PureWater":0}]},"card_choices":[{"not_picked":["BowlingBash","EmptyFist"],"picked":"Tantrum","floor":1.0},{"not_picked":["Tantrum","Collect"],"picked":"Prostrate","floor":2.0},{"not_picked":["JustLucky","FlyingSleeves"],"picked":"WaveOfTheHand","floor":3.0}],"player_experience":290490,"relics_obtained":[],"event_choices":[{"cards_removed":["Strike_P"],"damage_healed":0.0,"max_hp_gain":0.0,"max_hp_loss":0.0,"gold_gain":0.0,"event_name":"The Cleric","player_choice":"Card Removal","floor":4.0,"gold_loss":75.0,"damage_taken":0.0},{"cards_removed":["Defend_P"],"damage_healed":0.0,"max_hp_gain":0.0,"max_hp_loss":0.0,"gold_gain":0.0,"event_name":"Golden Wing","player_choice":"Card Removal","floor":5.0,"gold_loss":0.0,"damage_taken":7.0}],"is_beta":false,"boss_relics":[],"items_purged_floors":[],"is_endless":false,"potions_floor_spawned":[3],"killed_by":"Gremlin Nob","ascension_level":15}}