{"host":"takgv9cv6xf64vhq","time":1612178202,"event":{"mods":["BaseMod","Colored Powertips","Conspire","Decade(王小明)","Downfall","Energized Spire","Hermit","Hubris","LagranYue(拉格朗・月)","Marisa（F雨　魔理沙）","Minty Spire (QoL Compilation)","Replay The Spire","StSLib","The Cursed","The Hierophant","The Jungle","The Servant 0.9.4","TheHeartMod"],"gold_per_floor":[114,134,134,134,145,176,176,186,256,276,276,276,287,298,298,394,394,406,418,418,418,79,79,104,104,104,231,243,262,296,308,308,511,511,521,536,162,176,235,260,280,308,308,137,148,196,0,12,12,12,12,12,12,46,46],"floor_reached":56,"language":"ZHS","playtime":5378,"items_purged":["Mind Blast","Strike_G"],"score":1503,"play_id":"730c6819-50f9-43b2-ab09-ff0e514bbd54","local_time":"20210201191642","is_ascension_mode":true,"campfire_choices":[{"data":"Bouncing Flask","floor":7.0,"key":"SMITH"},{"data":"Noxious Fumes","floor":11.0,"key":"SMITH"},{"floor":15.0,"key":"DIG"},{"floor":23.0,"key":"RECALL"},{"data":"Envenom","floor":25.0,"key":"SMITH"},{"data":"After Image","floor":32.0,"key":"SMITH"},{"data":"Catalyst","floor":49,"key":"SMITH"},{"data":"Footwork","floor":52,"key":"SMITH"}],"circlet_count":0,"master_deck":["Strike_G","Strike_G+1","Strike_G","Strike_G","Defend_G","Defend_G","Defend_G","Defend_G","Defend_G","Survivor","Neutralize+1","Backflip","Bouncing Flask+1","Replay:Poison Smokescreen","Bouncing Flask","Noxious Fumes+1","Bane","Envenom+1","Quick Slash","Atom Bomb+1","ReplayTheSpireMod:Tripwire","Deflect+1","Apotheosis+1","Venomology","After Image+1","ReplayTheSpireMod:Tripwire","Distraction","Distraction+1","Replay:Bag of Tricks","PiercingWail","Replay:Poison Smokescreen","Calculated Gamble","Calculated Gamble","Terror+1","Bane+1","Catalyst+1","Adrenaline","Acrobatics+1","Wraith Form v2","Footwork+1","Deflect","Envenom"],"relics":["energizedSpire:DeadBattery","Ring of Fangs","ReplayTheSpireMod:Ring of Collecting","hubris:PeanutButter","ReplayTheSpireMod:Ring of Exchange","hubris:Backtick","Snake Skull","hubris:Icosahedron","Nloth\u0027s Gift","Guide Book","Dead Branch","Ring of Peace","conspire:BottledYoYo","Pear","Guardian:PocketSentry","energizedSpire:EnergizedDie","conspire:Flyswatter","hubris:ToyBattleship","Replay:Bottled Flurry","hubris:AncientText","ReplayTheSpireMod:TigerMarble","hexamod:Sixitude","Red Mask","Replay:Accelerometer"],"acts_visited":["Exordium","TheCity","TheBeyond","TheEnding"],"potions_floor_usage":[35,36,38,38,41,42,42,42,42,42,42,42,45,46,46,50,50,55,55,55],"damage_taken":[{"damage":1.0,"enemies":"Jaw Worm","floor":1.0,"turns":5.0},{"damage":0.0,"enemies":"Small Slimes","floor":2.0,"turns":3.0},{"damage":2.0,"enemies":"Cultist","floor":5.0,"turns":4.0},{"damage":7.0,"enemies":"Lagavulin","floor":6.0,"turns":5.0},{"damage":0.0,"enemies":"Large Slime","floor":8.0,"turns":6.0},{"damage":0.0,"enemies":"Looter","floor":10.0,"turns":3.0},{"damage":0.0,"enemies":"Red Slaver","floor":13.0,"turns":3.0},{"damage":8.0,"enemies":"Gremlin Gang","floor":14.0,"turns":6.0},{"damage":14.0,"enemies":"Slime Boss","floor":16.0,"turns":8.0},{"damage":16.0,"enemies":"2 Thieves","floor":18.0,"turns":3.0},{"damage":0.0,"enemies":"Chosen","floor":19.0,"turns":3.0},{"damage":10.0,"enemies":"Replay:Snechameleon","floor":24.0,"turns":5.0},{"damage":1.0,"enemies":"Book of Stabbing","floor":27.0,"turns":5.0},{"damage":0.0,"enemies":"Centurion and Healer","floor":28.0,"turns":5.0},{"damage":0.0,"enemies":"Snecko","floor":29.0,"turns":4.0},{"damage":0.0,"enemies":"conspire:Head Lice","floor":30.0,"turns":7.0},{"damage":0.0,"enemies":"Snake Plant","floor":31.0,"turns":4.0},{"damage":26.0,"enemies":"Automaton","floor":33.0,"turns":10.0},{"damage":0,"enemies":"3 Darklings","floor":35,"turns":6},{"damage":0,"enemies":"3 Shapes","floor":36,"turns":4},{"damage":0,"enemies":"Spire Growth","floor":38,"turns":4},{"damage":0,"enemies":"R_Hoarder","floor":40,"turns":4},{"damage":0,"enemies":"Maw","floor":41,"turns":3},{"damage":0,"enemies":"Giant Head","floor":42,"turns":6},{"damage":0,"enemies":"Writhing Mass","floor":45,"turns":5},{"damage":0,"enemies":"2 Orb Walkers","floor":46,"turns":3},{"damage":0,"enemies":"4 Shapes","floor":48,"turns":5},{"damage":0,"enemies":"Awakened One","floor":50,"turns":9},{"damage":10,"enemies":"Shield and Spear","floor":54,"turns":5},{"damage":0,"enemies":"NeowBoss","floor":55,"turns":6}],"seed_played":"-7553405535917995782","potions_obtained":[{"floor":1.0,"key":"CunningPotion"},{"floor":6.0,"key":"Poison Potion"},{"floor":13.0,"key":"Doom Potion"},{"floor":16.0,"key":"Reflective Coating"},{"floor":18.0,"key":"PowerPotion"},{"floor":19.0,"key":"Dexterity Potion"},{"floor":30.0,"key":"Fire Potion"},{"floor":31.0,"key":"Swift Potion"},{"floor":38,"key":"SpeedPotion"},{"floor":41,"key":"EntropicBrew"},{"floor":46,"key":"BlessingOfTheForge"}],"is_trial":false,"path_per_floor":["M","M","?","?","M","E","R","M","T","M","R","?","M","M","R","B",null,"M","M","?","?","$","R","E","R","T","E","M","M","E","M","R","B",null,"M","M","$","M","?","E","M","E","T","$","M","?","?","M","R","B",null,"R","$","E","B",null],"character_chosen":"THE_SILENT","items_purchased":["Apotheosis","Guide Book","conspire:Flyswatter","Calculated Gamble","Footwork"],"campfire_rested":0,"item_purchase_floors":[22,22,37,37,44],"current_hp_per_floor":[69,69,69,69,67,60,60,60,60,60,60,60,60,52,52,38,70,54,54,54,54,54,54,44,44,44,53,53,53,53,53,53,27,80,80,80,80,80,80,80,80,80,80,80,80,80,80,80,80,80,80,80,80,70,70],"gold":46,"neow_bonus":"BOSS_RELIC","is_daily":false,"chose_seed":false,"campfire_upgraded":6,"win_rate":0.0,"timestamp":1612178202,"path_taken":["M","M","?","?","?","E","R","M","T","M","R","?","M","M","R","BOSS","M","?","?","?","$","R","E","R","T","E","?","M","E","?","R","BOSS","M","M","$","M","?","E","M","E","T","$","M","?","?","M","R","BOSS","R","$","E","BOSS"],"items_purchased_type":["Card","Relic","Relic","Card","Card"],"build_version":"2020-12-22","purchased_purges":2,"victory":true,"max_hp_per_floor":[70,70,70,70,70,70,70,70,70,70,70,70,70,70,70,70,70,70,70,70,70,70,70,70,70,70,80,80,80,80,80,80,80,80,80,80,80,80,80,80,80,80,80,80,80,80,80,80,80,80,80,80,80,80,80],"card_choices":[{"not_picked":["conspire:DoublingDagger","Dagger Spray"],"picked":"Backflip","floor":1.0},{"not_picked":["Bane","Cloak And Dagger"],"picked":"Bouncing Flask","floor":2.0},{"not_picked":["Dagger Throw","Dash"],"picked":"Replay:Poison Smokescreen","floor":5.0},{"not_picked":["Underhanded Strike","Dagger Throw"],"picked":"Bouncing Flask","floor":6.0},{"not_picked":["Calculated Gamble","Deadly Poison"],"picked":"Noxious Fumes","floor":8.0},{"not_picked":["Glass Knife","Blade Dance"],"picked":"Bane","floor":10.0},{"not_picked":["Expertise","Blade Dance"],"picked":"Quick Slash","floor":13.0},{"not_picked":["Outmaneuver","Quick Slash","Expertise"],"picked":"SKIP","floor":14.0},{"not_picked":["ReplayTheSpireMod:From All Sides","Grand Finale"],"picked":"Atom Bomb","floor":16.0},{"not_picked":["Slice","Footwork"],"picked":"ReplayTheSpireMod:Tripwire","floor":18.0},{"not_picked":["Underhanded Strike","ReplayTheSpireMod:Speed Training+1"],"picked":"Deflect+1","floor":19.0},{"not_picked":["Masterful Stab","ReplayTheSpireMod:Scrap Shanks"],"picked":"Venomology","floor":24.0},{"not_picked":["Endless Agony","Eviscerate+1"],"picked":"After Image","floor":27.0},{"not_picked":["ReplayTheSpireMod:Exploit Weakness","hubris:SlightOfHand"],"picked":"ReplayTheSpireMod:Tripwire","floor":28.0},{"not_picked":["Blade Dance","Accuracy"],"picked":"Distraction","floor":29.0},{"not_picked":["Flying Knee+1","Setup","Leg Sweep"],"picked":"SKIP","floor":30.0},{"not_picked":["Masterful Stab","Quick Slash"],"picked":"Distraction+1","floor":31.0},{"not_picked":["Grand Finale","Storm of Steel"],"picked":"Replay:Bag of Tricks","floor":33.0},{"not_picked":["Flying Knee+1","Eviscerate"],"picked":"PiercingWail","floor":35},{"not_picked":["Acrobatics+1","Dagger Spray"],"picked":"Replay:Poison Smokescreen","floor":36},{"not_picked":["Poisoned Stab","Acrobatics+1"],"picked":"Terror+1","floor":38},{"not_picked":["Deflect","Cloak And Dagger+1"],"picked":"Bane+1","floor":39},{"not_picked":["Prepared","hubris:SlightOfHand"],"picked":"Catalyst","floor":39},{"not_picked":["Acrobatics+1","Bouncing Flask+1"],"picked":"Adrenaline","floor":40},{"not_picked":["Dagger Throw","Slice"],"picked":"Acrobatics+1","floor":41},{"not_picked":["Leg Sweep+1","Venomology"],"picked":"Wraith Form v2","floor":42},{"not_picked":["hubris:Counter+1","Underhanded Strike","Sneak Up"],"picked":"SKIP","floor":45},{"not_picked":["Poisoned Stab","Cloak And Dagger"],"picked":"Deflect","floor":48},{"not_picked":["Sucker Punch","Flying Knee"],"picked":"Envenom","floor":54}],"player_experience":312032,"relics_obtained":[{"floor":3.0,"key":"Ring of Fangs"},{"floor":3.0,"key":"ReplayTheSpireMod:Ring of Collecting"},{"floor":6.0,"key":"hubris:PeanutButter"},{"floor":9.0,"key":"ReplayTheSpireMod:Ring of Exchange"},{"floor":15.0,"key":"Whetstone"},{"floor":24.0,"key":"Dead Branch"},{"floor":26.0,"key":"Ring of Peace"},{"floor":26.0,"key":"conspire:BottledYoYo"},{"floor":27.0,"key":"Pear"},{"floor":30.0,"key":"Guardian:PocketSentry"},{"floor":39,"key":"hubris:ToyBattleship"},{"floor":40,"key":"Replay:Bottled Flurry"},{"floor":42,"key":"hubris:AncientText"},{"floor":43,"key":"ReplayTheSpireMod:TigerMarble"},{"floor":46,"key":"hexamod:Sixitude"},{"floor":54,"key":"Replay:Accelerometer"}],"event_choices":[{"cards_removed":["Languid"],"damage_healed":0.0,"max_hp_gain":0.0,"max_hp_loss":0.0,"gold_gain":0.0,"event_name":"Fountain of Cleansing","player_choice":"Removed Curses","floor":4.0,"gold_loss":0.0,"damage_taken":0.0},{"damage_healed":0.0,"max_hp_gain":0.0,"max_hp_loss":0.0,"gold_gain":0.0,"event_name":"Match and Keep!","player_choice":"2 cards matched","floor":12.0,"gold_loss":0.0,"damage_taken":0.0,"cards_obtained":["Envenom","Mind Blast"]},{"damage_healed":0.0,"max_hp_gain":0.0,"max_hp_loss":0.0,"gold_gain":0.0,"event_name":"N\u0027loth","player_choice":"Traded Relic","floor":21.0,"relics_lost":["Whetstone"],"gold_loss":0.0,"damage_taken":0.0,"relics_obtained":["Nloth\u0027s Gift"]},{"damage_healed":0,"gold_gain":0,"player_choice":"Fight","damage_taken":0,"max_hp_gain":0,"max_hp_loss":0,"event_name":"Mysterious Sphere","floor":46,"gold_loss":0},{"damage_healed":0,"gold_gain":0,"player_choice":"Paid","damage_taken":0,"relics_obtained":["Red Mask"],"max_hp_gain":0,"max_hp_loss":0,"event_name":"Tomb of Lord Red Mask","floor":47,"gold_loss":196}],"is_beta":false,"boss_relics":[{"not_picked":["Fusion Hammer","LagranYue:NewUniverseRelic"],"picked":"hubris:Backtick"},{"not_picked":["ReplayTheSpireMod:DimensionalGlitch","HandDrill"],"picked":"energizedSpire:EnergizedDie"}],"items_purged_floors":[37,44],"is_endless":false,"potions_floor_spawned":[1,6,13,16,18,19,30,31,38,41,42,45,46],"ascension_level":1}}