{"host":"ia9e4s524g7bamk7","time":1612176381,"event":{"mods":["AchievementEnabler","BaseMod","Minty Spire (QoL Compilation)","Slay-I"],"gold_per_floor":[364,364,143,162,162,162,180,180,180,213,225,257,276,302,302,398,398,415,415,514,47,63,95,95,120,120,135,167,72,72,86,86,186,186,197,208,208,4,24,24,0,0,0,16,50,20,30,30,30,30,30,30,2,29,29,29],"floor_reached":55,"language":"ENG","playtime":3949,"items_purged":["Strike_B","Strike_B","Writhe","Clumsy"],"score":1026,"play_id":"08875e10-4ef7-4504-9cb9-a23d8a5672ce","local_time":"20210201114621","is_ascension_mode":true,"campfire_choices":[{"data":"Storm","floor":6.0,"key":"SMITH"},{"data":"Zap","floor":8.0,"key":"SMITH"},{"floor":15.0,"key":"REST"},{"floor":24.0,"key":"REST"},{"floor":32.0,"key":"REST"},{"floor":40.0,"key":"RECALL"},{"floor":42.0,"key":"REST"},{"floor":49.0,"key":"REST"},{"floor":52.0,"key":"REST"}],"circlet_count":0,"master_deck":["Defend_B","Defend_B","Defend_B","Zap+1","Dualcast","Cold Snap","Storm+1","Cold Snap","Cold Snap","FTL","Electrodynamics","White Noise","Ball Lightning+1","Conserve Battery","FTL+1","BootSequence","Lockon+1","Loop","Capacitor+1","Loop+1","Blizzard+1","Conserve Battery","Writhe","Cold Snap+1","Force Field","Blizzard+1","Cold Snap+1"],"relics":["Cracked Core","Membership Card","Mercury Hourglass","The Courier","Tiny Chest","Art of War","Cursed Key","Molten Egg 2","Pear","Bag of Preparation","Pen Nib","Ornamental Fan","Kunai","Happy Flower","Mummified Hand","PreservedInsect","Velvet Choker","Regal Pillow","Cables","Red Mask","Turnip","Bag of Marbles"],"acts_visited":["TheCity","TheBeyond","TheEnding"],"potions_floor_usage":[],"damage_taken":[{"damage":0.0,"enemies":"Small Slimes","floor":1.0,"turns":3.0},{"damage":0.0,"enemies":"2 Louse","floor":4.0,"turns":3.0},{"damage":2.0,"enemies":"Jaw Worm","floor":7.0,"turns":5.0},{"damage":11.0,"enemies":"3 Sentries","floor":10.0,"turns":7.0},{"damage":4.0,"enemies":"Looter","floor":11.0,"turns":2.0},{"damage":11.0,"enemies":"Lagavulin","floor":12.0,"turns":6.0},{"damage":0.0,"enemies":"3 Louse","floor":13.0,"turns":2.0},{"damage":16.0,"enemies":"Gremlin Nob","floor":14.0,"turns":4.0},{"damage":22.0,"enemies":"Hexaghost","floor":16.0,"turns":12.0},{"damage":8.0,"enemies":"Chosen","floor":18.0,"turns":3.0},{"damage":12.0,"enemies":"Shell Parasite","floor":22.0,"turns":5.0},{"damage":30.0,"enemies":"Book of Stabbing","floor":23.0,"turns":5.0},{"damage":41.0,"enemies":"Gremlin Leader","floor":25.0,"turns":5.0},{"damage":7.0,"enemies":"Centurion and Healer","floor":27.0,"turns":5.0},{"damage":7.0,"enemies":"Slavers","floor":28.0,"turns":2.0},{"damage":0.0,"enemies":"Snecko","floor":31.0,"turns":2.0},{"damage":13.0,"enemies":"Collector","floor":33.0,"turns":6.0},{"damage":0.0,"enemies":"3 Shapes","floor":35.0,"turns":3.0},{"damage":0.0,"enemies":"Orb Walker","floor":36.0,"turns":3.0},{"damage":22.0,"enemies":"Maw","floor":39.0,"turns":5.0},{"damage":26.0,"enemies":"Spire Growth","floor":44.0,"turns":4.0},{"damage":25.0,"enemies":"Reptomancer","floor":45.0,"turns":4.0},{"damage":0.0,"enemies":"Sphere and 2 Shapes","floor":47.0,"turns":4.0},{"damage":50.0,"enemies":"Donu and Deca","floor":50.0,"turns":8.0},{"damage":69,"enemies":"Shield and Spear","floor":54,"turns":4},{"damage":54,"enemies":"The Heart","floor":55,"turns":2}],"seed_played":"-9170970972943445020","potions_obtained":[{"floor":1.0,"key":"FairyPotion"},{"floor":7.0,"key":"Block Potion"},{"floor":12.0,"key":"Block Potion"},{"floor":13.0,"key":"Ancient Potion"},{"floor":18.0,"key":"LiquidMemories"},{"floor":28.0,"key":"FearPotion"},{"floor":44.0,"key":"DuplicationPotion"},{"floor":45.0,"key":"Energy Potion"},{"floor":54,"key":"Explosive Potion"}],"is_trial":false,"path_per_floor":["M","?","$","M","?","R","M","R","T","E","M","E","M","E","R","B",null,"M","?","?","$","M","E","R","E","T","M","E","$","?","M","R","B",null,"M","M","T","$","M","R","?","R","T","M","E","$","M","$","R","B",null,"R","$","E","B"],"character_chosen":"DEFECT","items_purchased":["Membership Card","Storm","Molten Egg 2","Pear","Bag of Preparation","Pen Nib","Ornamental Fan","BootSequence","Blizzard+1","Cables","Force Field","Blizzard+1"],"campfire_rested":6,"item_purchase_floors":[3,3,21,21,21,21,21,29,38,38,46,53],"current_hp_per_floor":[68,73,73,73,66,66,64,64,64,53,49,38,38,22,43,21,60,52,52,52,62,50,20,44,3,3,24,17,17,17,17,41,28,69,69,69,69,69,47,47,47,83,83,57,32,32,32,32,71,21,68,83,83,14,0,0],"gold":29,"neow_bonus":"TWO_FIFTY_GOLD","is_daily":false,"chose_seed":false,"campfire_upgraded":2,"win_rate":0.0,"timestamp":1612176381,"path_taken":["M","?","$","M","?","R","M","R","T","E","M","E","M","E","R","BOSS","M","?","?","$","M","E","R","E","T","M","E","$","?","M","R","BOSS","M","M","?","$","M","R","?","R","T","M","E","$","M","?","R","BOSS","R","$","E","BOSS"],"items_purchased_type":["Relic","Card","Relic","Relic","Relic","Relic","Relic","Card","Card","Relic","Card","Card"],"build_version":"2020-12-22","purchased_purges":4,"victory":false,"max_hp_per_floor":[68,73,73,73,73,73,73,73,73,73,73,73,73,73,73,73,73,73,73,73,83,83,83,83,83,83,83,83,83,83,83,83,83,83,83,83,83,83,83,83,83,83,83,83,83,83,83,83,83,83,83,83,83,83,83,83],"card_choices":[{"not_picked":["Undo","Stack"],"picked":"Cold Snap","floor":1.0},{"not_picked":["Coolheaded","Sunder"],"picked":"Cold Snap","floor":4.0},{"not_picked":["Static Discharge","Glacier"],"picked":"Cold Snap","floor":7.0},{"not_picked":["Skim","BootSequence"],"picked":"FTL","floor":10.0},{"not_picked":["Ball Lightning","Beam Cell","Auto Shields"],"picked":"SKIP","floor":11.0},{"not_picked":["Hologram","Scrape","Conserve Battery"],"picked":"SKIP","floor":12.0},{"not_picked":["Hologram","Scrape","Conserve Battery"],"picked":"SKIP","floor":12.0},{"not_picked":["Compile Driver","Leap","Fusion"],"picked":"SKIP","floor":13.0},{"not_picked":["Consume","Barrage","Reinforced Body"],"picked":"SKIP","floor":14.0},{"not_picked":["Buffer","Machine Learning"],"picked":"Electrodynamics","floor":16.0},{"not_picked":["Reinforced Body","Scrape","Compile Driver"],"picked":"SKIP","floor":18.0},{"not_picked":["Compile Driver+1","Rip and Tear+1","Redo"],"picked":"SKIP","floor":22.0},{"not_picked":["Leap","Hologram"],"picked":"Ball Lightning+1","floor":23.0},{"not_picked":["Cold Snap+1","Steam"],"picked":"Conserve Battery","floor":25.0},{"not_picked":["Rebound+1","Go for the Eyes+1","Redo"],"picked":"SKIP","floor":27.0},{"not_picked":["Sweeping Beam+1","Skim"],"picked":"FTL+1","floor":28.0},{"not_picked":["Redo","Undo","Rebound+1"],"picked":"SKIP","floor":31.0},{"not_picked":["Chill","Stack+1"],"picked":"Capacitor+1","floor":35.0},{"not_picked":["Doom and Gloom+1","Skim"],"picked":"Loop+1","floor":36.0},{"not_picked":["Redo","Chill"],"picked":"Conserve Battery","floor":39.0},{"not_picked":["Sunder+1","Go for the Eyes+1","Beam Cell+1"],"picked":"SKIP","floor":44.0},{"not_picked":["Gash+1","Beam Cell+1"],"picked":"Cold Snap+1","floor":45.0},{"not_picked":["Chaos","Sweeping Beam+1","Turbo"],"picked":"SKIP","floor":47.0},{"not_picked":["Streamline+1","Chaos+1"],"picked":"Cold Snap+1","floor":54}],"player_experience":215351,"relics_obtained":[{"floor":9.0,"key":"Mercury Hourglass"},{"floor":10.0,"key":"The Courier"},{"floor":12.0,"key":"Tiny Chest"},{"floor":14.0,"key":"Art of War"},{"floor":23.0,"key":"Kunai"},{"floor":25.0,"key":"Happy Flower"},{"floor":26.0,"key":"Mummified Hand"},{"floor":28.0,"key":"PreservedInsect"},{"floor":37.0,"key":"Regal Pillow"},{"floor":45.0,"key":"Turnip"},{"floor":54,"key":"Bag of Marbles"}],"event_choices":[{"damage_healed":0.0,"max_hp_gain":5.0,"max_hp_loss":0.0,"gold_gain":0.0,"event_name":"Big Fish","player_choice":"Donut","floor":2.0,"gold_loss":0.0,"damage_taken":0.0},{"cards_removed":["Strike_B"],"damage_healed":0.0,"max_hp_gain":0.0,"max_hp_loss":0.0,"gold_gain":0.0,"event_name":"Golden Wing","player_choice":"Card Removal","floor":5.0,"gold_loss":0.0,"damage_taken":7.0},{"damage_healed":0.0,"max_hp_gain":0.0,"max_hp_loss":0.0,"gold_gain":0.0,"event_name":"The Library","player_choice":"Read","floor":19.0,"gold_loss":0.0,"damage_taken":0.0,"cards_obtained":["White Noise"]},{"damage_healed":0.0,"max_hp_gain":0.0,"max_hp_loss":0.0,"gold_gain":99.0,"event_name":"Nest","player_choice":"Stole From Cult","floor":20.0,"gold_loss":0.0,"damage_taken":0.0},{"damage_healed":0.0,"max_hp_gain":0.0,"max_hp_loss":0.0,"gold_gain":0.0,"cards_transformed":["Strike_B","Defend_B"],"event_name":"Drug Dealer","player_choice":"Became Test Subject","floor":30.0,"gold_loss":0.0,"damage_taken":0.0,"cards_obtained":["Lockon","Loop"]},{"damage_healed":0.0,"max_hp_gain":0.0,"max_hp_loss":0.0,"gold_gain":0.0,"event_name":"Tomb of Lord Red Mask","player_choice":"Paid","floor":41.0,"gold_loss":24.0,"damage_taken":0.0,"relics_obtained":["Red Mask"]}],"is_beta":false,"boss_relics":[{"not_picked":["Ectoplasm","Black Star"],"picked":"Cursed Key"},{"not_picked":["Tiny House","Philosopher\u0027s Stone"],"picked":"Velvet Choker"}],"items_purged_floors":[3,21,29,38],"is_endless":false,"potions_floor_spawned":[1,7,12,13,14,18,28,44,45,54],"killed_by":"The Heart","ascension_level":7}}