{"host":"8lno9xwgef3sjccz","time":1612197562,"event":{"mods":["AchievementEnabler","BaseMod","Minty Spire (QoL Compilation)","Relic Stats"],"gold_per_floor":[114,134,148,160,179,208,208,243,243,243,254,265,285,298,298,398,398,411,423,10,10,25,25,59,71,106,149,161,161],"floor_reached":28,"language":"ENG","playtime":1760,"items_purged":[],"score":359,"play_id":"6ea71f31-da7a-412c-ad51-94d75a588602","local_time":"20210201113922","is_ascension_mode":true,"campfire_choices":[{"data":"Perfected Strike","floor":7,"key":"SMITH"},{"data":"Uppercut","floor":10,"key":"SMITH"},{"floor":15,"key":"REST"},{"floor":23,"key":"REST"},{"data":"Demon Form","floor":25,"key":"SMITH"}],"circlet_count":0,"master_deck":["Strike_R","Strike_R","Strike_R","Strike_R","Strike_R","Defend_R","Defend_R","Defend_R","Defend_R","Bash","Iron Wave","Perfected Strike+1","Heavy Blade","Shrug It Off","Spot Weakness","Uppercut+1","Twin Strike","Headbutt","Sword Boomerang","Perfected Strike","Exhume","Demon Form+1","Uppercut","Feel No Pain+1","Perfected Strike+1","Dual Wield","Sentinel+1"],"relics":["Snecko Eye","White Beast Statue","Gambling Chip","Matryoshka","SlaversCollar","Ginger","MawBank","The Courier","Nunchaku","Kunai"],"acts_visited":["Exordium","TheCity"],"potions_floor_usage":[4,6,8,14,16,16,16,18,18,24,27,27,27,28],"damage_taken":[{"damage":1,"enemies":"Small Slimes","floor":1,"turns":2},{"damage":3,"enemies":"2 Louse","floor":2,"turns":2},{"damage":2,"enemies":"Jaw Worm","floor":3,"turns":3},{"damage":16,"enemies":"Lots of Slimes","floor":4,"turns":5},{"damage":17,"enemies":"Looter","floor":5,"turns":3},{"damage":10,"enemies":"Gremlin Nob","floor":6,"turns":3},{"damage":10,"enemies":"3 Sentries","floor":8,"turns":5},{"damage":1,"enemies":"Exordium Wildlife","floor":11,"turns":2},{"damage":0,"enemies":"3 Louse","floor":12,"turns":2},{"damage":0,"enemies":"2 Fungi Beasts","floor":13,"turns":2},{"damage":0,"enemies":"Looter","floor":14,"turns":1},{"damage":14,"enemies":"Hexaghost","floor":16,"turns":6},{"damage":28,"enemies":"Spheric Guardian","floor":18,"turns":3},{"damage":9,"enemies":"3 Byrds","floor":19,"turns":5},{"damage":5,"enemies":"Snecko","floor":22,"turns":4},{"damage":0,"enemies":"Slavers","floor":24,"turns":4},{"damage":21,"enemies":"Gremlin Leader","floor":27,"turns":3},{"damage":33,"enemies":"Sentry and Sphere","floor":28,"turns":4}],"seed_played":"-1486634184145087990","potions_obtained":[{"floor":2,"key":"SkillPotion"},{"floor":6,"key":"EntropicBrew"},{"floor":8,"key":"SteroidPotion"},{"floor":11,"key":"LiquidMemories"},{"floor":14,"key":"PowerPotion"},{"floor":16,"key":"LiquidBronze"},{"floor":18,"key":"Fruit Juice"},{"floor":19,"key":"SteroidPotion"},{"floor":22,"key":"Block Potion"},{"floor":24,"key":"Dexterity Potion"},{"floor":27,"key":"Strength Potion"}],"is_trial":false,"path_per_floor":["M","M","M","M","M","E","R","E","T","R","M","M","M","M","R","B",null,"M","M","$","?","M","R","E","R","T","E","M"],"character_chosen":"IRONCLAD","items_purchased":["CultistPotion","Ginger"],"campfire_rested":2,"item_purchase_floors":[20,20],"current_hp_per_floor":[79,76,74,58,41,31,31,21,21,21,20,20,20,20,44,30,80,57,48,48,32,27,54,54,54,54,33,0,0],"gold":161,"neow_bonus":"BOSS_RELIC","is_daily":false,"chose_seed":false,"campfire_upgraded":3,"win_rate":0.0,"timestamp":1612197562,"path_taken":["M","M","M","M","M","E","R","E","T","R","M","M","M","M","R","BOSS","M","M","$","?","M","R","E","R","T","E","M"],"items_purchased_type":["Potion","Relic"],"build_version":"2020-12-22","purchased_purges":0,"victory":false,"max_hp_per_floor":[80,80,80,80,80,80,80,80,80,80,80,80,80,80,80,80,80,85,85,85,90,90,90,90,90,90,90,90,90],"relic_stats":{"Nunchaku":[1],"counters":[18,59],"Gambling Chip":[34],"Snecko Eye":[118,105,103,126],"Ginger":[1],"Kunai":[0],"MawBank":48,"obtain_stats":[{"SlaversCollar":17,"Nunchaku":26,"Matryoshka":9,"Gambling Chip":8,"Snecko Eye":0,"The Courier":26,"Ginger":20,"Kunai":27,"MawBank":24,"Burning Blood":0,"White Beast Statue":6},{"SlaversCollar":12,"Nunchaku":16,"Matryoshka":7,"Gambling Chip":7,"Snecko Eye":0,"The Courier":16,"Ginger":14,"Kunai":17,"MawBank":16,"Burning Blood":0,"White Beast Statue":6},{"SlaversCollar":36,"Nunchaku":52,"Matryoshka":23,"Gambling Chip":23,"Snecko Eye":0,"The Courier":52,"Ginger":44,"Kunai":55,"MawBank":52,"Burning Blood":0,"White Beast Statue":18}]},"card_choices":[{"not_picked":["Warcry","Twin Strike"],"picked":"Iron Wave","floor":1},{"not_picked":["Sword Boomerang","Wild Strike"],"picked":"Perfected Strike","floor":2},{"not_picked":["Infernal Blade","Sword Boomerang"],"picked":"Heavy Blade","floor":3},{"not_picked":["Wild Strike","Disarm"],"picked":"Shrug It Off","floor":4},{"not_picked":["Limit Break","Havoc"],"picked":"Spot Weakness","floor":5},{"not_picked":["Shrug It Off","Hemokinesis"],"picked":"Uppercut","floor":6},{"not_picked":["Clash","Rupture"],"picked":"Twin Strike","floor":8},{"not_picked":["Flex","Clash"],"picked":"Headbutt","floor":11},{"not_picked":["Clash","Flex"],"picked":"Sword Boomerang","floor":12},{"not_picked":["Twin Strike","Warcry"],"picked":"Perfected Strike","floor":13},{"not_picked":["Clash","Twin Strike"],"picked":"Exhume","floor":14},{"not_picked":["Juggernaut","Double Tap"],"picked":"Demon Form","floor":16},{"not_picked":["Cleave","Havoc+1"],"picked":"Uppercut","floor":18},{"not_picked":["Flex","Infernal Blade"],"picked":"Feel No Pain+1","floor":19},{"not_picked":["Rupture","Clothesline"],"picked":"Perfected Strike+1","floor":22},{"not_picked":["Brutality","Twin Strike"],"picked":"Dual Wield","floor":24},{"not_picked":["Clash","Headbutt"],"picked":"Sentinel+1","floor":27}],"player_experience":82112,"relics_obtained":[{"floor":6,"key":"White Beast Statue"},{"floor":8,"key":"Gambling Chip"},{"floor":9,"key":"Matryoshka"},{"floor":24,"key":"MawBank"},{"floor":26,"key":"The Courier"},{"floor":26,"key":"Nunchaku"},{"floor":27,"key":"Kunai"}],"event_choices":[{"damage_healed":0,"gold_gain":0,"player_choice":"Shed Blood","damage_taken":21,"max_hp_gain":5,"max_hp_loss":0,"event_name":"Forgotten Altar","floor":21,"gold_loss":0}],"is_beta":false,"boss_relics":[{"not_picked":["Coffee Dripper","Cursed Key"],"picked":"SlaversCollar"}],"items_purged_floors":[],"is_endless":false,"potions_floor_spawned":[2,6,8,11,12,13,14,16,18,19,22,24,27],"killed_by":"Sentry and Sphere","ascension_level":4}}