{"host":"dztixnx9b0gu6w9i","time":1612217261,"event":{"mods":["BaseMod","Bestiary","Minty Spire (QoL Compilation)","Relic Stats","Slay the Relics Exporter","SpireBot","ojb\u0027s Better Paths Mod","ojb\u0027s Info Mod"],"gold_per_floor":[116,166,176,194,204,230,230,256,256,273,273,273],"floor_reached":11,"language":"ENG","playtime":1916,"items_purged":[],"score":170,"play_id":"24cfac63-1f27-4e42-89cd-766deaa6b6c3","local_time":"20210201170741","is_ascension_mode":true,"campfire_choices":[{"floor":7,"key":"REST"}],"circlet_count":0,"master_deck":["AscendersBane","Strike_R","Strike_R","Strike_R","Strike_R","Strike_R","Defend_R","Defend_R","Defend_R","Defend_R","Bash","Impervious","Iron Wave","Body Slam","Twin Strike","Clothesline","Perfected Strike","Disarm","Metallicize"],"relics":["Burning Blood","Sundial","White Beast Statue","Mummified Hand"],"acts_visited":["Exordium"],"potions_floor_usage":[8,10],"damage_taken":[{"damage":5,"enemies":"Small Slimes","floor":1,"turns":4},{"damage":7,"enemies":"Cultist","floor":3,"turns":4},{"damage":9,"enemies":"Jaw Worm","floor":4,"turns":4},{"damage":4,"enemies":"3 Louse","floor":5,"turns":4},{"damage":40,"enemies":"3 Sentries","floor":6,"turns":10},{"damage":36,"enemies":"Lagavulin","floor":8,"turns":10},{"damage":5,"enemies":"2 Fungi Beasts","floor":10,"turns":3},{"damage":23,"enemies":"Gremlin Nob","floor":11,"turns":3}],"seed_played":"3715877544597302468","potions_obtained":[{"floor":1,"key":"ElixirPotion"},{"floor":8,"key":"GamblersBrew"},{"floor":10,"key":"LiquidBronze"}],"is_trial":false,"path_per_floor":["M","?","M","M","M","E","R","E","T","M","E"],"character_chosen":"IRONCLAD","items_purchased":[],"campfire_rested":1,"item_purchase_floors":[],"current_hp_per_floor":[68,62,61,58,60,26,46,16,16,17,0,0],"gold":273,"neow_bonus":"THREE_RARE_CARDS","is_daily":false,"chose_seed":false,"campfire_upgraded":0,"win_rate":0.0,"timestamp":1612217261,"path_taken":["M","?","M","?","M","E","R","E","T","?","E"],"items_purchased_type":[],"build_version":"2020-12-22","purchased_purges":0,"victory":false,"max_hp_per_floor":[68,68,68,68,68,68,68,68,68,68,68,68],"relic_stats":{"counters":[8,42],"Sundial":[2],"Mummified Hand":[2],"obtain_stats":[{"Sundial":6,"Mummified Hand":9,"Burning Blood":0,"White Beast Statue":8},{"Sundial":5,"Mummified Hand":6,"Burning Blood":0,"White Beast Statue":6},{"Sundial":26,"Mummified Hand":36,"Burning Blood":0,"White Beast Statue":36}],"Burning Blood":41},"card_choices":[{"not_picked":["Limit Break","Barricade"],"picked":"Impervious","floor":0},{"not_picked":["Bloodletting","Thunderclap"],"picked":"Iron Wave","floor":1},{"not_picked":["Wild Strike","Thunderclap"],"picked":"Body Slam","floor":3},{"not_picked":["Body Slam","Dark Embrace"],"picked":"Twin Strike","floor":4},{"not_picked":["Sword Boomerang","Evolve"],"picked":"Clothesline","floor":5},{"not_picked":["Warcry","Whirlwind"],"picked":"Perfected Strike","floor":6},{"not_picked":["Limit Break","Evolve"],"picked":"Disarm","floor":8},{"not_picked":["Shrug It Off","Twin Strike"],"picked":"Metallicize","floor":10}],"player_experience":8394071,"relics_obtained":[{"floor":6,"key":"Sundial"},{"floor":8,"key":"White Beast Statue"},{"floor":9,"key":"Mummified Hand"}],"event_choices":[{"damage_healed":0,"gold_gain":50,"player_choice":"Touch","damage_taken":6,"max_hp_gain":0,"max_hp_loss":0,"event_name":"FaceTrader","floor":2,"gold_loss":0}],"is_beta":false,"boss_relics":[],"items_purged_floors":[],"is_endless":false,"potions_floor_spawned":[1,8,10],"killed_by":"Gremlin Nob","ascension_level":20}}