{"host":"l5zfpd2l2htson6l","time":1612160971,"event":{"mods":["AchievementEnabler","BaseMod","Colored Map","Colored Powertips","Minty Spire (QoL Compilation)","Permanent Neow","Quick Restart","Rare Cards Sparkle","Relic Stats","SuperFastMode"],"gold_per_floor":[212,226,151,151,161,161,194,194,274,274,285,305,336,336,336,415,415,435,276,286,296,310,310,335,349,349,349,364,392,407,407,407,407,407],"floor_reached":33,"language":"ENG","playtime":1480,"items_purged":["Strike_R"],"score":578,"play_id":"1edf1c02-24f2-403b-a726-f7a38c18e5f9","local_time":"20210131222931","is_ascension_mode":true,"campfire_choices":[{"data":"Blood for Blood","floor":6.0,"key":"SMITH"},{"floor":10.0,"key":"REST"},{"floor":15.0,"key":"REST"},{"floor":23,"key":"REST"},{"floor":32,"key":"REST"}],"circlet_count":0,"master_deck":["AscendersBane","Defend_R+1","Defend_R+1","Defend_R+1","Defend_R+1","Bash+1","Dropkick","Blood for Blood+1","Headbutt","Thunderclap","Reaper","Offering","Blood for Blood","Rage","Pommel Strike+1","Ghostly Armor","Clothesline","Shrug It Off","Writhe","Bite","Bite","Bite","Bite","Bite","Shockwave+1","Armaments+1"],"relics":["Burning Blood","Orichalcum","InkBottle","Cursed Key","Paper Frog","Du-Vu Doll","Smiling Mask"],"acts_visited":["Exordium","TheCity"],"potions_floor_usage":[22,25,30,33,33],"damage_taken":[{"damage":1.0,"enemies":"Cultist","floor":1.0,"turns":3.0},{"damage":8.0,"enemies":"2 Louse","floor":2.0,"turns":4.0},{"damage":9.0,"enemies":"Small Slimes","floor":5.0,"turns":5.0},{"damage":32.0,"enemies":"Gremlin Nob","floor":7.0,"turns":4.0},{"damage":2.0,"enemies":"3 Louse","floor":11.0,"turns":3.0},{"damage":11.0,"enemies":"Looter","floor":12.0,"turns":3.0},{"damage":26.0,"enemies":"3 Sentries","floor":13.0,"turns":7.0},{"damage":49.0,"enemies":"Hexaghost","floor":16.0,"turns":9.0},{"damage":18,"enemies":"2 Thieves","floor":18,"turns":3},{"damage":16,"enemies":"Shell Parasite","floor":20,"turns":2},{"damage":42,"enemies":"Snake Plant","floor":21,"turns":4},{"damage":6,"enemies":"Centurion and Healer","floor":22,"turns":2},{"damage":32,"enemies":"Slavers","floor":24,"turns":5},{"damage":13,"enemies":"Chosen and Byrds","floor":25,"turns":5},{"damage":9,"enemies":"3 Cultists","floor":28,"turns":4},{"damage":18,"enemies":"Book of Stabbing","floor":29,"turns":4},{"damage":25,"enemies":"Snake Plant","floor":30,"turns":3},{"damage":100,"enemies":"Automaton","floor":33,"turns":10}],"seed_played":"-6628094160287987685","potions_obtained":[{"floor":1.0,"key":"GamblersBrew"},{"floor":2.0,"key":"EntropicBrew"},{"floor":12.0,"key":"SneckoOil"},{"floor":22,"key":"Weak Potion"},{"floor":28,"key":"BlessingOfTheForge"},{"floor":29,"key":"AttackPotion"}],"is_trial":false,"path_per_floor":["M","M","?","$","M","R","E","?","T","R","M","M","E","?","R","B",null,"M","$","M","M","M","R","E","M","T","?","M","E","M","?","R","B"],"character_chosen":"IRONCLAD","items_purchased":["Rage"],"campfire_rested":4,"item_purchase_floors":[19],"current_hp_per_floor":[73,71,71,71,68,68,42,35,35,57,61,56,36,36,58,23,62,62,62,54,21,33,55,31,26,26,26,41,35,24,24,46,0,0],"gold":407,"neow_bonus":"HUNDRED_GOLD","is_daily":false,"chose_seed":false,"campfire_upgraded":1,"win_rate":0.0,"timestamp":1612160971,"path_taken":["M","M","?","$","M","R","E","?","T","R","M","M","E","?","R","BOSS","M","$","M","M","M","R","E","M","T","?","M","E","M","?","R","BOSS"],"items_purchased_type":["Card"],"build_version":"2020-12-22","purchased_purges":1,"victory":false,"max_hp_per_floor":[75,75,75,75,75,75,75,75,75,75,75,75,75,75,75,75,75,75,75,75,75,75,75,75,75,75,75,75,75,75,75,75,75,75],"relic_stats":{"counters":[18,80],"Orichalcum":[126],"Cursed Key":1,"Smiling Mask":0,"obtain_stats":[{"Blood Vial":13,"Du-Vu Doll":26,"Orichalcum":7,"Cursed Key":17,"Smiling Mask":29,"Burning Blood":0,"InkBottle":9,"Paper Frog":24},{"Blood Vial":7,"Du-Vu Doll":14,"Orichalcum":4,"Cursed Key":8,"Smiling Mask":16,"Burning Blood":0,"InkBottle":4,"Paper Frog":13},{"Blood Vial":29,"Du-Vu Doll":59,"Orichalcum":16,"Cursed Key":38,"Smiling Mask":67,"Burning Blood":0,"InkBottle":16,"Paper Frog":54}],"Burning Blood":102,"InkBottle":[22]},"card_choices":[{"not_picked":["Combust","Armaments"],"picked":"Dropkick","floor":1.0},{"not_picked":["Havoc","Thunderclap"],"picked":"Blood for Blood","floor":2.0},{"not_picked":["Dual Wield","Dark Embrace","Body Slam"],"picked":"SKIP","floor":5.0},{"not_picked":["Rage","Sever Soul"],"picked":"Headbutt","floor":7.0},{"not_picked":["Sword Boomerang","Perfected Strike","Heavy Blade"],"picked":"SKIP","floor":11.0},{"not_picked":["Sever Soul","Anger"],"picked":"Thunderclap","floor":12.0},{"not_picked":["Intimidate","Cleave"],"picked":"Reaper","floor":13.0},{"not_picked":["Limit Break","Juggernaut"],"picked":"Offering","floor":16.0},{"not_picked":["Twin Strike","Headbutt"],"picked":"Blood for Blood","floor":18},{"not_picked":["Perfected Strike","Anger"],"picked":"Pommel Strike+1","floor":20},{"not_picked":["Thunderclap","Clothesline+1"],"picked":"Ghostly Armor","floor":21},{"not_picked":["Body Slam","Warcry"],"picked":"Clothesline","floor":22},{"not_picked":["Brutality","Metallicize"],"picked":"Shrug It Off","floor":24},{"not_picked":["Blood for Blood","Thunderclap","Iron Wave"],"picked":"SKIP","floor":25},{"not_picked":["Sentinel","Clothesline"],"picked":"Shockwave+1","floor":28},{"not_picked":["Combust","Armaments","Havoc"],"picked":"SKIP","floor":29},{"not_picked":["Wild Strike","Shockwave"],"picked":"Armaments+1","floor":30}],"player_experience":820542,"relics_obtained":[{"floor":7.0,"key":"Orichalcum"},{"floor":9.0,"key":"InkBottle"},{"floor":13.0,"key":"Blood Vial"},{"floor":24,"key":"Paper Frog"},{"floor":26,"key":"Du-Vu Doll"},{"floor":29,"key":"Smiling Mask"}],"event_choices":[{"cards_removed":["Strike_R"],"damage_healed":0.0,"max_hp_gain":0.0,"max_hp_loss":0.0,"gold_gain":0.0,"event_name":"The Cleric","player_choice":"Card Removal","floor":3.0,"gold_loss":75.0,"damage_taken":0.0},{"cards_removed":["Strike_R"],"damage_healed":0.0,"max_hp_gain":0.0,"max_hp_loss":0.0,"gold_gain":0.0,"event_name":"Golden Wing","player_choice":"Card Removal","floor":8.0,"gold_loss":0.0,"damage_taken":7.0},{"damage_healed":0.0,"max_hp_gain":0.0,"max_hp_loss":0.0,"gold_gain":0.0,"event_name":"Living Wall","player_choice":"Grow","floor":14.0,"gold_loss":0.0,"damage_taken":0.0,"cards_upgraded":["Bash"]},{"damage_healed":0,"gold_gain":0,"player_choice":"Became a vampire (Vial)","damage_taken":0,"max_hp_gain":0,"max_hp_loss":0,"event_name":"Vampires","floor":27,"relics_lost":["Blood Vial"],"gold_loss":0,"cards_obtained":["Bite","Bite","Bite","Bite","Bite"]},{"damage_healed":0,"gold_gain":0,"player_choice":"Simplicity","damage_taken":0,"max_hp_gain":0,"max_hp_loss":0,"event_name":"Back to Basics","floor":31,"gold_loss":0,"cards_upgraded":["Defend_R","Defend_R","Defend_R","Defend_R"]}],"is_beta":false,"boss_relics":[{"not_picked":["Coffee Dripper","Snecko Eye"],"picked":"Cursed Key"}],"items_purged_floors":[19],"is_endless":false,"potions_floor_spawned":[1,2,12,22,28,29],"killed_by":"Automaton","ascension_level":17}}