{"host":"q6r63elxu27obe7v","time":1612164504,"event":{"mods":["2.2 Compatiblity","AchievementEnabler","BaseMod","CapriCore","DeckTracker","Keyboard Shortcuts","Minty Spire (QoL Compilation)","Permanent Neow","Quick Restart","Replay The Spire","StSLib","SuperFastMode","¡¼?Úª?ø«¡½REMEMod"],"gold_per_floor":[112,112,129,190,190,190,203,203,203,203,215,215,229,245,245,245,245],"floor_reached":16,"language":"KOR","playtime":605,"items_purged":[],"score":97,"play_id":"cfc88067-72ff-4750-ab8f-ddb488c5e61e","local_time":"20210201162824","is_ascension_mode":true,"campfire_choices":[{"data":"Heavy Blade","floor":6,"key":"SMITH"},{"floor":8,"key":"DIG"},{"floor":12,"key":"DIG"},{"data":"Cleave","floor":15,"key":"SMITH"}],"circlet_count":0,"master_deck":["Strike_R","Strike_R","Strike_R","Strike_R","Strike_R","Defend_R","Defend_R","Defend_R","Defend_R","Bash","Injury","DeusExMachina","Body Slam","Heavy Blade+1","Run Through","Iron Wave","Defy Death","Headbutt","Cleave+1"],"relics":["Burning Blood","REME_ComplimentaryCards","Shovel","NlothsMask","MealTicket","REME_HourglassOfDeath"],"acts_visited":["Exordium"],"potions_floor_usage":[16,16,16],"damage_taken":[{"damage":1,"enemies":"Cultist","floor":1,"turns":3},{"damage":7,"enemies":"Small Slimes","floor":3,"turns":3},{"damage":3,"enemies":"2 Louse","floor":7,"turns":3},{"damage":6,"enemies":"Red Slaver","floor":11,"turns":3},{"damage":15,"enemies":"Lots of Slimes","floor":13,"turns":3},{"damage":9,"enemies":"Blue Slaver","floor":14,"turns":4},{"damage":74,"enemies":"Hexaghost","floor":16,"turns":11}],"seed_played":"-1395373882740154821","potions_obtained":[{"floor":3,"key":"Energy Potion"},{"floor":4,"key":"LiquidBronze"},{"floor":4,"key":"Venom Potion"},{"floor":4,"key":"GamblersBrew"},{"floor":13,"key":"EssenceOfSteel"}],"is_trial":false,"path_per_floor":["M","?","M","?","?","R","M","R","T","?","M","R","M","M","R","B"],"character_chosen":"IRONCLAD","items_purchased":[],"campfire_rested":0,"item_purchase_floors":[],"current_hp_per_floor":[80,80,79,79,79,79,80,80,80,80,80,80,71,68,68,0,0],"gold":245,"neow_bonus":"ONE_RARE_RELIC","is_daily":false,"chose_seed":false,"campfire_upgraded":2,"win_rate":0.0,"timestamp":1612164504,"path_taken":["M","?","?","?","?","R","?","R","T","?","M","R","M","M","R","BOSS"],"items_purchased_type":[],"build_version":"2020-12-22","purchased_purges":0,"victory":false,"max_hp_per_floor":[80,80,80,80,80,80,80,80,80,80,80,80,80,80,80,80,80],"card_choices":[{"not_picked":["Wild Strike","Defy Death"],"picked":"Body Slam","floor":1},{"not_picked":["Replay:Undeath\u0027s Touch","Clash"],"picked":"Heavy Blade","floor":3},{"not_picked":["Exhume","Twin Strike"],"picked":"Run Through","floor":4},{"not_picked":["Disarm","Replay:Undeath\u0027s Touch"],"picked":"Iron Wave","floor":7},{"not_picked":["Perfected Strike","Power Through"],"picked":"Defy Death","floor":11},{"not_picked":["Warcry","Havoc"],"picked":"Headbutt","floor":13},{"not_picked":["Burning Pact","REME_Scribble"],"picked":"Cleave","floor":14}],"player_experience":88102,"relics_obtained":[{"floor":8,"key":"MealTicket"},{"floor":12,"key":"REME_HourglassOfDeath"}],"event_choices":[{"damage_healed":0,"gold_gain":0,"player_choice":"Full Heal","damage_taken":0,"max_hp_gain":0,"max_hp_loss":0,"event_name":"Wheel of Change","floor":2,"gold_loss":0},{"damage_healed":0,"gold_gain":0,"player_choice":"Trade","damage_taken":0,"relics_obtained":["NlothsMask"],"max_hp_gain":0,"max_hp_loss":0,"event_name":"FaceTrader","floor":5,"gold_loss":0},{"damage_healed":0,"gold_gain":0,"player_choice":"Bought 0 Potions","damage_taken":0,"max_hp_gain":0,"max_hp_loss":0,"event_name":"The Woman in Blue","floor":10,"gold_loss":0}],"is_beta":false,"boss_relics":[],"items_purged_floors":[],"is_endless":false,"potions_floor_spawned":[3,11,13],"killed_by":"Hexaghost","ascension_level":1}}