{"host":"klrvvo16pazy794l","time":1612211341,"event":{"mods":["BaseMod","Minty Spire (QoL Compilation)"],"gold_per_floor":[110,110,110,61,61,100,100,121,145,185,209,209,209,233,233,366,366,398,27,52,77,167,167,212,212,239,10,10,37,37,12,12,12,12],"floor_reached":33,"language":"ENG","playtime":973,"items_purged":["Strike_R"],"score":326,"play_id":"7d2cad2f-7cbe-4652-8adc-6d8c2022dc10","local_time":"20210201142901","is_ascension_mode":true,"campfire_choices":[{"data":"Bash","floor":7,"key":"SMITH"},{"data":"Sever Soul","floor":12,"key":"SMITH"},{"data":"Shrug It Off","floor":15,"key":"SMITH"},{"floor":23,"key":"REST"},{"data":"Body Slam","floor":25,"key":"SMITH"},{"floor":28,"key":"REST"},{"data":"Wild Strike","floor":30,"key":"SMITH"},{"floor":32,"key":"REST"}],"circlet_count":0,"master_deck":["Strike_R","Strike_R","Strike_R","Strike_R","Defend_R","Defend_R","Defend_R","Defend_R","Bash+1","Cleave+1","Shrug It Off+1","Sever Soul+1","Power Through","Offering","Armaments+1","Battle Trance","Thunderclap+1","Body Slam+1","Wild Strike+1"],"relics":["Burning Blood","NeowsBlessing","Omamori","Golden Idol","Bronze Scales","CeramicFish","Vajra","Black Star","Incense Burner","Anchor","PreservedInsect","Strawberry","Membership Card","Bag of Marbles"],"acts_visited":["Exordium","TheCity"],"potions_floor_usage":[18,21,21,24,24],"damage_taken":[{"damage":0,"enemies":"Cultist","floor":1,"turns":1},{"damage":0,"enemies":"Gremlin Nob","floor":6,"turns":1},{"damage":0,"enemies":"2 Louse","floor":8,"turns":1},{"damage":36,"enemies":"3 Sentries","floor":10,"turns":7},{"damage":10,"enemies":"Small Slimes","floor":11,"turns":3},{"damage":8,"enemies":"Exordium Wildlife","floor":14,"turns":3},{"damage":29,"enemies":"Slime Boss","floor":16,"turns":9},{"damage":19,"enemies":"Shell Parasite","floor":18,"turns":5},{"damage":17,"enemies":"2 Thieves","floor":20,"turns":3},{"damage":27,"enemies":"Cultist and Chosen","floor":21,"turns":8},{"damage":44,"enemies":"Book of Stabbing","floor":24,"turns":6},{"damage":6,"enemies":"Snake Plant","floor":29,"turns":2},{"damage":89,"enemies":"Automaton","floor":33,"turns":8}],"seed_played":"8167910157846157939","potions_obtained":[{"floor":8,"key":"LiquidMemories"},{"floor":10,"key":"Weak Potion"},{"floor":18,"key":"AttackPotion"}],"is_trial":false,"path_per_floor":["M","T","?","$","?","E","R","M","T","E","M","R","?","M","R","B",null,"M","$","M","M","?","R","E","R","T","$","R","M","R","$","R","B"],"character_chosen":"IRONCLAD","items_purchased":["BloodPotion","Incense Burner","Membership Card","Bag of Marbles","SteroidPotion"],"campfire_rested":3,"item_purchase_floors":[4,19,27,27,31],"current_hp_per_floor":[80,80,80,80,60,66,66,72,72,42,38,38,43,41,41,18,85,72,72,61,40,22,47,26,26,33,33,60,60,60,60,87,0,0],"gold":12,"neow_bonus":"THREE_ENEMY_KILL","is_daily":false,"chose_seed":false,"campfire_upgraded":5,"win_rate":0.0,"timestamp":1612211341,"path_taken":["M","?","?","$","?","E","R","?","T","E","M","R","?","M","R","BOSS","M","$","M","M","?","R","E","R","T","?","R","?","R","$","R","BOSS"],"items_purchased_type":["Potion","Relic","Relic","Relic","Potion"],"build_version":"2020-12-22","purchased_purges":1,"victory":false,"max_hp_per_floor":[80,80,80,80,80,80,80,80,80,80,80,80,85,85,85,85,85,85,85,85,85,85,85,85,85,92,92,92,92,92,92,92,92,92],"card_choices":[{"not_picked":["Heavy Blade","Rampage"],"picked":"Cleave","floor":1},{"not_picked":["Blood for Blood","Brutality","Ghostly Armor"],"picked":"SKIP","floor":6},{"not_picked":["True Grit","Spot Weakness"],"picked":"Shrug It Off","floor":8},{"not_picked":["Warcry","Twin Strike"],"picked":"Sever Soul","floor":10},{"not_picked":["Iron Wave","Sword Boomerang","Rupture"],"picked":"SKIP","floor":11},{"not_picked":["Bloodletting","Dual Wield"],"picked":"Power Through","floor":14},{"not_picked":["Fiend Fire","Bludgeon"],"picked":"Offering","floor":16},{"not_picked":["Headbutt","Flame Barrier"],"picked":"Armaments+1","floor":18},{"not_picked":["Clash","Hemokinesis"],"picked":"Battle Trance","floor":20},{"not_picked":["Shockwave","Blood for Blood"],"picked":"Thunderclap+1","floor":21},{"not_picked":["Battle Trance+1","Power Through+1","Body Slam"],"picked":"SKIP","floor":24},{"not_picked":["Battle Trance+1","Power Through+1"],"picked":"Body Slam","floor":24},{"not_picked":["Fiend Fire","Clash"],"picked":"Wild Strike","floor":29}],"player_experience":497222,"relics_obtained":[{"floor":2,"key":"Omamori"},{"floor":6,"key":"Bronze Scales"},{"floor":9,"key":"CeramicFish"},{"floor":10,"key":"Vajra"},{"floor":24,"key":"Anchor"},{"floor":24,"key":"PreservedInsect"},{"floor":26,"key":"Strawberry"}],"event_choices":[{"damage_healed":0,"gold_gain":0,"player_choice":"Grow","damage_taken":0,"max_hp_gain":0,"max_hp_loss":0,"event_name":"Living Wall","floor":3,"gold_loss":0,"cards_upgraded":["Cleave"]},{"damage_healed":0,"gold_gain":0,"player_choice":"Take Damage","damage_taken":20,"relics_obtained":["Golden Idol"],"max_hp_gain":0,"max_hp_loss":0,"event_name":"Golden Idol","floor":5,"gold_loss":0},{"damage_healed":0,"gold_gain":0,"player_choice":"Donut","damage_taken":0,"max_hp_gain":5,"max_hp_loss":0,"event_name":"Big Fish","floor":13,"gold_loss":0},{"damage_healed":0,"gold_gain":90,"player_choice":"POTION GOLD ","damage_taken":18,"max_hp_gain":0,"max_hp_loss":0,"event_name":"Knowing Skull","floor":22,"potions_obtained":["CultistPotion"],"gold_loss":0,"cards_obtained":[]}],"is_beta":false,"boss_relics":[{"not_picked":["Astrolabe","SlaversCollar"],"picked":"Black Star"}],"items_purged_floors":[19],"is_endless":false,"potions_floor_spawned":[8,10,16,18],"killed_by":"Automaton","ascension_level":2}}