{"host":"19r1ww88x2tc73i0","time":1612199836,"event":{"mods":["BaseMod","BetterRewards","Colored Map","Minty Spire (QoL Compilation)","Relic Stats","StSLib","SuperFastMode","slay the spire mod where everything is the same but ironclad has a cowboy hat"],"gold_per_floor":[109,109,154,204,129,129,149,193,193,193,24,64,64,91,91,177,177,197,226,151,151,173,212,212,233,233,66,101,110,110,146,146,229,283,307,307,316,328,171,171,507,507,507,518,518,543,45,72,72,72,72,72],"floor_reached":51,"language":"ENG","playtime":2353,"items_purged":["Strike_R"],"score":1457,"play_id":"2a94c782-cf0e-4ce2-bf6f-fbd2e58a9d2c","local_time":"25640202001716","is_ascension_mode":true,"campfire_choices":[{"data":"Battle Trance","floor":6.0,"key":"SMITH"},{"data":"Spot Weakness","floor":15.0,"key":"SMITH"},{"floor":24.0,"key":"REST"},{"data":"Armaments","floor":30.0,"key":"SMITH"},{"data":"Corruption","floor":32.0,"key":"SMITH"},{"data":"Limit Break","floor":40.0,"key":"SMITH"},{"data":"Barricade","floor":42.0,"key":"SMITH"},{"floor":49.0,"key":"RECALL"}],"circlet_count":0,"master_deck":["AscendersBane","Bash+1","Battle Trance+1","Pummel","Cleave","Anger+1","Spot Weakness+1","Shrug It Off","Heavy Blade+1","Corruption+1","Limit Break+1","Iron Wave+1","Pommel Strike+1","Entrench","Headbutt+1","Clothesline+1","Havoc","Armaments+1","Flex","Barricade+1","Evolve","Fiend Fire+1","Impervious","Dropkick+1","Second Wind","Infernal Blade","Seeing Red","Purity","Entrench","Sword Boomerang+1","Reaper+1","Shrug It Off","Sword Boomerang+1"],"relics":["Burning Blood","NeowsBlessing","CeramicFish","Oddly Smooth Stone","War Paint","Molten Egg 2","Akabeko","Runic Pyramid","Self Forming Clay","InkBottle","Medical Kit","Matryoshka","White Beast Statue","Pandora\u0027s Box","Red Skull","Old Coin","Lantern","Charon\u0027s Ashes"],"acts_visited":["Exordium","TheCity","TheBeyond"],"potions_floor_usage":[50],"damage_taken":[{"damage":0.0,"enemies":"Cultist","floor":1.0,"turns":1.0},{"damage":0.0,"enemies":"Jaw Worm","floor":7.0,"turns":1.0},{"damage":0.0,"enemies":"Lagavulin","floor":8.0,"turns":1.0},{"damage":16.0,"enemies":"3 Sentries","floor":12.0,"turns":7.0},{"damage":0.0,"enemies":"2 Louse","floor":14.0,"turns":3.0},{"damage":15.0,"enemies":"The Guardian","floor":16.0,"turns":8.0},{"damage":0.0,"enemies":"Spheric Guardian","floor":18.0,"turns":3.0},{"damage":22.0,"enemies":"2 Thieves","floor":19.0,"turns":2.0},{"damage":0.0,"enemies":"Chosen and Byrds","floor":22.0,"turns":4.0},{"damage":31.0,"enemies":"Slavers","floor":23.0,"turns":5.0},{"damage":2.0,"enemies":"Snecko","floor":25.0,"turns":4.0},{"damage":24.0,"enemies":"Gremlin Leader","floor":28.0,"turns":6.0},{"damage":6.0,"enemies":"Snake Plant","floor":29.0,"turns":3.0},{"damage":1.0,"enemies":"Book of Stabbing","floor":31.0,"turns":4.0},{"damage":15.0,"enemies":"Champ","floor":33.0,"turns":11.0},{"damage":26.0,"enemies":"3 Darklings","floor":35.0,"turns":4.0},{"damage":10.0,"enemies":"Orb Walker","floor":38.0,"turns":3.0},{"damage":9.0,"enemies":"Nemesis","floor":41.0,"turns":5.0},{"damage":20.0,"enemies":"Sphere and 2 Shapes","floor":44.0,"turns":6.0},{"damage":0.0,"enemies":"Spire Growth","floor":46.0,"turns":3.0},{"damage":41.0,"enemies":"3 Darklings","floor":48.0,"turns":4.0},{"damage":48,"enemies":"Awakened One","floor":50,"turns":9},{"damage":0,"enemies":"Donu and Deca","floor":51,"turns":1}],"seed_played":"2902045787042413647","potions_obtained":[{"floor":1.0,"key":"Weak Potion"},{"floor":14.0,"key":"SkillPotion"},{"floor":19.0,"key":"Strength Potion"},{"floor":25.0,"key":"AttackPotion"},{"floor":28.0,"key":"DistilledChaos"},{"floor":31.0,"key":"Explosive Potion"},{"floor":33.0,"key":"Regen Potion"},{"floor":35.0,"key":"PowerPotion"},{"floor":38.0,"key":"Swift Potion"},{"floor":41.0,"key":"Ancient Potion"},{"floor":46.0,"key":"LiquidBronze"},{"floor":48.0,"key":"HeartOfIron"}],"is_trial":false,"path_per_floor":["M","?","T","?","$","R","M","E","T","T","$","E","?","M","R","B",null,"M","M","?","?","M","E","R","M","T","$","E","M","R","E","R","B",null,"M","?","?","M","$","R","E","R","T","M","?","M","$","M","R","B","B"],"character_chosen":"IRONCLAD","items_purchased":["Anger+1","Spot Weakness","Shrug It Off","Medical Kit","Red Skull","Charon\u0027s Ashes","Reaper+1","Shrug It Off"],"campfire_rested":1,"item_purchase_floors":[11,11,11,27,39,47,47,47],"current_hp_per_floor":[74,51,51,44,44,44,50,56,56,56,56,46,39,45,45,36,65,71,55,55,34,40,15,39,43,43,43,25,25,25,30,30,21,65,57,57,57,53,53,53,50,50,50,36,36,42,42,51,51,9,9,9],"gold":72,"neow_bonus":"THREE_ENEMY_KILL","is_daily":false,"chose_seed":false,"campfire_upgraded":6,"win_rate":0.0,"timestamp":1612199836,"path_taken":["M","?","?","?","$","R","?","E","T","?","$","E","?","M","R","BOSS","M","M","?","?","M","E","R","M","T","?","E","M","R","E","R","BOSS","M","?","?","M","$","R","E","R","T","M","?","M","$","M","R","BOSS","BOSS"],"items_purchased_type":["Card","Card","Card","Relic","Relic","Relic","Card","Card"],"build_version":"2020-12-22","purchased_purges":1,"victory":false,"max_hp_per_floor":[75,75,75,75,75,75,75,75,75,75,75,75,75,75,75,75,75,75,75,75,80,80,80,80,80,80,80,80,80,80,80,80,80,80,80,80,80,80,80,80,80,80,80,80,76,76,76,76,76,76,76,76],"relic_stats":{"counters":[23,98],"Self Forming Clay":[84],"CeramicFish":270,"Pandora\u0027s Box":["Evolve","Fiend Fire","Impervious","Dropkick","Second Wind","Infernal Blade"],"Charon\u0027s Ashes":[145],"War Paint":["Defend_R","Defend_R"],"Medical Kit":[0],"obtain_stats":[{"Lantern":43,"NeowsBlessing":0,"Self Forming Clay":23,"CeramicFish":3,"Oddly Smooth Stone":8,"Charon\u0027s Ashes":47,"War Paint":9,"Medical Kit":27,"Burning Blood":0,"Akabeko":12,"White Beast Statue":31,"Old Coin":41,"Matryoshka":28,"Molten Egg 2":10,"Pandora\u0027s Box":34,"InkBottle":26,"Red Skull":39,"Runic Pyramid":17},{"Lantern":18,"NeowsBlessing":0,"Self Forming Clay":10,"CeramicFish":1,"Oddly Smooth Stone":3,"Charon\u0027s Ashes":20,"War Paint":3,"Medical Kit":11,"Burning Blood":0,"Akabeko":4,"White Beast Statue":14,"Old Coin":18,"Matryoshka":12,"Molten Egg 2":3,"Pandora\u0027s Box":15,"InkBottle":11,"Red Skull":17,"Runic Pyramid":6},{"Lantern":75,"NeowsBlessing":0,"Self Forming Clay":35,"CeramicFish":1,"Oddly Smooth Stone":3,"Charon\u0027s Ashes":84,"War Paint":3,"Medical Kit":39,"Burning Blood":0,"Akabeko":10,"White Beast Statue":52,"Old Coin":75,"Matryoshka":45,"Molten Egg 2":3,"Pandora\u0027s Box":63,"InkBottle":39,"Red Skull":70,"Runic Pyramid":21}],"Burning Blood":132,"InkBottle":[15]},"card_choices":[{"not_picked":["Flex","Heavy Blade"],"picked":"Battle Trance","floor":1.0},{"not_picked":["Bloodletting","Havoc"],"picked":"Pummel","floor":7.0},{"not_picked":["Havoc","Searing Blow"],"picked":"Cleave","floor":8.0},{"not_picked":["Shrug It Off","Wild Strike+1"],"picked":"Heavy Blade+1","floor":12.0},{"not_picked":["Searing Blow+1","Hemokinesis+1"],"picked":"Corruption","floor":14.0},{"not_picked":["Fiend Fire+1","Double Tap"],"picked":"Limit Break","floor":16.0},{"not_picked":["Shrug It Off","Cleave+1"],"picked":"Iron Wave+1","floor":18.0},{"not_picked":["Seeing Red+1","Thunderclap+1"],"picked":"Pommel Strike+1","floor":19.0},{"not_picked":["Power Through","Rampage+1"],"picked":"Entrench","floor":22.0},{"not_picked":["Iron Wave+1","Demon Form"],"picked":"Headbutt+1","floor":23.0},{"not_picked":["Fire Breathing","Uppercut+1"],"picked":"Clothesline+1","floor":25.0},{"not_picked":["Rampage+1","Bloodletting"],"picked":"Havoc","floor":28.0},{"not_picked":["Wild Strike+1","Whirlwind+1"],"picked":"Armaments","floor":29.0},{"not_picked":["Pommel Strike+1","Feed+1"],"picked":"Flex","floor":31.0},{"not_picked":["Immolate+1","Corruption"],"picked":"Barricade","floor":33.0},{"not_picked":["Heavy Blade+1","Intimidate"],"picked":"Seeing Red","floor":35.0},{"not_picked":["Jack Of All Trades","Swift Strike+1"],"picked":"Purity","floor":37.0},{"not_picked":["Perfected Strike+1","Flex","Blood for Blood+1"],"picked":"SKIP","floor":38.0},{"not_picked":["Burning Pact","Dual Wield+1"],"picked":"Entrench","floor":41.0},{"not_picked":["Heavy Blade+1","Warcry","Armaments"],"picked":"SKIP","floor":44.0},{"not_picked":["Shockwave","Sentinel"],"picked":"Sword Boomerang+1","floor":46.0},{"not_picked":["Headbutt+1","Twin Strike+1"],"picked":"Sword Boomerang+1","floor":48.0}],"player_experience":985408,"relics_obtained":[{"floor":3.0,"key":"CeramicFish"},{"floor":8.0,"key":"Oddly Smooth Stone"},{"floor":9.0,"key":"War Paint"},{"floor":10.0,"key":"Molten Egg 2"},{"floor":12.0,"key":"Akabeko"},{"floor":23.0,"key":"Self Forming Clay"},{"floor":26.0,"key":"InkBottle"},{"floor":28.0,"key":"Matryoshka"},{"floor":31.0,"key":"White Beast Statue"},{"floor":41.0,"key":"Old Coin"},{"floor":43.0,"key":"Lantern"}],"event_choices":[{"damage_healed":0.0,"max_hp_gain":0.0,"max_hp_loss":0.0,"gold_gain":0.0,"event_name":"Shining Light","player_choice":"Entered Light","floor":2.0,"gold_loss":0.0,"damage_taken":23.0,"cards_upgraded":["Strike_R","Bash"]},{"damage_healed":0.0,"max_hp_gain":0.0,"max_hp_loss":0.0,"gold_gain":50.0,"event_name":"FaceTrader","player_choice":"Touch","floor":4.0,"gold_loss":0.0,"damage_taken":7.0},{"cards_removed":["Strike_R"],"damage_healed":0.0,"max_hp_gain":0.0,"max_hp_loss":0.0,"gold_gain":0.0,"event_name":"Golden Wing","player_choice":"Card Removal","floor":13.0,"gold_loss":0.0,"damage_taken":7.0},{"cards_removed":["Strike_R"],"damage_healed":0.0,"max_hp_gain":0.0,"max_hp_loss":0.0,"gold_gain":0.0,"event_name":"Beggar","player_choice":"Gave Gold","floor":20.0,"gold_loss":75.0,"damage_taken":0.0},{"damage_healed":0.0,"max_hp_gain":5.0,"max_hp_loss":0.0,"gold_gain":0.0,"event_name":"Forgotten Altar","player_choice":"Shed Blood","floor":21.0,"gold_loss":0.0,"damage_taken":26.0},{"damage_healed":0.0,"max_hp_gain":0.0,"max_hp_loss":0.0,"gold_gain":0.0,"event_name":"Tomb of Lord Red Mask","player_choice":"Ignored","floor":36.0,"gold_loss":0.0,"damage_taken":0.0},{"damage_healed":0.0,"max_hp_gain":0.0,"max_hp_loss":0.0,"gold_gain":0.0,"event_name":"SensoryStone","player_choice":"Memory 1","floor":37.0,"gold_loss":0.0,"damage_taken":0.0},{"damage_healed":0.0,"max_hp_gain":0.0,"max_hp_loss":4.0,"gold_gain":0.0,"event_name":"Winding Halls","player_choice":"Max HP","floor":45.0,"gold_loss":0.0,"damage_taken":0.0}],"is_beta":false,"boss_relics":[{"not_picked":["Astrolabe","Ectoplasm"],"picked":"Runic Pyramid"},{"not_picked":["Calling Bell","Velvet Choker"],"picked":"Pandora\u0027s Box"}],"items_purged_floors":[5],"is_endless":false,"potions_floor_spawned":[1,14,19,25,28,31,33,35,38,41,44,46,48],"killed_by":"Donu and Deca","ascension_level":20}}