{"host":"9viy3memdfgcf4vy","time":1612215391,"event":{"mods":["BaseMod","Colored Map","Downfall","Minty Spire (QoL Compilation)","StSLib"],"gold_per_floor":[0,18,30,50,68,93,93,109,143,143,158,23,23,8,20,116,116,116,134,149,149,134,134,134,134,134,147,32,32,32,63,63,63,63],"floor_reached":32,"language":"ENG","playtime":2402,"items_purged":["downfall:Malfunctioning","Slimebound:CorrosiveSpit"],"score":416,"play_id":"2bec1a30-42a0-43d8-baad-0449192b2efd","local_time":"20210201233631","is_ascension_mode":true,"campfire_choices":[{"data":"Slimebound:LeechEnergy","floor":1,"key":"SMITH"},{"data":"Slimebound:Grow","floor":13,"key":"SMITH"},{"data":"Slimebound:DuplicatedForm","floor":18,"key":"SMITH"},{"floor":25,"key":"REST"},{"floor":30,"key":"REST"}],"circlet_count":0,"master_deck":["AscendersBane","Slimebound:Strike_Slimebound+1","Slimebound:Strike_Slimebound","Slimebound:Defend_Slimebound+1","Slimebound:Defend_Slimebound+1","Slimebound:Defend_Slimebound","Slimebound:Defend_Slimebound+1","Slimebound:Split","Slimebound:LeechEnergy+1","Slimebound:OozeBath","Slimebound:Grow+1","Slimebound:Replication","Slimebound:GrowthPunch+1","Slimebound:GrowthPunch","Slimebound:SamplingLick","Slimebound:GoopSpray","Slimebound:DuplicatedForm+1","Slimebound:OozeBath","Slimebound:SplitSpecialist","Slimebound:LivingWall+1","Finesse","Slimebound:HauntingLick"],"relics":["Slimebound:AbsorbEndCombat","Whetstone","Anchor","bronze:BronzeIdol","Philosopher\u0027s Stone","Gremlin Horn","bronze:DecasWashers","Enchiridion","Ginger"],"acts_visited":["Exordium","TheCity"],"potions_floor_usage":[9,15,16,19,31,31],"damage_taken":[{"damage":1,"enemies":"Cultist","floor":2,"turns":4},{"damage":6,"enemies":"Jaw Worm","floor":3,"turns":5},{"damage":2,"enemies":"2 Louse","floor":4,"turns":3},{"damage":15,"enemies":"Large Slime","floor":5,"turns":6},{"damage":13,"enemies":"3 Louse","floor":8,"turns":4},{"damage":8,"enemies":"Lagavulin","floor":9,"turns":8},{"damage":19,"enemies":"Large Slime","floor":11,"turns":9},{"damage":2,"enemies":"downfall:FleeingMerchant","floor":12,"turns":4},{"damage":0,"enemies":"downfall:FleeingMerchant","floor":14,"turns":4},{"damage":19,"enemies":"Lots of Slimes","floor":15,"turns":5},{"damage":32,"enemies":"IC_STATUS_ARCHETYPE","floor":16,"turns":10},{"damage":39,"enemies":"3 Byrds","floor":19,"turns":6},{"damage":38,"enemies":"Chosen","floor":20,"turns":7},{"damage":0,"enemies":"downfall:FleeingMerchant","floor":22,"turns":4},{"damage":0,"enemies":"Shelled Parasite and Fungi","floor":27,"turns":5},{"damage":29,"enemies":"downfall:FleeingMerchant","floor":28,"turns":4},{"damage":31,"enemies":"Slavers","floor":31,"turns":6},{"damage":40,"enemies":"Chosen and Byrds","floor":32,"turns":6}],"seed_played":"-7540643982502882327","potions_obtained":[{"floor":3,"key":"SkillPotion"},{"floor":5,"key":"AttackPotion"},{"floor":11,"key":"Guardian:BlockOnCardUsePotion"},{"floor":15,"key":"bronze:BurnAndBuffPotion"},{"floor":20,"key":"sneckomod:MuddlingPotion"},{"floor":27,"key":"Ancient Potion"},{"floor":31,"key":"SpeedPotion"}],"is_trial":false,"path_per_floor":["R","M","M","M","M","T","T","M","E","?","M","$","R","$","M","B",null,"R","M","M","?","$","T","T","R","?","M","$","?","R","E","M"],"character_chosen":"SLIMEBOUND","items_purchased":["Slimebound:GoopSpray"],"campfire_rested":2,"item_purchase_floors":[12],"current_hp_per_floor":[59,62,64,64,56,56,56,49,49,49,38,42,42,50,54,45,60,60,44,14,14,20,20,20,39,39,47,39,23,42,34,0,0,0],"gold":63,"neow_bonus":"TRANSFORM_TWO_CARDS","is_daily":false,"chose_seed":false,"campfire_upgraded":3,"win_rate":0.0,"timestamp":1612215391,"path_taken":["R","M","M","M","?","?","T","M","E","?","M","?","R","$","M","BOSS","R","M","M","?","$","?","T","R","?","M","?","?","R","E","M"],"items_purchased_type":["Card"],"build_version":"2020-12-22","purchased_purges":2,"victory":false,"max_hp_per_floor":[65,65,65,65,65,65,65,65,65,65,65,65,65,65,65,65,65,65,65,65,65,65,65,65,65,65,65,65,65,65,65,65,65,65],"card_choices":[{"not_picked":["Slimebound:LeechEnergy","Slimebound:SplitAcid"],"picked":"Slimebound:Grow","floor":2},{"not_picked":["Slimebound:SlimeSpikes","Slimebound:ComboTackle"],"picked":"Slimebound:Replication","floor":3},{"not_picked":["Slimebound:PressTheAttack","Slimebound:HauntingLick"],"picked":"Slimebound:GrowthPunch","floor":4},{"not_picked":["Slimebound:LeechingTouch","Slimebound:FlameTackle"],"picked":"Slimebound:GrowthPunch","floor":5},{"not_picked":["Slimebound:ComboTackle","Slimebound:PressTheAttack","Slimebound:Dissolve"],"picked":"SKIP","floor":8},{"not_picked":["Slimebound:Prepare","Slimebound:Recollect","Slimebound:FinishingTackle"],"picked":"SKIP","floor":9},{"not_picked":["Slimebound:SplitAcid","Slimebound:Dissolve"],"picked":"Slimebound:SamplingLick","floor":11},{"not_picked":["Slimebound:ComboTackle","Slimebound:LevelUp","Slimebound:ItLooksTasty"],"picked":"SKIP","floor":12},{"not_picked":["Slimebound:HauntingLick","Slimebound:Replication"],"picked":"Slimebound:DuplicatedForm","floor":14},{"not_picked":["Slimebound:ForwardTackle","Slimebound:DivideAndConquer","Slimebound:SplitLeeching"],"picked":"SKIP","floor":15},{"not_picked":["Slimebound:MinionMaster","Slimebound:PrepareCrush"],"picked":"Slimebound:OozeBath","floor":16},{"not_picked":["Slimebound:RollThrough+1","Slimebound:ForwardTackle"],"picked":"Slimebound:SplitSpecialist","floor":19},{"not_picked":["Slimebound:ComboTackle","Slimebound:FinishingTackle"],"picked":"Slimebound:LivingWall+1","floor":20},{"not_picked":["Slimebound:SamplingLick","Slimebound:ForwardTackle","Slimebound:DisruptingSlam+1"],"picked":"SKIP","floor":22},{"not_picked":["Slimebound:GrowthPunch","Slimebound:GoopTackle+1","Slimebound:SplitBruiser+1"],"picked":"SKIP","floor":27},{"not_picked":["Slimebound:OneTwoCombo","Slimebound:SplitSpecialist"],"picked":"Slimebound:HauntingLick","floor":28},{"not_picked":["Slimebound:SlimeSpikes","Slimebound:RollThrough","Slimebound:BestDefense"],"picked":"SKIP","floor":31}],"player_experience":456883,"relics_obtained":[{"floor":6,"key":"Whetstone"},{"floor":7,"key":"Anchor"},{"floor":9,"key":"bronze:BronzeIdol"},{"floor":23,"key":"Gremlin Horn"},{"floor":24,"key":"bronze:DecasWashers"},{"floor":29,"key":"Enchiridion"},{"floor":31,"key":"Ginger"}],"event_choices":[],"is_beta":false,"boss_relics":[{"not_picked":["Runic Dome","Pandora\u0027s Box"],"picked":"Philosopher\u0027s Stone"}],"items_purged_floors":[12,28],"is_endless":false,"potions_floor_spawned":[3,5,11,15,20,27,31],"killed_by":"Chosen and Byrds","ascension_level":12}}