{"host":"f0dbpmn0khgeoqc0","time":1612198056,"event":{"mods":["2.2 Compatiblity","AchievementEnabler","Act Like it!","Ascension Unlocker","Aspiration","BaseMod","Better Altar","Better Match","Better Sensory Stone","Better Skull","Better Third Choice","BetterRewards","Block Reminder","Colored Map","Colored Powertips","Conspire","DNKmod","Disable Question Mark Monsters","Displayed Cursed Tome","Downfall","Evolution","Friendly Minions","Hermit","Highlight Path","Humility","Infinite Spire","Jorbs\u0027s Wanderer Trilogy","Koishi","Marisa????????","Minty Spire (QoL Compilation)","Monster B Gone","MostiFishMod","Permanent Neow","Random Character Button","Relic Filter","Relic Stats","Replay The Spire","Spicy Shops","Spire Arcade","StSLib","Td1madao Mod","The Gatherer","Treasure Hunter","Wandering Minibosses","??????REMEMod"],"gold_per_floor":[258,258,307,369,202,277,332,412,412,412,437,437,476,562,562,186,246,381,381,419,491,286,316,400,400,95,204,204,291,384,384,384,384,384,484,584,655,342,413,510,595,700,733,837,837,837,906,1024,1024,1106,1106,1177,1297,1297,1297,173,239,277],"floor_reached":59,"language":"ENG","playtime":3482,"items_purged":[],"score":3745,"play_id":"2d5b1e21-f1a8-458b-96f9-6df34b93b05d","local_time":"20210201114736","is_ascension_mode":true,"campfire_choices":[{"data":"ReplayTheSpireMod:Private Reserves","floor":12,"key":"SMITH"},{"data":"Tantrum","floor":15,"key":"SMITH"},{"data":"Prostrate","floor":17,"key":"SMITH"},{"data":"Devotion","floor":25,"key":"SMITH"},{"data":"infinitespire:Collect","floor":34,"key":"SMITH"},{"floor":46,"key":"RECALL"},{"data":"TalkToTheHand","floor":51,"key":"SMITH"},{"data":"Vengeance","floor":55,"key":"SMITH"}],"circlet_count":0,"master_deck":["AscendersBane","EmptyFist","EmptyFist","EmptyFist","EmptyFist","Defend_P","Defend_P","Defend_P","Defend_P","Eruption","Vigilance","FearNoEvil","Adaptation","MostiFishMod:StarWish+1","ClearTheMind","Consecrate","Wallop","ClearTheMind","Pot Of Greed","Pot Of Greed","Replay:AtTheReady","MostiFishMod:LegendTransform+1","downfall:Haunted","Replay:AtTheReady","Mayhem","ReplayTheSpireMod:Private Reserves+1","Pot Of Greed","MostiFishMod:ForestofLight","Protect","Sickly","Pain","SashWhip","Tantrum+1","EmptyBody","MostiFishMod:LegendTransform","TH:CopperCoins","Wallop","Crescendo+1","TH:CopperCoins","Pot Of Greed","Crescendo","TH:CursedSword","TH:DeckOfManyThings","FollowUp","Prostrate+1","FlurryOfBlows","CutThroughFate","MostiFishMod:FlowState+1","TH:CursedSword","LessonLearned","FlurryOfBlows","CrushJoints","Pot Of Greed","Tantrum","Indignation","Worship","Devotion+1","MostiFishMod:LegendTransform","FlyingSleeves","Wallop","TH:DeckOfManyThings","TH:ArmorSpikes","TH:CursedSword","Consecrate","DevaForm","Pot Of Greed","Spreading Infection","Writhe","infinitespire:Collect+1","TH:ArmorSpikes","TH:CursedSword","Ragnarok","MostiFishMod:LegendTransform+1","Decay","TalkToTheHand+1","MentalFortress","InnerPeace","Fasting2","Pot Of Greed","TH:CopperCoins+1","CrushJoints+1","TH:CursedSword+1","FearNoEvil","TH:CursedSword+1","TH:CursedSword+1","FlurryOfBlows+1","MostiFishMod:LegendTransform+1","Vengeance+1","CrushJoints+1","DeceiveReality+1","DeceiveReality+1","Pot Of Greed+1","MostiFishMod:Speedup+1","Protect+1","TH:CursedSword+1","MostiFishMod:Disappear+1"],"relics":["PureWater","EVO:Axolotl","DaveBox","REME_ComplimentaryCards","Eternal Feather","Membership Card","BargainBundle","Strawberry","Oddly Smooth Stone","Du-Vu Doll","Mummified Hand","Grinning Jar","Divine Protection","Melange","Yang","ReplayTheSpireMod:CursedCoin","ReplayTheSpireMod:ShopPack","Pantograph","SynthV:TestCard","ReplayTheSpireMod:Ring of Exchange","ReplayTheSpireMod:Ring of Challenge","Blue Candle","Damaru","Replay:WaspNest","Letter Opener","Lizard Tail","Replay:Bandana","aspiration:DSix","Lee\u0027s Waffle","Replay:Bronze Core","Philosopher\u0027s Stone","Bag of Marbles","War Paint","wanderingMiniBosses:AbyssPearl","Anchor","Orichalcum","Vajra","Darkstone Periapt","Mango","aspiration:Lifesprig","Kunai","Replay:Wanted Poster","Blue Doll","Replay:Wax Seal","REME_CardOfGreed","Pear","Calipers","Golden Egg","Bag of Preparation","Akabeko","infinitespire:Eraser","infinitespire:CursedDice","REME_LimitBreaker","Coffee Dripper","conspire:InfiniteJournal","REME_PuzzleBoxRelic","Chameleon Ring","Replay:Accelerometer"],"acts_visited":["Exordium","TheCity","TheBeyond","TheEnding"],"potions_floor_usage":[6,16,18,21,23],"damage_taken":[{"damage":0,"enemies":"2 Louse","floor":1,"turns":2},{"damage":0,"enemies":"Small Slimes","floor":4,"turns":2},{"damage":3,"enemies":"3 Sentries","floor":6,"turns":4},{"damage":19,"enemies":"infinitespire:Voidling","floor":7,"turns":4},{"damage":0,"enemies":"Lagavulin","floor":8,"turns":2},{"damage":0,"enemies":"Gremlin Nob","floor":13,"turns":1},{"damage":0,"enemies":"Lots of Slimes","floor":14,"turns":3},{"damage":26,"enemies":"Hexaghost","floor":18,"turns":5},{"damage":0,"enemies":"Chosen","floor":20,"turns":2},{"damage":27,"enemies":"3 Byrds","floor":21,"turns":6},{"damage":13,"enemies":"Snake Plant","floor":23,"turns":5},{"damage":8,"enemies":"3 Cultists","floor":24,"turns":4},{"damage":0,"enemies":"conspire:SneckoGhost","floor":27,"turns":3},{"damage":0,"enemies":"conspire:Head Lice","floor":29,"turns":5},{"damage":0,"enemies":"Sentry and Sphere","floor":30,"turns":3},{"damage":0,"enemies":"Champ","floor":35,"turns":3},{"damage":0,"enemies":"Orb Walker","floor":37,"turns":3},{"damage":0,"enemies":"3 Shapes","floor":39,"turns":1},{"damage":2,"enemies":"Maw","floor":40,"turns":2},{"damage":0,"enemies":"Spire Growth","floor":41,"turns":2},{"damage":0,"enemies":"Nemesis","floor":42,"turns":3},{"damage":0,"enemies":"Writhing Mass","floor":43,"turns":2},{"damage":0,"enemies":"R_Hoarder","floor":44,"turns":2},{"damage":0,"enemies":"Giant Head","floor":47,"turns":2},{"damage":33,"enemies":"2 Orb Walkers","floor":48,"turns":3},{"damage":0,"enemies":"Maw","floor":50,"turns":1},{"damage":8,"enemies":"Time Eater","floor":52,"turns":2},{"damage":0,"enemies":"Donu and Deca","floor":53,"turns":3},{"damage":18,"enemies":"Shield and Spear","floor":57,"turns":3},{"damage":0,"enemies":"The Heart","floor":58,"turns":5}],"seed_played":"-2668368119074888477","potions_obtained":[{"floor":3,"key":"BottledMiracle"},{"floor":8,"key":"Block Potion"},{"floor":20,"key":"LifebloodPotion"},{"floor":27,"key":"ColorlessPotion"},{"floor":29,"key":"Weak Potion"},{"floor":37,"key":"BottledMiracle"},{"floor":50,"key":"FairyPotion"}],"is_trial":false,"path_per_floor":["M","?","?","M","$","E","M","E","PTL","PTL","T","R","E","M","R","$","R","B",null,"M","M","$","M","M","R","$","E","T","E","M","?","?","T","R_BF","B",null,"M","$","M","M","M","E","M","E","T","R","E","?","?","M","R","B","B",null,"R","$","E","B",null],"character_chosen":"WATCHER","items_purchased":["Membership Card","BargainBundle","Adaptation","MostiFishMod:StarWish+1","ClearTheMind","Consecrate","Wallop","Strawberry","Oddly Smooth Stone","BottledMiracle","Swift Potion","Du-Vu Doll","Mummified Hand","ClearTheMind","Grinning Jar","Divine Protection","Melange","Replay:AtTheReady","Yang","MostiFishMod:LegendTransform","ReplayTheSpireMod:CursedCoin","ReplayTheSpireMod:ShopPack","Replay:AtTheReady","Pantograph","Damaru","EmptyBody","MostiFishMod:LegendTransform","Lee\u0027s Waffle","FlurryOfBlows","Replay:Bronze Core","CutThroughFate","MostiFishMod:FlowState","REME_GoldPotion","War Paint","Tantrum","Indignation","Worship","FairyPotion","Anchor","MostiFishMod:LegendTransform","Orichalcum","FlyingSleeves","Blue Doll","Replay:Wax Seal","REME_CardOfGreed","Pear","TalkToTheHand","MentalFortress","REME_LimitBreaker","Coffee Dripper","conspire:InfiniteJournal","CrushJoints+1","DeceiveReality","MostiFishMod:Speedup","Protect","REME_PuzzleBoxRelic","Chameleon Ring"],"campfire_rested":0,"item_purchase_floors":[0,0,0,0,0,0,0,0,0,0,0,0,0,0,0,0,0,0,0,0,0,0,0,0,5,5,5,16,16,16,16,16,16,22,22,22,22,26,26,26,26,26,38,38,38,38,38,38,56,56,56,56,56,56,56,56,56],"current_hp_per_floor":[68,68,68,68,68,65,46,46,46,46,46,70,70,70,75,82,82,56,76,76,49,49,36,28,61,61,61,61,75,75,51,63,63,105,108,108,108,124,124,122,122,122,122,122,122,124,124,91,91,91,124,116,124,124,124,124,106,124],"gold":277,"neow_bonus":"","is_daily":false,"chose_seed":false,"campfire_upgraded":7,"win_rate":0.0,"timestamp":1612198056,"path_taken":["M","?","?","M","$","E","M","E","PTL","PTL","T","R","E","M","R","$","R","BOSS","M","?","$","?","M","R","?","E","T","E","M","?","?","?","R_BF","BOSS","M","$","M","M","M","E","M","E","T","R","E","?","?","M","R","BOSS","BOSS","R","$","E","BOSS"],"items_purchased_type":["Relic","Relic","Card","Card","Card","Card","Card","Relic","Relic","Potion","Potion","Relic","Relic","Card","Relic","Relic","Relic","Card","Relic","Card","Relic","Relic","Card","Relic","Relic","Card","Card","Relic","Card","Relic","Card","Card","Potion","Relic","Card","Card","Card","Potion","Relic","Card","Relic","Card","Relic","Relic","Relic","Relic","Card","Card","Relic","Relic","Relic","Card","Card","Card","Card","Relic","Relic"],"build_version":"2020-12-22","purchased_purges":0,"victory":true,"max_hp_per_floor":[75,75,75,75,75,75,75,75,75,75,75,75,75,75,75,82,82,82,82,82,82,82,82,82,82,82,82,82,96,96,96,108,108,108,108,108,108,124,124,124,124,124,124,124,124,124,124,124,124,124,124,124,124,124,124,124,124,124],"relic_stats":{"Darkstone Periapt":18,"Lee\u0027s Waffle":48,"counters":[73,234],"Blue Candle":[19],"Melange":[0],"Eternal Feather":139,"Yang":[297],"Bag of Preparation":[14],"Letter Opener":[325],"War Paint":["MostiFishMod:FlowState","Crescendo"],"Orichalcum":[60],"Lizard Tail":0,"Mummified Hand":[104],"Pantograph":29,"Kunai":[38],"obtain_stats":[{"Divine Protection":0,"Golden Egg":42,"Replay:Accelerometer":57,"Calipers":40,"Vajra":27,"EVO:Axolotl":0,"Whetstone":12,"Boot":19,"Sling":38,"Old Coin":0,"Sozu":17,"Replay:Wanted Poster":36,"Centennial Puzzle":8,"Lizard Tail":8,"Strawberry":0,"Replay:Bronze Core":16,"MealTicket":10,"Philosopher\u0027s Stone":34,"Kunai":33,"Replay:Wax Seal":38,"aspiration:DSix":13,"Pear":6,"ReplayTheSpireMod:CursedCoin":0,"Blue Candle":3,"Oddly Smooth Stone":0,"Pen Nib":41,"conspire:SlowCooker":48,"infinitespire:Beetle Shell":55,"aspiration:SeaSaltIceCream":6,"Letter Opener":8,"War Paint":22,"REME_LimitBreaker":56,"Akabeko":0,"Du-Vu Doll":0,"MutagenicStrength":19,"ChiXiaoBlade":38,"Molten Egg 2":43,"Grinning Jar":0,"Darkstone Periapt":28,"ReplayTheSpireMod:Ring of Exchange":2,"aspiration:Lifesprig":54,"bronze:BronzeCore":0,"DaveBox":0,"Melange":0,"Yang":0,"Mango":29,"Blue Doll":38,"wanderingMiniBosses:AbyssPearl":23,"Juzu Bracelet":0,"Bag of Preparation":44,"TeardropLocket":0,"Ancient Tea Set":47,"Smiling Mask":13,"ClockworkSouvenir":37,"conspire:InfiniteJournal":56,"Replay:Bandana":11,"Chameleon Ring":56,"Mummified Hand":0,"Pantograph":0,"infinitespire:Eraser":47,"BargainBundle":0,"Lee\u0027s Waffle":16,"NeowsBlessing":0,"infinitespire:CursedDice":48,"Damaru":9,"ShadowXiaoBlade":17,"Replay:WaspNest":6,"Omamori":48,"Orichalcum":37,"GoldenEye":6,"Anchor":26,"SynthV:TestCard":1,"infinitespire:WardingShard":9,"HaiYi:Twilight":19,"wanderingMiniBosses:CarrionFlame":35,"Orrery":0,"Bag of Marbles":21,"Coffee Dripper":56,"Bottled Lightning":43,"Membership Card":0,"REME_CardOfGreed":38,"conspire:DeflatedDodgeball":44,"ReplayTheSpireMod:Ring of Challenge":2,"REME_PuzzleBoxRelic":56,"TungstenRod":12,"REME_ComplimentaryCards":0,"ReplayTheSpireMod:ShopPack":0},{"Divine Protection":43,"Golden Egg":64,"Replay:Accelerometer":72,"Calipers":62,"Vajra":56,"EVO:Axolotl":0,"Whetstone":23,"Boot":9,"Sling":11,"Old Coin":0,"Sozu":8,"Replay:Wanted Poster":59,"Centennial Puzzle":4,"Lizard Tail":48,"Strawberry":43,"Replay:Bronze Core":50,"MealTicket":22,"Philosopher\u0027s Stone":32,"Kunai":58,"Replay:Wax Seal":60,"aspiration:DSix":49,"Pear":3,"ReplayTheSpireMod:CursedCoin":43,"Blue Candle":44,"Oddly Smooth Stone":43,"Pen Nib":12,"conspire:SlowCooker":39,"infinitespire:Beetle Shell":42,"aspiration:SeaSaltIceCream":3,"Letter Opener":48,"War Paint":53,"REME_LimitBreaker":71,"Akabeko":16,"Du-Vu Doll":43,"MutagenicStrength":27,"ChiXiaoBlade":11,"Molten Egg 2":37,"Grinning Jar":43,"Darkstone Periapt":56,"ReplayTheSpireMod:Ring of Exchange":44,"aspiration:Lifesprig":41,"bronze:BronzeCore":0,"DaveBox":0,"Melange":43,"Yang":43,"Mango":57,"Blue Doll":60,"wanderingMiniBosses:AbyssPearl":54,"Juzu Bracelet":16,"Bag of Preparation":66,"TeardropLocket":16,"Ancient Tea Set":14,"Smiling Mask":24,"ClockworkSouvenir":34,"conspire:InfiniteJournal":71,"Replay:Bandana":48,"Chameleon Ring":71,"Mummified Hand":43,"Pantograph":43,"infinitespire:Eraser":67,"BargainBundle":43,"Lee\u0027s Waffle":50,"NeowsBlessing":0,"infinitespire:CursedDice":68,"Damaru":21,"ShadowXiaoBlade":26,"Replay:WaspNest":46,"Omamori":39,"Orichalcum":34,"GoldenEye":20,"Anchor":55,"SynthV:TestCard":1,"infinitespire:WardingShard":4,"HaiYi:Twilight":9,"wanderingMiniBosses:CarrionFlame":33,"Orrery":16,"Bag of Marbles":53,"Coffee Dripper":71,"Bottled Lightning":12,"Membership Card":43,"REME_CardOfGreed":60,"conspire:DeflatedDodgeball":13,"ReplayTheSpireMod:Ring of Challenge":44,"REME_PuzzleBoxRelic":71,"TungstenRod":23,"REME_ComplimentaryCards":0,"ReplayTheSpireMod:ShopPack":43},{"Divine Protection":146,"Golden Egg":211,"Replay:Accelerometer":229,"Calipers":206,"Vajra":189,"EVO:Axolotl":0,"Whetstone":85,"Boot":32,"Sling":47,"Old Coin":0,"Sozu":27,"Replay:Wanted Poster":200,"Centennial Puzzle":6,"Lizard Tail":160,"Strawberry":146,"Replay:Bronze Core":164,"MealTicket":83,"Philosopher\u0027s Stone":117,"Kunai":197,"Replay:Wax Seal":203,"aspiration:DSix":161,"Pear":3,"ReplayTheSpireMod:CursedCoin":146,"Blue Candle":148,"Oddly Smooth Stone":146,"Pen Nib":52,"conspire:SlowCooker":136,"infinitespire:Beetle Shell":144,"aspiration:SeaSaltIceCream":3,"Letter Opener":160,"War Paint":177,"REME_LimitBreaker":226,"Akabeko":68,"Du-Vu Doll":146,"MutagenicStrength":101,"ChiXiaoBlade":47,"Molten Egg 2":130,"Grinning Jar":146,"Darkstone Periapt":189,"ReplayTheSpireMod:Ring of Exchange":148,"aspiration:Lifesprig":141,"bronze:BronzeCore":0,"DaveBox":0,"Melange":146,"Yang":146,"Mango":194,"Blue Doll":203,"wanderingMiniBosses:AbyssPearl":182,"Juzu Bracelet":68,"Bag of Preparation":215,"TeardropLocket":68,"Ancient Tea Set":58,"Smiling Mask":88,"ClockworkSouvenir":123,"conspire:InfiniteJournal":226,"Replay:Bandana":160,"Chameleon Ring":226,"Mummified Hand":146,"Pantograph":146,"infinitespire:Eraser":217,"BargainBundle":146,"Lee\u0027s Waffle":164,"NeowsBlessing":0,"infinitespire:CursedDice":220,"Damaru":80,"ShadowXiaoBlade":97,"Replay:WaspNest":154,"Omamori":136,"Orichalcum":123,"GoldenEye":78,"Anchor":186,"SynthV:TestCard":1,"infinitespire:WardingShard":6,"HaiYi:Twilight":32,"wanderingMiniBosses:CarrionFlame":121,"Orrery":68,"Bag of Marbles":177,"Coffee Dripper":226,"Bottled Lightning":52,"Membership Card":146,"REME_CardOfGreed":203,"conspire:DeflatedDodgeball":55,"ReplayTheSpireMod:Ring of Challenge":148,"REME_PuzzleBoxRelic":226,"TungstenRod":85,"REME_ComplimentaryCards":0,"ReplayTheSpireMod:ShopPack":146}]},"card_choices":[{"not_picked":["REME_MawOfCthun","Bandage Up"],"picked":"Mayhem","floor":0},{"not_picked":["MostiFishMod:Awakening","REME_BuildACard"],"picked":"ReplayTheSpireMod:Private Reserves","floor":0},{"not_picked":["REME_BodyOfCthun","ReplayTheSpireMod:Brewmster"],"picked":"MostiFishMod:ForestofLight","floor":0},{"not_picked":["Halt","FlyingSleeves"],"picked":"Protect","floor":1},{"not_picked":["MostiFishMod:KamiSmash","REME_Repentance","Sanctity","Halt"],"picked":"SashWhip","floor":3},{"not_picked":["REME_MusicOfDeath","Wireheading","Conclude","Wallop"],"picked":"Tantrum","floor":4},{"not_picked":["TH:BikiniMail","TH:EnergyPotion","TH:TreasureMap"],"picked":"TH:CopperCoins","floor":6},{"not_picked":["Consecrate","Replay:Battleflow","Conclude","SashWhip"],"picked":"Wallop","floor":6},{"not_picked":["CrushJoints","EmptyMind","Replay:DivineShield","Replay:Cycle"],"picked":"Crescendo","floor":7},{"not_picked":["TH:ElvenBoots","TH:BikiniMail","TH:PixieDust"],"picked":"TH:CopperCoins","floor":8},{"not_picked":["MostiFishMod:Clarity","WaveOfTheHand","Replay:BluntJabs","Weave"],"picked":"Crescendo","floor":8},{"not_picked":["TH:EnergyPotion","TH:CopperCoins","TH:PixieDust"],"picked":"TH:CursedSword","floor":11},{"not_picked":["TH:ArmorSpikes","TH:EnergyPotion","TH:PixieDust"],"picked":"TH:DeckOfManyThings","floor":13},{"not_picked":["Replay:AtTheReady","MostiFishMod:PathToVictory","DeceiveReality","ForeignInfluence"],"picked":"FollowUp","floor":13},{"not_picked":["Pray","Halt","ThirdEye","MostiFishMod:Nomercy"],"picked":"Prostrate","floor":14},{"not_picked":["TH:ElvenBoots","TH:TreasureMap","TH:DeckOfManyThings"],"picked":"TH:CursedSword","floor":18},{"not_picked":["REME_EmptyShield","Wish","REME_WorshipGod","MostiFishMod:Moonprays"],"picked":"LessonLearned","floor":18},{"not_picked":["Crescendo","Replay:ManipulateFuture","ClearTheMind","MostiFishMod:FlowState"],"picked":"FlurryOfBlows","floor":20},{"not_picked":["ClearTheMind","MostiFishMod:Speedup","Replay:BluntJabs","Evaluate"],"picked":"CrushJoints","floor":21},{"not_picked":["JustLucky","BowlingBash+1","FollowUp","ThirdEye","REME_Repentance+1"],"picked":"SKIP","floor":23},{"not_picked":["FollowUp+1","SashWhip","Wallop+1","Worship"],"picked":"Devotion","floor":24},{"not_picked":["FlyingSleeves","MostiFishMod:Minus","Replay:BluntJabs","SashWhip"],"picked":"Wallop","floor":27},{"not_picked":["TH:PixieDust","TH:Mimic","TH:TreasureMap"],"picked":"TH:DeckOfManyThings","floor":27},{"not_picked":["TH:PixieDust","TH:ElvenBoots","TH:TreasureMap"],"picked":"TH:ArmorSpikes","floor":28},{"not_picked":["TH:Mimic","TH:PixieDust","TH:TreasureMap"],"picked":"TH:CursedSword","floor":29},{"not_picked":["FollowUp","Perseverance","MostiFishMod:Minus","Wireheading"],"picked":"Consecrate","floor":29},{"not_picked":["Protect","Perseverance","Replay:BluntJabs+1","ThirdEye","Replay:ManipulateFuture"],"picked":"SKIP","floor":30},{"not_picked":["ReplayTheSpireMod:??????????????????????","ReplayTheSpireMod:Chaos Vortex"],"picked":"infinitespire:Collect","floor":32},{"not_picked":["TH:Mimic","TH:BikiniMail","TH:PixieDust"],"picked":"TH:ArmorSpikes","floor":33},{"not_picked":["TH:BikiniMail","TH:TreasureMap","TH:ElvenBoots"],"picked":"TH:CursedSword","floor":35},{"not_picked":["Scrawl","MostiFishMod:Dust","ConjureBlade","REME_CRH"],"picked":"Ragnarok","floor":35},{"not_picked":["Protect+1","PathToVictory","Crescendo","TalkToTheHand+1"],"picked":"MostiFishMod:LegendTransform+1","floor":37},{"not_picked":["ClearTheMind","Crescendo","Replay:ManipulateFuture","PathToVictory"],"picked":"InnerPeace","floor":39},{"not_picked":["ClearTheMind","Protect","Halt","FlurryOfBlows"],"picked":"Fasting2","floor":40},{"not_picked":["PathToVictory","Evaluate","Conclude","Replay:AtTheReady+1","BowlingBash+1"],"picked":"SKIP","floor":41},{"not_picked":["TH:ElvenBoots","TH:BikiniMail","TH:TreasureMap"],"picked":"TH:CopperCoins","floor":42},{"not_picked":["Wallop","Replay:LoomingThreat","BattleHymn","Evaluate","BowlingBash"],"picked":"SKIP","floor":42},{"not_picked":["Perseverance","Protect","MostiFishMod:PathToVictory","BowlingBash+1"],"picked":"CrushJoints+1","floor":43},{"not_picked":["TH:ElvenBoots","TH:BikiniMail","TH:ArmorSpikes"],"picked":"TH:CursedSword","floor":44},{"not_picked":["REME_CRH","EmptyBody","JustLucky+1","Replay:DivineShield"],"picked":"FearNoEvil","floor":44},{"not_picked":["TH:TreasureMap","TH:CopperCoins","TH:ArmorSpikes"],"picked":"TH:CursedSword","floor":45},{"not_picked":["TH:TreasureMap","TH:ArmorSpikes","TH:EnergyPotion"],"picked":"TH:CursedSword","floor":47},{"not_picked":["BowlingBash","LikeWater","Replay:DivineShield+1","Judgement"],"picked":"FlurryOfBlows+1","floor":47},{"not_picked":["Consecrate","MostiFishMod:ScryFuture+1","ClearTheMind","CutThroughFate"],"picked":"MostiFishMod:LegendTransform+1","floor":48},{"not_picked":["MostiFishMod:Clarity","FlyingSleeves+1","JustLucky","Replay:Hum"],"picked":"Vengeance","floor":50},{"not_picked":["TH:BikiniMail","TH:Mimic","TH:TreasureMap"],"picked":"TH:CursedSword","floor":57},{"not_picked":["MostiFishMod:Clarity+1","Replay:BluntJabs","ThirdEye+1","Crescendo"],"picked":"MostiFishMod:Disappear","floor":57}],"player_experience":593582,"relics_obtained":[{"floor":1,"key":"SynthV:TestCard"},{"floor":2,"key":"ReplayTheSpireMod:Ring of Exchange"},{"floor":2,"key":"ReplayTheSpireMod:Ring of Challenge"},{"floor":3,"key":"Blue Candle"},{"floor":6,"key":"Replay:WaspNest"},{"floor":8,"key":"Letter Opener"},{"floor":8,"key":"Lizard Tail"},{"floor":11,"key":"Replay:Bandana"},{"floor":13,"key":"aspiration:DSix"},{"floor":21,"key":"Bag of Marbles"},{"floor":23,"key":"wanderingMiniBosses:AbyssPearl"},{"floor":27,"key":"Vajra"},{"floor":28,"key":"Darkstone Periapt"},{"floor":29,"key":"Mango"},{"floor":29,"key":"aspiration:Lifesprig"},{"floor":33,"key":"Kunai"},{"floor":40,"key":"Calipers"},{"floor":42,"key":"Golden Egg"},{"floor":44,"key":"Bag of Preparation"},{"floor":44,"key":"Akabeko"},{"floor":47,"key":"infinitespire:Eraser"},{"floor":48,"key":"infinitespire:CursedDice"},{"floor":57,"key":"Replay:Accelerometer"}],"event_choices":[{"damage_healed":0,"gold_gain":2,"player_choice":"2","damage_taken":0,"max_hp_gain":0,"max_hp_loss":24,"event_name":"betterStone:BetterStone","floor":31,"gold_loss":0},{"damage_healed":0,"gold_gain":0,"player_choice":"Fight","damage_taken":0,"max_hp_gain":0,"max_hp_loss":0,"event_name":"Mysterious Sphere","floor":48,"gold_loss":0}],"is_beta":false,"boss_relics":[{"not_picked":["Frozen Eye","MoonlightInvasionPlan"],"picked":"Philosopher\u0027s Stone"},{"not_picked":["MostiFishMod:AdaptiveDefenses","Honey Jar"],"picked":"Replay:Wanted Poster"}],"items_purged_floors":[],"is_endless":false,"potions_floor_spawned":[4,8,13,14,20,27,29,35,37,39,41,44,50],"ascension_level":20,"is_humility":true}}