{"host":"2se5dq1do2gp0x9k","time":1612161028,"event":{"mods":["AchievementEnabler","BaseMod","Block Reminder","Colored Map","Colored Powertips","Minty Spire (QoL Compilation)","Relic Stats","StSLib","SuperFastMode"],"gold_per_floor":[14,32,32,32,44,44,69,69,123,162,174,200,212,235,247,259,259],"floor_reached":16,"language":"ENG","playtime":302,"items_purged":[],"score":220,"play_id":"3265752f-72c4-4a4f-ab3c-92ca0ca983d1","local_time":"20210131223028","is_ascension_mode":true,"campfire_choices":[{"data":"Hyperbeam","floor":6.0,"key":"SMITH"},{"data":"Hologram","floor":8.0,"key":"SMITH"},{"floor":11,"key":"REST"},{"data":"Reinforced Body","floor":15,"key":"SMITH"}],"circlet_count":0,"master_deck":["AscendersBane","Strike_B","Strike_B","Strike_B","Strike_B","Defend_B","Defend_B","Defend_B","Defend_B","Dualcast","Hyperbeam+1","Leap","Skim","Reinforced Body+1","Melter","Hologram+1","Leap+1","Rebound"],"relics":["Cracked Core","Centennial Puzzle","MawBank","Kunai"],"acts_visited":["Exordium"],"potions_floor_usage":[10,16],"damage_taken":[{"damage":0.0,"enemies":"Small Slimes","floor":1.0,"turns":2.0},{"damage":0.0,"enemies":"Cultist","floor":2.0,"turns":3.0},{"damage":7.0,"enemies":"Jaw Worm","floor":5.0,"turns":2.0},{"damage":10.0,"enemies":"3 Sentries","floor":7.0,"turns":3.0},{"damage":39,"enemies":"Lagavulin","floor":10,"turns":6},{"damage":0,"enemies":"Gremlin Gang","floor":12,"turns":2},{"damage":0,"enemies":"2 Fungi Beasts","floor":14,"turns":1},{"damage":39,"enemies":"Slime Boss","floor":16,"turns":8}],"seed_played":"-6212850984534590395","potions_obtained":[{"floor":5.0,"key":"CultistPotion"},{"floor":7.0,"key":"FocusPotion"},{"floor":12,"key":"FearPotion"},{"floor":14,"key":"Fruit Juice"}],"is_trial":false,"path_per_floor":["M","M","?","$","M","R","E","R","T","E","R","M","?","M","R","B"],"character_chosen":"DEFECT","items_purchased":[],"campfire_rested":1,"item_purchase_floors":[],"current_hp_per_floor":[64,64,64,64,57,57,47,47,47,8,29,29,29,29,29,0,0],"gold":259,"neow_bonus":"THREE_RARE_CARDS","is_daily":false,"chose_seed":false,"campfire_upgraded":3,"win_rate":0.0,"timestamp":1612161028,"path_taken":["M","M","?","?","M","R","E","R","T","E","R","?","?","M","R","BOSS"],"items_purchased_type":[],"build_version":"2020-12-22","purchased_purges":0,"victory":false,"max_hp_per_floor":[71,71,71,71,71,71,71,71,71,71,71,71,71,71,71,76,76],"relic_stats":{"Centennial Puzzle":[6],"counters":[8,27],"Kunai":[0],"MawBank":84,"obtain_stats":[{"Centennial Puzzle":7,"Kunai":10,"Cracked Core":0,"MawBank":9},{"Centennial Puzzle":4,"Kunai":5,"Cracked Core":0,"MawBank":4},{"Centennial Puzzle":10,"Kunai":16,"Cracked Core":0,"MawBank":10}]},"card_choices":[{"not_picked":["Meteor Strike","Rainbow"],"picked":"Hyperbeam","floor":0.0},{"not_picked":["Barrage","Compile Driver"],"picked":"Leap","floor":1.0},{"not_picked":["Barrage","Chill"],"picked":"Skim","floor":2.0},{"not_picked":["Turbo","Gash"],"picked":"Melter","floor":5.0},{"not_picked":["Conserve Battery","Rip and Tear"],"picked":"Hologram","floor":7.0},{"not_picked":["Stack","Coolheaded","Ball Lightning"],"picked":"SKIP","floor":10},{"not_picked":["Capacitor","Sunder"],"picked":"Leap","floor":12},{"not_picked":["Thunder Strike","Streamline"],"picked":"Rebound","floor":14}],"player_experience":4040863,"relics_obtained":[{"floor":7.0,"key":"Centennial Puzzle"},{"floor":9.0,"key":"MawBank"},{"floor":10,"key":"Kunai"}],"event_choices":[{"damage_healed":0.0,"max_hp_gain":0.0,"max_hp_loss":0.0,"gold_gain":0.0,"cards_transformed":["Zap"],"event_name":"Transmorgrifier","player_choice":"Transformed","floor":3.0,"gold_loss":0.0,"damage_taken":0.0,"cards_obtained":["Reinforced Body"]},{"damage_healed":0,"gold_gain":0,"player_choice":"Upgraded","damage_taken":0,"max_hp_gain":0,"max_hp_loss":0,"event_name":"Upgrade Shrine","floor":13,"gold_loss":0,"cards_upgraded":["Leap"]}],"is_beta":false,"boss_relics":[],"items_purged_floors":[],"is_endless":false,"potions_floor_spawned":[5,7,12,14],"killed_by":"Slime Boss","ascension_level":20}}