{"host":"cd25ms2o8pjhjp7m","time":1612187253,"event":{"mods":["Aspiration","BaseMod","Bestiary","Better Third Choice","BetterRewards","Conspire","Curses Come First","Friendly Minions","GifTheSpireLib","Hubris","Minty Spire (QoL Compilation)","Rare Cards Sparkle","Relic Stats","Reliquary","Replay The Spire","Robot Space Explorer","StSLib","The Poker Player","Uncapped","[IsaacMod]????","??????REMEMod"],"gold_per_floor":[118,118,4,50,50,50,83,97,122,122,132,102,121,139,139,240,240,253,253,253,38,49,49,81,93,93,109,129,0,0,100,100,100,100],"floor_reached":33,"language":"DEU","playtime":1548,"items_purged":["Regret"],"score":267,"play_id":"d9f3418a-4d1a-44d2-b7ae-22c064374262","local_time":"20210201144733","is_ascension_mode":false,"campfire_choices":[{"data":"Footwork","floor":6,"key":"SMITH"},{"data":"Neutralize","floor":10,"key":"SMITH"},{"data":"Blade Dance","floor":15,"key":"SMITH"},{"data":"Survivor","floor":23,"key":"SMITH"},{"data":"Catalyst","floor":30,"key":"SMITH"},{"data":"conspire:PoisonWeapons","floor":32,"key":"SMITH"}],"circlet_count":0,"master_deck":["Strike_G","Strike_G","Strike_G","Strike_G","Strike_G","Defend_G","Defend_G","Defend_G","Defend_G","Defend_G","Survivor+1","Neutralize+1","REME_GreenPollution","Wraith Form v2","Catalyst+1","Footwork+1","Cloak And Dagger","Tactician","Blade Dance+1","Blade Dance","Cloak And Dagger","REME_SpectralBlade","Cloak And Dagger","Infinite Blades","Infinite Blades","ReplayTheSpireMod:Exploit Weakness","Poisoned Stab","Deadly Poison+1","Deadly Poison+1","ReplayTheSpireMod:Tripwire+1","conspire:PoisonWeapons+1"],"relics":["Ring of the Snake","REME_ComplimentaryCards","HushsDoor","SteamSale","Orichalcum","Chaos","reliquary:PartyBalloon","Paper Crane","StrikeDummy","Lee\u0027s Waffle","hubris:Metronome","Toolbox","aspiration:SeaSaltIceCream","YumHeart","ReplayTheSpireMod:TigerMarble","hubris:SlimyHat","reliquary:BallBearing"],"acts_visited":["Exordium","TheCity"],"potions_floor_usage":[7,16,16,33],"damage_taken":[{"damage":0,"enemies":"Small Slimes","floor":1,"turns":4},{"damage":8,"enemies":"conspire:MimicChest","floor":4,"turns":11},{"damage":15,"enemies":"Replay:BlueRogue","floor":7,"turns":12},{"damage":2,"enemies":"conspire:RoseBush","floor":8,"turns":4},{"damage":4,"enemies":"2 Louse","floor":11,"turns":4},{"damage":1,"enemies":"Looter","floor":12,"turns":4},{"damage":5,"enemies":"Red Slaver","floor":13,"turns":5},{"damage":2,"enemies":"Large Slime","floor":14,"turns":7},{"damage":44,"enemies":"The Guardian","floor":16,"turns":16},{"damage":20,"enemies":"Spheric Guardian","floor":18,"turns":4},{"damage":7,"enemies":"Shell Parasite","floor":22,"turns":5},{"damage":12,"enemies":"conspire:SneckoGhost","floor":24,"turns":5},{"damage":12,"enemies":"Snake Plant","floor":25,"turns":5},{"damage":3,"enemies":"Chosen and Byrds","floor":27,"turns":6},{"damage":10,"enemies":"conspire:HollyBat","floor":28,"turns":7},{"damage":2,"enemies":"Snecko","floor":31,"turns":5},{"damage":69,"enemies":"Champ","floor":33,"turns":8}],"seed_played":"-9077656083390728001","potions_obtained":[{"floor":1,"key":"DistilledChaos"},{"floor":4,"key":"Adrenaline Potion"},{"floor":13,"key":"ColorlessPotion"},{"floor":16,"key":"Languid Potion"},{"floor":18,"key":"BlessingOfTheForge"},{"floor":31,"key":"PowerPotion"}],"is_trial":false,"path_per_floor":["M","?","$","?","?","R","E","M","T","R","M","M","M","M","R","B",null,"M","?","T","$","M","R","E","M","T","M","M","$","R","M","R","B"],"character_chosen":"THE_SILENT","items_purchased":["Chaos","Footwork","Infinite Blades","aspiration:SeaSaltIceCream","ReplayTheSpireMod:Exploit Weakness","reliquary:BallBearing"],"campfire_rested":0,"item_purchase_floors":[3,3,21,21,21,29],"current_hp_per_floor":[70,67,67,59,59,59,44,42,77,77,73,72,67,65,65,21,77,57,57,57,57,75,75,63,51,51,48,63,63,63,61,61,0,0],"gold":100,"neow_bonus":"ONE_RANDOM_RARE_CARD","is_daily":false,"chose_seed":false,"campfire_upgraded":6,"win_rate":0.0,"timestamp":1612187253,"path_taken":["M","?","$","?","?","R","E","M","T","R","M","M","?","M","R","BOSS","M","?","?","?","M","R","E","?","T","M","M","$","R","M","R","BOSS"],"items_purchased_type":["Card","Card","Card","Relic","Card","Relic"],"build_version":"2020-12-22","purchased_purges":1,"victory":false,"max_hp_per_floor":[70,70,70,70,70,70,70,70,77,77,77,77,77,77,77,77,77,77,77,77,77,77,77,77,77,77,77,77,77,77,77,77,77,77],"relic_stats":{"Lee\u0027s Waffle":35,"counters":[17,112],"Orichalcum":[156],"obtain_stats":[{"KeepersGift":0,"Chaos":3,"Lee\u0027s Waffle":9,"hubris:Metronome":17,"reliquary:PartyBalloon":4,"hubris:SlimyHat":26,"aspiration:SeaSaltIceCream":21,"Orichalcum":2,"Paper Crane":5,"SteamSale":0,"YumHeart":21,"Toolbox":20,"reliquary:BallBearing":29,"ReplayTheSpireMod:TigerMarble":24,"HushsDoor":0,"StrikeDummy":7,"Ring of the Snake":0,"REME_ComplimentaryCards":0},{"KeepersGift":0,"Chaos":1,"Lee\u0027s Waffle":4,"hubris:Metronome":9,"reliquary:PartyBalloon":2,"hubris:SlimyHat":13,"aspiration:SeaSaltIceCream":10,"Orichalcum":1,"Paper Crane":2,"SteamSale":0,"YumHeart":10,"Toolbox":10,"reliquary:BallBearing":15,"ReplayTheSpireMod:TigerMarble":12,"HushsDoor":0,"StrikeDummy":3,"Ring of the Snake":0,"REME_ComplimentaryCards":0},{"KeepersGift":0,"Chaos":4,"Lee\u0027s Waffle":31,"hubris:Metronome":67,"reliquary:PartyBalloon":15,"hubris:SlimyHat":86,"aspiration:SeaSaltIceCream":71,"Orichalcum":4,"Paper Crane":15,"SteamSale":0,"YumHeart":71,"Toolbox":71,"reliquary:BallBearing":99,"ReplayTheSpireMod:TigerMarble":81,"HushsDoor":0,"StrikeDummy":27,"Ring of the Snake":0,"REME_ComplimentaryCards":0}],"Ring of the Snake":[34]},"card_choices":[{"not_picked":[],"picked":"Bomb","floor":0},{"not_picked":["hubris:SlightOfHand","Predator"],"picked":"Catalyst","floor":1},{"not_picked":["REME_GreenPollution","Blade Dance"],"picked":"Cloak And Dagger","floor":7},{"not_picked":["Riddle With Holes","Doppelganger","Deflect"],"picked":"SKIP","floor":8},{"not_picked":["Leg Sweep","Poisoned Stab"],"picked":"Tactician","floor":11},{"not_picked":["Acrobatics","PiercingWail"],"picked":"Blade Dance","floor":12},{"not_picked":["Flechettes","Dagger Throw"],"picked":"Blade Dance","floor":13},{"not_picked":["Hidden Blade","Eviscerate"],"picked":"Cloak And Dagger","floor":14},{"not_picked":["Tools of the Trade","Malaise"],"picked":"REME_SpectralBlade","floor":16},{"not_picked":["Masterful Stab","Prepared"],"picked":"Cloak And Dagger","floor":18},{"not_picked":["Slice","Choke+1"],"picked":"Poisoned Stab","floor":22},{"not_picked":["Draining Mist","Poisoned Stab"],"picked":"Deadly Poison+1","floor":24},{"not_picked":["Quick Slash","ReplayTheSpireMod:The Works"],"picked":"Deadly Poison+1","floor":25},{"not_picked":["PiercingWail","Tactician","Flying Knee"],"picked":"SKIP","floor":27},{"not_picked":["Setup","Heel Hook"],"picked":"ReplayTheSpireMod:Tripwire+1","floor":28},{"not_picked":["Slice","Catalyst"],"picked":"conspire:PoisonWeapons","floor":31}],"player_experience":455153,"relics_obtained":[{"floor":4,"key":"reliquary:PartyBalloon"},{"floor":7,"key":"StrikeDummy"},{"floor":9,"key":"Lee\u0027s Waffle"},{"floor":20,"key":"Toolbox"},{"floor":24,"key":"ReplayTheSpireMod:TigerMarble"},{"floor":26,"key":"hubris:SlimyHat"}],"event_choices":[{"damage_healed":0,"gold_gain":0,"player_choice":"Relic ","damage_taken":3,"max_hp_gain":0,"max_hp_loss":0,"event_name":"betterThird:BetterScrap","floor":2,"gold_loss":0,"cards_obtained":["WaveOfTheHand"]},{"damage_healed":0,"gold_gain":0,"player_choice":"Box","damage_taken":0,"relics_obtained":["Paper Crane"],"max_hp_gain":0,"max_hp_loss":0,"event_name":"Big Fish","floor":5,"gold_loss":0,"cards_obtained":["Regret"]},{"damage_healed":0,"gold_gain":0,"player_choice":"Ignored","damage_taken":0,"max_hp_gain":0,"max_hp_loss":0,"event_name":"Vampires","floor":19,"gold_loss":0}],"is_beta":false,"boss_relics":[{"not_picked":["aspiration:StickyExplosives_weak","Gremlin Horn"],"picked":"hubris:Metronome"},{"not_picked":[]}],"items_purged_floors":[21],"is_endless":false,"potions_floor_spawned":[1,4,13,16,18,31],"killed_by":"Champ","ascension_level":0}}