{"host":"axuns55dzq466eei","time":1612177696,"event":{"mods":["BaseMod","Colored Map","Keyboard Shortcuts","Minty Spire (QoL Compilation)","StSLib","SuperFastMode"],"gold_per_floor":[20,35,35,45,64,95,95,128,207,207,226,66,79,91,91,91,91],"floor_reached":16,"language":"KOR","playtime":410,"items_purged":[],"score":228,"play_id":"d2876044-cda1-4a2f-a16b-32ada63ac8ec","local_time":"20210201200816","is_ascension_mode":true,"campfire_choices":[{"data":"Hemokinesis","floor":7,"key":"SMITH"},{"data":"Power Through","floor":10,"key":"SMITH"},{"data":"Barricade","floor":15,"key":"SMITH"}],"circlet_count":0,"master_deck":["AscendersBane","Strike_R","Strike_R","Strike_R","Strike_R","Defend_R","Defend_R","Defend_R","Bash","Power Through+1","Hemokinesis+1","Second Wind","Dropkick","Twin Strike","Battle Trance","Shockwave","Shrug It Off","Barricade+1","Offering","Dark Embrace"],"relics":["Burning Blood","PreservedInsect","WingedGreaves","Question Card","Orrery"],"acts_visited":["Exordium"],"potions_floor_usage":[16,16],"damage_taken":[{"damage":7.0,"enemies":"Jaw Worm","floor":1.0,"turns":3.0},{"damage":2.0,"enemies":"Cultist","floor":2.0,"turns":4.0},{"damage":3.0,"enemies":"2 Louse","floor":4.0,"turns":2.0},{"damage":5.0,"enemies":"Red Slaver","floor":5.0,"turns":4.0},{"damage":19.0,"enemies":"Lagavulin","floor":6.0,"turns":6.0},{"damage":10,"enemies":"Gremlin Nob","floor":8,"turns":3},{"damage":4,"enemies":"Large Slime","floor":11,"turns":5},{"damage":2,"enemies":"3 Louse","floor":13,"turns":3},{"damage":16,"enemies":"Exordium Thugs","floor":14,"turns":4},{"damage":54,"enemies":"Slime Boss","floor":16,"turns":11}],"seed_played":"1839890016185616576","potions_obtained":[{"floor":4.0,"key":"Strength Potion"},{"floor":6.0,"key":"Block Potion"},{"floor":8,"key":"SkillPotion"}],"is_trial":false,"path_per_floor":["M","M","?","M","M","E","R","E","T","R","M","$","M","M","R","B"],"character_chosen":"IRONCLAD","items_purchased":["Orrery"],"campfire_rested":0,"item_purchase_floors":[12],"current_hp_per_floor":[67,71,71,74,75,62,62,58,58,58,60,60,64,54,54,0,0],"gold":91,"neow_bonus":"REMOVE_TWO","is_daily":false,"chose_seed":false,"campfire_upgraded":3,"win_rate":0.0,"timestamp":1612177696,"path_taken":["M","M","?","M","M","E","R","E","T","R","?","?","M","M","R","BOSS"],"items_purchased_type":["Relic"],"build_version":"2020-12-22","purchased_purges":0,"victory":false,"max_hp_per_floor":[75,75,75,75,75,75,75,75,75,75,75,75,75,75,75,75,75],"card_choices":[{"not_picked":["Headbutt","Seeing Red"],"picked":"Power Through","floor":1.0},{"not_picked":["Dual Wield","Flex"],"picked":"Hemokinesis","floor":2.0},{"not_picked":["Shrug It Off","Clash"],"picked":"Second Wind","floor":4.0},{"not_picked":["Armaments","Entrench"],"picked":"Dropkick","floor":5.0},{"not_picked":["Corruption","Cleave"],"picked":"Twin Strike","floor":6.0},{"not_picked":["Infernal Blade","Heavy Blade"],"picked":"Battle Trance","floor":8},{"not_picked":["Wild Strike","Warcry","Headbutt"],"picked":"Shockwave","floor":11},{"not_picked":["Headbutt","Twin Strike","Cleave"],"picked":"Shrug It Off","floor":12},{"not_picked":["Armaments","Twin Strike","Perfected Strike"],"picked":"Barricade","floor":12},{"not_picked":["Rage","Carnage","Battle Trance"],"picked":"Offering","floor":12},{"not_picked":["Perfected Strike","Headbutt","Sword Boomerang","Flex"],"picked":"SKIP","floor":13},{"not_picked":["Pummel","Flex","Metallicize"],"picked":"Dark Embrace","floor":14}],"player_experience":1103343,"relics_obtained":[{"floor":6.0,"key":"PreservedInsect"},{"floor":8,"key":"WingedGreaves"},{"floor":9,"key":"Question Card"}],"event_choices":[{"damage_healed":0.0,"max_hp_gain":0.0,"max_hp_loss":0.0,"gold_gain":0.0,"event_name":"Match and Keep!","player_choice":"0 cards matched","floor":3.0,"gold_loss":0.0,"damage_taken":0.0,"cards_obtained":[]}],"is_beta":false,"boss_relics":[],"items_purged_floors":[],"is_endless":false,"potions_floor_spawned":[4,6,8,11,13,14],"killed_by":"Slime Boss","ascension_level":20}}