{"host":"oehe2dxjvdgux73m","time":1612197852,"event":{"mods":["AchievementEnabler","BaseMod","Colored Map","Colored Powertips","DeckTracker","Keyboard Shortcuts","Minty Spire (QoL Compilation)","Permanent Neow","Quick Restart","StSLib","SuperFastMode"],"gold_per_floor":[17,31,50,64,83,83,83,83,83,83,102,26,26,38,38,113,113,126,140,156,156,173,202,202,202,202],"floor_reached":25,"language":"KOR","playtime":739,"items_purged":[],"score":434,"play_id":"2c28719b-f5d0-46b0-908f-4bf621d2a041","local_time":"20210202014412","is_ascension_mode":true,"campfire_choices":[{"floor":6.0,"key":"REST"},{"data":"Noxious Fumes","floor":8.0,"key":"SMITH"},{"data":"Cloak And Dagger","floor":10.0,"key":"SMITH"},{"data":"Neutralize","floor":13.0,"key":"SMITH"},{"data":"Catalyst","floor":15.0,"key":"SMITH"},{"data":"Tactician","floor":24.0,"key":"SMITH"}],"circlet_count":0,"master_deck":["AscendersBane","Strike_G","Strike_G","Defend_G","Defend_G","Defend_G","Defend_G","Defend_G","Survivor","Neutralize+1","Dagger Throw","Noxious Fumes+1","Cloak And Dagger+1","Wraith Form v2","Deadly Poison","Bouncing Flask","Catalyst+1","Venomology","CurseOfTheBell","Acrobatics","Backflip","Heel Hook","PiercingWail","Tactician+1"],"relics":["Ring of the Snake","Eternal Feather","Calling Bell","Pen Nib","Mummified Hand","Incense Burner","Blue Candle"],"acts_visited":["Exordium","TheCity"],"potions_floor_usage":[25],"damage_taken":[{"damage":7.0,"enemies":"Small Slimes","floor":1.0,"turns":5.0},{"damage":0.0,"enemies":"Cultist","floor":2.0,"turns":4.0},{"damage":1.0,"enemies":"2 Louse","floor":3.0,"turns":3.0},{"damage":40.0,"enemies":"Gremlin Gang","floor":4.0,"turns":6.0},{"damage":2.0,"enemies":"Blue Slaver","floor":5.0,"turns":5.0},{"damage":2.0,"enemies":"Large Slime","floor":11.0,"turns":8.0},{"damage":6.0,"enemies":"2 Fungi Beasts","floor":14.0,"turns":3.0},{"damage":29.0,"enemies":"Hexaghost","floor":16.0,"turns":8.0},{"damage":5.0,"enemies":"Spheric Guardian","floor":18.0,"turns":3.0},{"damage":8.0,"enemies":"Shell Parasite","floor":19.0,"turns":3.0},{"damage":13.0,"enemies":"Snecko","floor":20.0,"turns":7.0},{"damage":9.0,"enemies":"Cultist and Chosen","floor":22.0,"turns":7.0},{"damage":15.0,"enemies":"Book of Stabbing","floor":23.0,"turns":6.0},{"damage":22,"enemies":"Chosen and Byrds","floor":25,"turns":3}],"seed_played":"1218376187578801872","potions_obtained":[{"floor":4.0,"key":"LiquidBronze"},{"floor":5.0,"key":"Fruit Juice"},{"floor":7.0,"key":"BlessingOfTheForge"},{"floor":18.0,"key":"CultistPotion"},{"floor":20.0,"key":"GhostInAJar"},{"floor":22.0,"key":"AttackPotion"}],"is_trial":false,"path_per_floor":["M","M","M","M","M","R","?","R","T","R","M","$","R","M","R","B",null,"M","M","M","?","M","E","R","M"],"character_chosen":"THE_SILENT","items_purchased":["Bouncing Flask"],"campfire_rested":1,"item_purchase_floors":[12],"current_hp_per_floor":[52,52,51,11,14,35,35,35,35,44,42,42,51,45,54,25,60,55,47,34,34,25,10,22,0,0],"gold":202,"neow_bonus":"REMOVE_TWO","is_daily":false,"chose_seed":false,"campfire_upgraded":5,"win_rate":0.0,"timestamp":1612197852,"path_taken":["M","M","M","M","M","R","?","R","T","R","?","?","R","M","R","BOSS","M","M","M","?","M","E","R","?"],"items_purchased_type":["Card"],"build_version":"2020-12-22","purchased_purges":0,"victory":false,"max_hp_per_floor":[66,66,66,66,71,71,71,71,71,71,71,71,71,71,71,71,71,71,71,71,71,71,71,71,71,71],"card_choices":[{"not_picked":["Slice","Quick Slash"],"picked":"Dagger Throw","floor":1.0},{"not_picked":["Flechettes","Concentrate"],"picked":"Noxious Fumes","floor":2.0},{"not_picked":["Bane","Infinite Blades"],"picked":"Cloak And Dagger","floor":3.0},{"not_picked":["Flechettes","Dodge and Roll","Quick Slash"],"picked":"SKIP","floor":4.0},{"not_picked":["Underhanded Strike","Sucker Punch"],"picked":"Wraith Form v2","floor":5.0},{"not_picked":["Heel Hook","Sucker Punch"],"picked":"Deadly Poison","floor":11.0},{"not_picked":["Riddle With Holes","Deflect"],"picked":"Catalyst","floor":14.0},{"not_picked":["Glass Knife","Tools of the Trade"],"picked":"Venomology","floor":16.0},{"not_picked":["Bane","Dodge and Roll"],"picked":"Acrobatics","floor":18.0},{"not_picked":["Prepared","Tools of the Trade"],"picked":"Backflip","floor":19.0},{"not_picked":["Terror","Dodge and Roll"],"picked":"Heel Hook","floor":20.0},{"not_picked":["Blade Dance","Dagger Throw"],"picked":"PiercingWail","floor":22.0},{"not_picked":["Bouncing Flask","Dodge and Roll"],"picked":"Tactician","floor":23.0}],"player_experience":341329,"relics_obtained":[{"floor":9.0,"key":"Eternal Feather"},{"floor":17.0,"key":"Pen Nib"},{"floor":17.0,"key":"Mummified Hand"},{"floor":17.0,"key":"Incense Burner"},{"floor":23.0,"key":"Blue Candle"}],"event_choices":[{"damage_healed":0.0,"max_hp_gain":0.0,"max_hp_loss":0.0,"gold_gain":0.0,"event_name":"Lab","player_choice":"Got Potions","floor":7.0,"gold_loss":0.0,"damage_taken":0.0},{"cards_removed":["Strike_G"],"damage_healed":0.0,"max_hp_gain":0.0,"max_hp_loss":0.0,"gold_gain":0.0,"event_name":"Purifier","player_choice":"Purged","floor":21.0,"gold_loss":0.0,"damage_taken":0.0}],"is_beta":false,"boss_relics":[{"not_picked":["Runic Dome","Coffee Dripper"],"picked":"Calling Bell"}],"items_purged_floors":[],"is_endless":false,"potions_floor_spawned":[4,5,11,18,20,22],"killed_by":"Chosen and Byrds","ascension_level":20}}