{"host":"oehe2dxjvdgux73m","time":1612204922,"event":{"mods":["AchievementEnabler","BaseMod","Colored Map","Colored Powertips","DeckTracker","Keyboard Shortcuts","Minty Spire (QoL Compilation)","Permanent Neow","Quick Restart","StSLib","SuperFastMode"],"gold_per_floor":[115,265,265,265,54,54,64,64,64,74,103,28,28,42,42,42,42],"floor_reached":16,"language":"KOR","playtime":205,"items_purged":["Strike_G"],"score":196,"play_id":"9698f02d-3502-4871-9d36-907e239e3ef4","local_time":"20210202034202","is_ascension_mode":true,"campfire_choices":[{"data":"Neutralize","floor":6.0,"key":"SMITH"},{"data":"Dash","floor":8.0,"key":"SMITH"},{"floor":15.0,"key":"REST"}],"circlet_count":0,"master_deck":["AscendersBane","Strike_G","Strike_G","Strike_G","Strike_G","Defend_G","Defend_G","Defend_G","Defend_G","Defend_G","Survivor","Neutralize+1","PiercingWail","Dash+1","Dash","PiercingWail","Adrenaline","Calculated Gamble"],"relics":["Ring of the Snake","NeowsBlessing","TwistedFunnel","Molten Egg 2","WingedGreaves"],"acts_visited":["Exordium"],"potions_floor_usage":[16],"damage_taken":[{"damage":0.0,"enemies":"Jaw Worm","floor":1.0,"turns":1.0},{"damage":0.0,"enemies":"Small Slimes","floor":7.0,"turns":1.0},{"damage":0.0,"enemies":"Cultist","floor":10.0,"turns":1.0},{"damage":42.0,"enemies":"Gremlin Nob","floor":11.0,"turns":6.0},{"damage":4.0,"enemies":"Red Slaver","floor":14.0,"turns":2.0},{"damage":27,"enemies":"The Guardian","floor":16,"turns":7}],"seed_played":"-2868988705222156244","potions_obtained":[{"floor":7.0,"key":"Swift Potion"},{"floor":11.0,"key":"ColorlessPotion"},{"floor":14.0,"key":"FearPotion"}],"is_trial":false,"path_per_floor":["M","?","?","?","$","R","M","R","T","M","E","$","$","M","R","B"],"character_chosen":"THE_SILENT","items_purchased":["Dash","TwistedFunnel"],"campfire_rested":1,"item_purchase_floors":[5,5],"current_hp_per_floor":[59,59,52,52,52,52,52,52,52,52,10,10,10,6,25,0,0],"gold":42,"neow_bonus":"THREE_ENEMY_KILL","is_daily":false,"chose_seed":false,"campfire_upgraded":2,"win_rate":0.0,"timestamp":1612204922,"path_taken":["M","?","?","?","$","R","M","R","T","?","E","?","$","?","R","BOSS"],"items_purchased_type":["Card","Relic"],"build_version":"2020-12-22","purchased_purges":1,"victory":false,"max_hp_per_floor":[66,66,66,66,66,66,66,66,66,66,66,66,66,66,66,66,66],"card_choices":[{"not_picked":["Outmaneuver","Bane"],"picked":"PiercingWail","floor":1.0},{"not_picked":["Infinite Blades","Flying Knee"],"picked":"Dash","floor":7.0},{"not_picked":["Deflect","Outmaneuver"],"picked":"PiercingWail","floor":10.0},{"not_picked":["Flying Knee+1","Bane+1"],"picked":"Adrenaline","floor":11.0},{"not_picked":["Terror","Expertise"],"picked":"Calculated Gamble","floor":14.0}],"player_experience":346694,"relics_obtained":[{"floor":9.0,"key":"Molten Egg 2"},{"floor":11.0,"key":"WingedGreaves"}],"event_choices":[{"damage_healed":0.0,"max_hp_gain":0.0,"max_hp_loss":0.0,"gold_gain":150.0,"event_name":"Liars Game","player_choice":"AGREE","floor":2.0,"gold_loss":0.0,"damage_taken":0.0,"cards_obtained":["Doubt"]},{"cards_removed":["Doubt"],"damage_healed":0.0,"max_hp_gain":0.0,"max_hp_loss":0.0,"gold_gain":0.0,"event_name":"Golden Wing","player_choice":"Card Removal","floor":3.0,"gold_loss":0.0,"damage_taken":7.0},{"damage_healed":0.0,"max_hp_gain":0.0,"max_hp_loss":0.0,"gold_gain":0.0,"event_name":"Match and Keep!","player_choice":"0 cards matched","floor":4.0,"gold_loss":0.0,"damage_taken":0.0,"cards_obtained":[]}],"is_beta":false,"boss_relics":[],"items_purged_floors":[12],"is_endless":false,"potions_floor_spawned":[7,11,14],"killed_by":"The Guardian","ascension_level":20}}