{"host":"dvdvdvm357cut69v","time":1612174757,"event":{"mods":["BaseMod","Minty Spire (QoL Compilation)","StSLib"],"gold_per_floor":[115,128,303,303,323,323,211,211,211,211,211,282,306,306,306,397,397,413,413,36,36,55,96,3,23,96,96,119,119,119],"floor_reached":29,"language":"ENG","playtime":3939,"items_purged":["Doubt"],"score":393,"play_id":"d6de95fb-3cf3-4bcb-bb08-11c429aa9da4","local_time":"20210201131917","is_ascension_mode":true,"campfire_choices":[{"floor":6,"key":"REST"},{"data":"Sunder","floor":8,"key":"SMITH"},{"data":"Defragment","floor":10,"key":"SMITH"},{"data":"Zap","floor":15,"key":"SMITH"},{"floor":27,"key":"REST"}],"circlet_count":0,"master_deck":["AscendersBane","Strike_B","Strike_B","Strike_B","Strike_B","Defend_B","Defend_B","Defend_B","Defend_B","Zap+1","Dualcast","Defragment+1","Rebound","Injury","Auto Shields+1","Sunder+1","Cold Snap","Reboot","Fusion","Capacitor","Force Field","Conserve Battery","Bandage Up","Coolheaded+1","Force Field"],"relics":["Cracked Core","Juzu Bracelet","Golden Idol","Gremlin Horn","Potion Belt","Snecko Eye","MutagenicStrength","Bronze Scales","Tiny Chest","Matryoshka"],"acts_visited":["Exordium","TheCity"],"potions_floor_usage":[16,18,23,23,29],"damage_taken":[{"damage":3,"enemies":"Small Slimes","floor":1,"turns":4},{"damage":13,"enemies":"Jaw Worm","floor":2,"turns":4},{"damage":1,"enemies":"Cultist","floor":5,"turns":3},{"damage":0,"enemies":"2 Fungi Beasts","floor":13,"turns":2},{"damage":23,"enemies":"The Guardian","floor":16,"turns":13},{"damage":3,"enemies":"2 Thieves","floor":18,"turns":3},{"damage":0,"enemies":"3 Byrds","floor":22,"turns":4},{"damage":35,"enemies":"Slavers","floor":23,"turns":6},{"damage":25,"enemies":"Cultist and Chosen","floor":25,"turns":8},{"damage":19,"enemies":"Snecko","floor":28,"turns":7},{"damage":18,"enemies":"3 Cultists","floor":29,"turns":2}],"seed_played":"-2979570952189999014","potions_obtained":[{"floor":5,"key":"Regen Potion"},{"floor":16,"key":"Explosive Potion"},{"floor":18,"key":"PowerPotion"},{"floor":25,"key":"SkillPotion"}],"is_trial":false,"path_per_floor":["M","M","?","?","M","R","$","R","T","R","?","?","M","?","R","B",null,"M","?","$","?","M","E","$","M","T","R","M","M"],"character_chosen":"DEFECT","items_purchased":["Sunder","Capacitor","Force Field","Bronze Scales","DistilledChaos","Bandage Up"],"campfire_rested":2,"item_purchase_floors":[7,20,20,20,20,24],"current_hp_per_floor":[61,48,48,48,47,68,68,68,68,68,56,56,56,56,56,48,65,62,62,62,62,62,27,27,6,6,27,12,0,0],"gold":119,"neow_bonus":"RANDOM_COMMON_RELIC","is_daily":false,"chose_seed":false,"campfire_upgraded":3,"win_rate":0.0,"timestamp":1612174757,"path_taken":["M","M","?","?","M","R","?","R","T","R","?","?","M","?","R","BOSS","M","?","$","?","M","E","$","M","T","R","M","M"],"items_purchased_type":["Card","Card","Card","Relic","Potion","Card"],"build_version":"2020-12-13","purchased_purges":1,"victory":false,"max_hp_per_floor":[71,71,71,71,71,71,71,71,71,71,71,71,71,71,71,71,71,71,71,71,71,71,71,71,71,71,71,71,71,71],"card_choices":[{"not_picked":["Beam Cell","Cold Snap"],"picked":"Defragment","floor":1},{"not_picked":["Reprogram","Aggregate"],"picked":"Rebound","floor":2},{"not_picked":["Aggregate","Chill"],"picked":"Auto Shields","floor":5},{"not_picked":["Fusion","Gash"],"picked":"Cold Snap","floor":13},{"not_picked":["Multi-Cast","Thunder Strike"],"picked":"Reboot","floor":16},{"not_picked":["Rebound","Streamline"],"picked":"Fusion","floor":18},{"not_picked":["Beam Cell","Stack","Static Discharge"],"picked":"SKIP","floor":22},{"not_picked":["Stack","Storm"],"picked":"Conserve Battery","floor":23},{"not_picked":["Leap","Ball Lightning"],"picked":"Coolheaded+1","floor":25},{"not_picked":["Storm","Coolheaded"],"picked":"Force Field","floor":28}],"player_experience":96258,"relics_obtained":[{"floor":9,"key":"Gremlin Horn"},{"floor":23,"key":"Tiny Chest"},{"floor":26,"key":"Matryoshka"}],"event_choices":[{"damage_healed":0,"gold_gain":175,"player_choice":"AGREE","damage_taken":0,"max_hp_gain":0,"max_hp_loss":0,"event_name":"Liars Game","floor":3,"gold_loss":0,"cards_obtained":["Doubt"]},{"damage_healed":0,"gold_gain":0,"player_choice":"Take Wound","damage_taken":0,"relics_obtained":["Golden Idol"],"max_hp_gain":0,"max_hp_loss":0,"event_name":"Golden Idol","floor":4,"gold_loss":0,"cards_obtained":["Injury"]},{"damage_healed":0,"gold_gain":0,"player_choice":"Success","damage_taken":12,"relics_obtained":["Potion Belt"],"max_hp_gain":0,"max_hp_loss":0,"event_name":"Scrap Ooze","floor":11,"gold_loss":0},{"damage_healed":0,"gold_gain":71,"player_choice":"Gained Gold","damage_taken":0,"max_hp_gain":0,"max_hp_loss":0,"event_name":"Golden Wing","floor":12,"gold_loss":0},{"damage_healed":0,"gold_gain":0,"player_choice":"Upgraded","damage_taken":0,"max_hp_gain":0,"max_hp_loss":0,"event_name":"Upgrade Shrine","floor":14,"gold_loss":0,"cards_upgraded":["Auto Shields"]},{"damage_healed":0,"gold_gain":0,"player_choice":"Inject Mutagens","damage_taken":0,"relics_obtained":["MutagenicStrength"],"max_hp_gain":0,"max_hp_loss":0,"event_name":"Drug Dealer","floor":19,"gold_loss":0},{"damage_healed":0,"gold_gain":0,"player_choice":"Ignored","damage_taken":0,"max_hp_gain":0,"max_hp_loss":0,"event_name":"Ghosts","floor":21,"gold_loss":0}],"is_beta":false,"boss_relics":[{"not_picked":["Philosopher\u0027s Stone","Fusion Hammer"],"picked":"Snecko Eye"}],"items_purged_floors":[7],"is_endless":false,"potions_floor_spawned":[5,16,18,25],"killed_by":"3 Cultists","ascension_level":14}}