{"host":"4cz9gr89nglr7k8k","time":1612211083,"event":{"mods":["BaseMod","Minty Spire (QoL Compilation)","Relic Stats","Slay-I"],"gold_per_floor":[109,56,56,56,72,72,16,166,166,181,202,226,226,239,239,239,239],"floor_reached":16,"language":"DEU","playtime":376,"items_purged":[],"score":184,"play_id":"dc214010-2d81-4d88-98cf-e9e40bb53911","local_time":"20210201212443","is_ascension_mode":true,"campfire_choices":[{"floor":6,"key":"REST"},{"floor":13,"key":"REST"},{"data":"Twin Strike","floor":15,"key":"SMITH"}],"circlet_count":0,"master_deck":["AscendersBane","Strike_R","Strike_R","Strike_R","Strike_R","Strike_R","Defend_R","Defend_R","Defend_R","Defend_R","Bash","Clumsy","Armaments","Flex","Shockwave","Sword Boomerang","Doubt","Clothesline","Iron Wave","Pummel","Twin Strike+1"],"relics":["Burning Blood","Golden Idol","Bronze Scales"],"acts_visited":["Exordium"],"potions_floor_usage":[16,16],"damage_taken":[{"damage":6,"enemies":"Cultist","floor":1,"turns":3},{"damage":12,"enemies":"Jaw Worm","floor":5,"turns":3},{"damage":12,"enemies":"2 Louse","floor":10,"turns":4},{"damage":7,"enemies":"Blue Slaver","floor":11,"turns":4},{"damage":11,"enemies":"Looter","floor":12,"turns":3},{"damage":19,"enemies":"2 Fungi Beasts","floor":14,"turns":4},{"damage":104,"enemies":"The Guardian","floor":16,"turns":12}],"seed_played":"6605263990509204595","potions_obtained":[{"floor":1,"key":"Swift Potion"},{"floor":11,"key":"ColorlessPotion"}],"is_trial":false,"path_per_floor":["M","$","?","?","M","R","$","?","T","M","M","M","R","M","R","B"],"character_chosen":"IRONCLAD","items_purchased":["Flex","Sword Boomerang"],"campfire_rested":2,"item_purchase_floors":[2,7],"current_hp_per_floor":[82,82,87,55,49,77,77,77,77,71,70,65,93,80,80,0,0],"gold":239,"neow_bonus":"TWENTY_PERCENT_HP_BONUS","is_daily":false,"chose_seed":false,"campfire_upgraded":1,"win_rate":0.0,"timestamp":1612211083,"path_taken":["M","$","?","?","M","R","?","?","T","M","M","?","R","M","R","BOSS"],"items_purchased_type":["Card","Card"],"build_version":"2020-12-22","purchased_purges":0,"victory":false,"max_hp_per_floor":[89,89,94,94,94,94,94,94,94,94,94,94,94,94,94,94,94],"relic_stats":{"counters":[7,33],"Golden Idol":18,"Bronze Scales":[77],"obtain_stats":[{"Golden Idol":4,"Bronze Scales":9,"Burning Blood":0},{"Golden Idol":1,"Bronze Scales":2,"Burning Blood":0},{"Golden Idol":3,"Bronze Scales":6,"Burning Blood":0}],"Burning Blood":36},"card_choices":[{"not_picked":["Dark Embrace","Dual Wield"],"picked":"Armaments","floor":1},{"not_picked":["Flex","Headbutt"],"picked":"Shockwave","floor":5},{"not_picked":["Shockwave","Entrench"],"picked":"Clothesline","floor":10},{"not_picked":["Pommel Strike","Burning Pact"],"picked":"Iron Wave","floor":11},{"not_picked":["Dark Embrace","Second Wind"],"picked":"Pummel","floor":12},{"not_picked":["Flex","Headbutt"],"picked":"Twin Strike","floor":14}],"player_experience":1535363,"relics_obtained":[{"floor":9,"key":"Bronze Scales"}],"event_choices":[{"damage_healed":0,"gold_gain":0,"player_choice":"Donut","damage_taken":0,"max_hp_gain":5,"max_hp_loss":0,"event_name":"Big Fish","floor":3,"gold_loss":0},{"damage_healed":0,"gold_gain":0,"player_choice":"Take Damage","damage_taken":32,"relics_obtained":["Golden Idol"],"max_hp_gain":0,"max_hp_loss":0,"event_name":"Golden Idol","floor":4,"gold_loss":0},{"damage_healed":0,"gold_gain":150,"player_choice":"AGREE","damage_taken":0,"max_hp_gain":0,"max_hp_loss":0,"event_name":"Liars Game","floor":8,"gold_loss":0,"cards_obtained":["Doubt"]}],"is_beta":false,"boss_relics":[],"items_purged_floors":[],"is_endless":false,"potions_floor_spawned":[1,11,12],"killed_by":"The Guardian","ascension_level":20}}