{"host":"9n6i2vl93jt4o42q","time":1612220900,"event":{"mods":["BaseMod","Minty Spire (QoL Compilation)","Relic Stats"],"gold_per_floor":[117,192,209,17,36,36,61,75,75,75,87,87,87,99,99,172,172,183,183,163,182,193,193,204,237,237,253,253,272,298,314,314,386,386,399,399,417,176,193,193,222,222,222,257,277,277,290,75,75,75,75,75],"floor_reached":51,"language":"ENG","playtime":4923,"items_purged":["Strike_R","Parasite"],"score":1452,"play_id":"39a03448-e766-4bc5-9122-c0de2169fa2d","local_time":"20210202000820","is_ascension_mode":true,"campfire_choices":[{"data":"Inflame","floor":6.0,"key":"SMITH"},{"data":"Sword Boomerang","floor":10.0,"key":"SMITH"},{"data":"Rage","floor":12.0,"key":"SMITH"},{"data":"Battle Trance","floor":15.0,"key":"SMITH"},{"data":"J.A.X.","floor":23.0,"key":"SMITH"},{"data":"Impervious","floor":28.0,"key":"SMITH"},{"data":"Bash","floor":32.0,"key":"SMITH"},{"floor":40.0,"key":"RECALL"},{"floor":42.0,"key":"REST"},{"floor":49.0,"key":"REST"}],"circlet_count":0,"master_deck":["AscendersBane","Strike_R","Strike_R","Strike_R","Strike_R","Defend_R","Defend_R","Defend_R","Defend_R+1","Bash+1","Limit Break+1","Thunderclap","Iron Wave","Inflame+1","Rage+1","Reckless Charge","Sword Boomerang+1","Battle Trance+1","Headbutt","Sword Boomerang","Cleave","Impervious+1","J.A.X.+1","Shrug It Off+1","Shrug It Off+1","Clothesline+1","Impervious","True Grit+1","Whirlwind+1","Spot Weakness+1","Battle Trance","Inflame+1"],"relics":["Burning Blood","Anchor","Question Card","Sozu","Calipers","Meat on the Bone","Du-Vu Doll","Runic Cube","Vajra","Self Forming Clay","Frozen Egg 2","Membership Card"],"acts_visited":["Exordium","TheCity","TheBeyond"],"potions_floor_usage":[51],"damage_taken":[{"damage":4.0,"enemies":"Jaw Worm","floor":1.0,"turns":5.0},{"damage":4.0,"enemies":"2 Louse","floor":3.0,"turns":3.0},{"damage":0.0,"enemies":"Cultist","floor":5.0,"turns":2.0},{"damage":31.0,"enemies":"Lagavulin","floor":7.0,"turns":6.0},{"damage":11.0,"enemies":"Looter","floor":8.0,"turns":3.0},{"damage":4.0,"enemies":"Large Slime","floor":11.0,"turns":4.0},{"damage":0.0,"enemies":"2 Fungi Beasts","floor":14.0,"turns":2.0},{"damage":7.0,"enemies":"Hexaghost","floor":16.0,"turns":5.0},{"damage":18.0,"enemies":"2 Thieves","floor":18.0,"turns":3.0},{"damage":0.0,"enemies":"Chosen","floor":21.0,"turns":3.0},{"damage":13.0,"enemies":"Snecko","floor":22.0,"turns":5.0},{"damage":3.0,"enemies":"Cultist and Chosen","floor":24.0,"turns":2.0},{"damage":6.0,"enemies":"Gremlin Leader","floor":25.0,"turns":6.0},{"damage":14.0,"enemies":"Centurion and Healer","floor":27.0,"turns":4.0},{"damage":16.0,"enemies":"Snake Plant","floor":29.0,"turns":4.0},{"damage":19.0,"enemies":"Slavers","floor":30.0,"turns":4.0},{"damage":9.0,"enemies":"Shelled Parasite and Fungi","floor":31.0,"turns":3.0},{"damage":22.0,"enemies":"Champ","floor":33.0,"turns":7.0},{"damage":1.0,"enemies":"Orb Walker","floor":35.0,"turns":3.0},{"damage":33.0,"enemies":"3 Shapes","floor":37.0,"turns":12.0},{"damage":17.0,"enemies":"Maw","floor":39.0,"turns":6.0},{"damage":34.0,"enemies":"Giant Head","floor":41.0,"turns":6.0},{"damage":20.0,"enemies":"Nemesis","floor":44.0,"turns":5.0},{"damage":8.0,"enemies":"Writhing Mass","floor":45.0,"turns":6.0},{"damage":21.0,"enemies":"Spire Growth","floor":47.0,"turns":4.0},{"damage":52.0,"enemies":"Donu and Deca","floor":50.0,"turns":6.0},{"damage":29,"enemies":"Awakened One","floor":51,"turns":6}],"seed_played":"-5824371113034205264","potions_obtained":[{"floor":3.0,"key":"HeartOfIron"},{"floor":5.0,"key":"Dexterity Potion"},{"floor":11.0,"key":"DuplicationPotion"},{"floor":16.0,"key":"SpeedPotion"}],"is_trial":false,"path_per_floor":["M","?","M","$","M","R","E","M","T","R","M","R","?","M","R","B",null,"M","?","?","M","M","R","M","E","T","M","R","M","E","M","R","B",null,"M","?","M","$","M","R","E","R","T","E","M","?","M","$","R","B","B"],"character_chosen":"IRONCLAD","items_purchased":["Inflame","Rage","Reckless Charge","Vajra","Membership Card"],"campfire_rested":2,"item_purchase_floors":[4,4,4,38,48],"current_hp_per_floor":[70,59,61,61,67,67,42,37,37,37,39,39,16,22,22,21,62,50,50,50,56,49,49,52,52,52,44,44,46,45,54,54,50,69,74,71,44,44,45,45,29,50,50,48,46,46,43,43,63,29,0,0],"gold":75,"neow_bonus":"ONE_RANDOM_RARE_CARD","is_daily":false,"chose_seed":false,"campfire_upgraded":7,"win_rate":0.0,"timestamp":1612220900,"path_taken":["M","?","M","$","M","R","E","M","T","R","M","R","?","M","R","BOSS","M","?","?","M","M","R","M","E","T","?","R","M","E","M","R","BOSS","M","?","M","$","M","R","E","R","T","E","M","?","M","$","R","BOSS","BOSS"],"items_purchased_type":["Card","Card","Card","Relic","Relic"],"build_version":"2020-12-22","purchased_purges":2,"victory":false,"max_hp_per_floor":[75,75,75,75,75,75,75,75,75,75,75,75,75,75,75,75,75,75,75,75,75,75,75,75,75,75,75,75,75,75,75,75,75,75,75,71,71,71,71,71,71,71,71,71,71,71,71,68,68,68,68,68],"relic_stats":{"Sozu":7,"counters":[27,125],"Self Forming Clay":[48],"Question Card":20,"obtain_stats":[{"Sozu":17,"Du-Vu Doll":30,"Anchor":7,"Calipers":25,"Self Forming Clay":41,"Vajra":38,"Membership Card":48,"Frozen Egg 2":44,"Question Card":9,"Burning Blood":0,"Meat on the Bone":26,"Runic Cube":34},{"Sozu":8,"Du-Vu Doll":16,"Anchor":4,"Calipers":13,"Self Forming Clay":22,"Vajra":20,"Membership Card":25,"Frozen Egg 2":23,"Question Card":5,"Burning Blood":0,"Meat on the Bone":13,"Runic Cube":18},{"Sozu":30,"Du-Vu Doll":61,"Anchor":16,"Calipers":49,"Self Forming Clay":98,"Vajra":86,"Membership Card":113,"Frozen Egg 2":103,"Question Card":19,"Burning Blood":0,"Meat on the Bone":49,"Runic Cube":71}],"Burning Blood":156,"Meat on the Bone":108,"Runic Cube":[28]},"card_choices":[{"not_picked":["Iron Wave","Dropkick"],"picked":"Thunderclap","floor":1.0},{"not_picked":["Searing Blow","Clash"],"picked":"Iron Wave","floor":3.0},{"not_picked":["Clash","Intimidate"],"picked":"Sword Boomerang","floor":5.0},{"not_picked":["Perfected Strike","Impervious"],"picked":"Battle Trance","floor":7.0},{"not_picked":["Inflame","Body Slam"],"picked":"Headbutt","floor":8.0},{"not_picked":["Sever Soul","Iron Wave","Havoc"],"picked":"Sword Boomerang","floor":11.0},{"not_picked":["Sword Boomerang","Second Wind","Armaments"],"picked":"Cleave","floor":14.0},{"not_picked":["Feed","Immolate","Limit Break"],"picked":"Impervious","floor":16.0},{"not_picked":["Cleave","Reckless Charge","Wild Strike+1","Sword Boomerang"],"picked":"SKIP","floor":18.0},{"not_picked":["Evolve","Thunderclap","Perfected Strike"],"picked":"Shrug It Off+1","floor":21.0},{"not_picked":["Warcry","Armaments","Clash+1","Combust"],"picked":"SKIP","floor":22.0},{"not_picked":["Perfected Strike","Wild Strike","Headbutt","Second Wind"],"picked":"SKIP","floor":24.0},{"not_picked":["Burning Pact","Impervious","True Grit"],"picked":"Shrug It Off+1","floor":25.0},{"not_picked":["Perfected Strike","Clash","Disarm"],"picked":"Clothesline+1","floor":27.0},{"not_picked":["Clash","Blood for Blood","Twin Strike+1","Searing Blow"],"picked":"SKIP","floor":29.0},{"not_picked":["Pommel Strike","Second Wind","Dropkick","Warcry"],"picked":"SKIP","floor":30.0},{"not_picked":["Heavy Blade","Thunderclap","Rupture","Second Wind"],"picked":"SKIP","floor":31.0},{"not_picked":["Limit Break","Demon Form","Fiend Fire"],"picked":"Impervious","floor":33.0},{"not_picked":["Clothesline","Clash","Infernal Blade+1"],"picked":"True Grit+1","floor":35.0},{"not_picked":["Shrug It Off","Dark Embrace","Second Wind+1"],"picked":"Whirlwind+1","floor":37.0},{"not_picked":["Uppercut","Havoc","Anger"],"picked":"Spot Weakness+1","floor":39.0},{"not_picked":["Metallicize","Thunderclap","Iron Wave+1"],"picked":"Battle Trance","floor":41.0},{"not_picked":["Sentinel","Shockwave","Body Slam","Wild Strike"],"picked":"SKIP","floor":44.0},{"not_picked":["Heavy Blade","Thunderclap+1","Havoc+1","Iron Wave"],"picked":"SKIP","floor":45.0},{"not_picked":["Burning Pact+1","Dual Wield","Whirlwind"],"picked":"Inflame+1","floor":47.0}],"player_experience":2391616,"relics_obtained":[{"floor":7.0,"key":"Anchor"},{"floor":9.0,"key":"Question Card"},{"floor":25.0,"key":"Calipers"},{"floor":26.0,"key":"Meat on the Bone"},{"floor":30.0,"key":"Du-Vu Doll"},{"floor":41.0,"key":"Self Forming Clay"},{"floor":44.0,"key":"Frozen Egg 2"}],"event_choices":[{"damage_healed":0.0,"max_hp_gain":0.0,"max_hp_loss":0.0,"gold_gain":75.0,"event_name":"World of Goop","player_choice":"Gather Gold","floor":2.0,"gold_loss":0.0,"damage_taken":11.0},{"damage_healed":0.0,"max_hp_gain":0.0,"max_hp_loss":0.0,"gold_gain":0.0,"event_name":"Shining Light","player_choice":"Entered Light","floor":13.0,"gold_loss":0.0,"damage_taken":23.0,"cards_upgraded":["Limit Break","Defend_R"]},{"damage_healed":0.0,"max_hp_gain":0.0,"max_hp_loss":0.0,"gold_gain":0.0,"event_name":"Drug Dealer","player_choice":"Obtain J.A.X.","floor":19.0,"gold_loss":0.0,"damage_taken":0.0,"cards_obtained":["J.A.X."]},{"damage_healed":0.0,"max_hp_gain":0.0,"max_hp_loss":0.0,"gold_gain":0.0,"event_name":"The Woman in Blue","player_choice":"Bought 1 Potion","floor":20.0,"gold_loss":0.0,"damage_taken":0.0},{"damage_healed":0.0,"max_hp_gain":0.0,"max_hp_loss":4.0,"gold_gain":0.0,"event_name":"Winding Halls","player_choice":"Max HP","floor":36.0,"gold_loss":0.0,"damage_taken":0.0},{"damage_healed":0.0,"max_hp_gain":0.0,"max_hp_loss":0.0,"gold_gain":0.0,"event_name":"Tomb of Lord Red Mask","player_choice":"Ignored","floor":46.0,"gold_loss":0.0,"damage_taken":0.0}],"is_beta":false,"boss_relics":[{"not_picked":["SacredBark","Black Star"],"picked":"Sozu"},{"not_picked":["Mark of Pain","Runic Pyramid"],"picked":"Runic Cube"}],"items_purged_floors":[38,48],"is_endless":false,"potions_floor_spawned":[3,5,11,16,21,24,27,29,35,41],"killed_by":"Awakened One","ascension_level":20}}