{"host":"jxmsv4d84jcvxth5","time":1612142504,"event":{"mods":["BaseMod","Colored Map","Minty Spire (QoL Compilation)","Relic Stats","StSLib"],"gold_per_floor":[116,130,142,67,85,112,112,112,135,135,162,241,276,286,286,358,358,378,378,392,412,427,455,455,251,296,296,296,320,335,368,368,368,368],"floor_reached":33,"language":"ENG","playtime":2630,"items_purged":["Strike_G"],"score":595,"play_id":"f10a99be-677c-4f5e-a500-aeaf5351e536","local_time":"20210131202144","is_ascension_mode":true,"campfire_choices":[{"floor":7.0,"key":"REST"},{"data":"Bouncing Flask","floor":10.0,"key":"SMITH"},{"floor":15.0,"key":"REST"},{"data":"Envenom","floor":24,"key":"SMITH"},{"data":"Glass Knife","floor":27,"key":"SMITH"},{"floor":32,"key":"REST"}],"circlet_count":0,"master_deck":["AscendersBane","Strike_G","Strike_G","Strike_G","Defend_G","Defend_G","Defend_G","Defend_G","Defend_G","Survivor","Neutralize","Dash","Poisoned Stab","Infinite Blades","Bouncing Flask+1","Deadly Poison","Cloak And Dagger","Glass Knife+1","Dash+1","Calculated Gamble","Envenom+1","PiercingWail","Burst"],"relics":["Ring of the Snake","Tiny Chest","Akabeko","Vajra","PreservedInsect","StrikeDummy","SlaversCollar","FossilizedHelix","Membership Card","Bag of Preparation","Nloth\u0027s Gift","Potion Belt","Tingsha"],"acts_visited":["Exordium","TheCity"],"potions_floor_usage":[20,22,23],"damage_taken":[{"damage":1.0,"enemies":"Cultist","floor":1.0,"turns":4.0},{"damage":0.0,"enemies":"Small Slimes","floor":2.0,"turns":5.0},{"damage":2.0,"enemies":"Jaw Worm","floor":3.0,"turns":4.0},{"damage":8.0,"enemies":"Blue Slaver","floor":5.0,"turns":4.0},{"damage":41.0,"enemies":"Gremlin Nob","floor":6.0,"turns":5.0},{"damage":17.0,"enemies":"3 Sentries","floor":11.0,"turns":7.0},{"damage":5.0,"enemies":"Lagavulin","floor":13.0,"turns":3.0},{"damage":3.0,"enemies":"Looter","floor":14.0,"turns":3.0},{"damage":29.0,"enemies":"The Guardian","floor":16.0,"turns":9.0},{"damage":44.0,"enemies":"Shell Parasite","floor":18.0,"turns":6.0},{"damage":0,"enemies":"Spheric Guardian","floor":20,"turns":1},{"damage":11,"enemies":"Centurion and Healer","floor":21,"turns":6},{"damage":23,"enemies":"Chosen and Byrds","floor":22,"turns":7},{"damage":14,"enemies":"Slavers","floor":23,"turns":4},{"damage":8,"enemies":"Snake Plant","floor":30,"turns":3},{"damage":14,"enemies":"Book of Stabbing","floor":31,"turns":3},{"damage":46,"enemies":"Champ","floor":33,"turns":7}],"seed_played":"-2966774419038243381","potions_obtained":[{"floor":1.0,"key":"BlessingOfTheForge"},{"floor":6.0,"key":"LiquidBronze"},{"floor":14.0,"key":"Strength Potion"},{"floor":16.0,"key":"Regen Potion"},{"floor":22,"key":"Explosive Potion"}],"is_trial":false,"path_per_floor":["M","M","M","?","M","E","R","?","T","R","E","T","E","M","R","B",null,"M","?","M","M","M","E","R","$","T","R","?","T","M","E","R","B"],"character_chosen":"THE_SILENT","items_purchased":["Membership Card"],"campfire_rested":3,"item_purchase_floors":[25],"current_hp_per_floor":[58,58,56,56,48,7,26,48,48,48,31,31,26,23,42,13,53,9,66,66,55,46,32,32,32,32,32,32,32,24,10,29,0,0],"gold":368,"neow_bonus":"RANDOM_COMMON_RELIC","is_daily":false,"chose_seed":false,"campfire_upgraded":3,"win_rate":0.0,"timestamp":1612142504,"path_taken":["M","M","?","?","M","E","R","?","T","R","E","?","E","M","R","BOSS","M","?","M","?","M","E","R","$","T","R","?","?","M","E","R","BOSS"],"items_purchased_type":["Relic"],"build_version":"2020-12-22","purchased_purges":1,"victory":false,"max_hp_per_floor":[66,66,66,66,66,66,66,66,66,66,66,66,66,66,66,66,66,66,66,66,66,66,66,66,66,66,66,66,66,66,66,66,66,66],"relic_stats":{"counters":[17,81],"Tiny Chest":2,"Tingsha":[11],"PreservedInsect":114,"Bag of Preparation":[6],"Nloth\u0027s Gift":1,"obtain_stats":[{"Potion Belt":29,"Blue Candle":12,"Vajra":9,"Tingsha":31,"PreservedInsect":11,"Bag of Preparation":26,"Akabeko":6,"SlaversCollar":17,"Tiny Chest":0,"Nloth\u0027s Gift":28,"Membership Card":25,"StrikeDummy":13,"FossilizedHelix":23,"Ring of the Snake":0},{"Potion Belt":14,"Blue Candle":6,"Vajra":5,"Tingsha":16,"PreservedInsect":6,"Bag of Preparation":14,"Akabeko":5,"SlaversCollar":9,"Tiny Chest":0,"Nloth\u0027s Gift":14,"Membership Card":14,"StrikeDummy":7,"FossilizedHelix":14,"Ring of the Snake":0},{"Potion Belt":68,"Blue Candle":29,"Vajra":22,"Tingsha":74,"PreservedInsect":29,"Bag of Preparation":68,"Akabeko":22,"SlaversCollar":44,"Tiny Chest":0,"Nloth\u0027s Gift":68,"Membership Card":68,"StrikeDummy":32,"FossilizedHelix":68,"Ring of the Snake":0}],"Ring of the Snake":[34]},"card_choices":[{"not_picked":["Flechettes","Infinite Blades"],"picked":"Dash","floor":1.0},{"not_picked":["PiercingWail","Quick Slash"],"picked":"Poisoned Stab","floor":2.0},{"not_picked":["Setup","Finisher"],"picked":"Infinite Blades","floor":3.0},{"not_picked":["Backflip","Sucker Punch","Unload"],"picked":"SKIP","floor":5.0},{"not_picked":["Backflip","Sucker Punch","Unload"],"picked":"SKIP","floor":5.0},{"not_picked":["After Image","Dodge and Roll"],"picked":"Bouncing Flask","floor":6.0},{"not_picked":["Quick Slash","Outmaneuver"],"picked":"Deadly Poison","floor":11.0},{"not_picked":["Finisher","Reflex","Poisoned Stab"],"picked":"SKIP","floor":13.0},{"not_picked":["Eviscerate","Dodge and Roll"],"picked":"Cloak And Dagger","floor":14.0},{"not_picked":["Venomology","Bullet Time"],"picked":"Glass Knife","floor":16.0},{"not_picked":["Eviscerate","Outmaneuver"],"picked":"Dash+1","floor":18.0},{"not_picked":["Reflex","Outmaneuver","Sucker Punch"],"picked":"SKIP","floor":20},{"not_picked":["Dagger Spray","Sucker Punch","Blade Dance"],"picked":"SKIP","floor":21},{"not_picked":["Flechettes","Prepared"],"picked":"Calculated Gamble","floor":22},{"not_picked":["Masterful Stab","Poisoned Stab"],"picked":"Envenom","floor":23},{"not_picked":["Expertise","Reflex+1"],"picked":"PiercingWail","floor":30},{"not_picked":["Dagger Throw+1","Glass Knife"],"picked":"Burst","floor":31}],"player_experience":1536678,"relics_obtained":[{"floor":6.0,"key":"Akabeko"},{"floor":9.0,"key":"Vajra"},{"floor":11.0,"key":"PreservedInsect"},{"floor":12.0,"key":"Blue Candle"},{"floor":13.0,"key":"StrikeDummy"},{"floor":23,"key":"FossilizedHelix"},{"floor":26,"key":"Bag of Preparation"},{"floor":29,"key":"Potion Belt"},{"floor":31,"key":"Tingsha"}],"event_choices":[{"cards_removed":["Strike_G"],"damage_healed":0.0,"max_hp_gain":0.0,"max_hp_loss":0.0,"gold_gain":0.0,"event_name":"The Cleric","player_choice":"Card Removal","floor":4.0,"gold_loss":75.0,"damage_taken":0.0},{"damage_healed":22.0,"max_hp_gain":0.0,"max_hp_loss":0.0,"gold_gain":0.0,"event_name":"Big Fish","player_choice":"Banana","floor":8.0,"gold_loss":0.0,"damage_taken":0.0},{"damage_healed":57.0,"max_hp_gain":0.0,"max_hp_loss":0.0,"gold_gain":0.0,"event_name":"Wheel of Change","player_choice":"Full Heal","floor":19.0,"gold_loss":0.0,"damage_taken":0.0},{"damage_healed":0,"gold_gain":0,"player_choice":"Traded Relic","damage_taken":0,"relics_obtained":["Nloth\u0027s Gift"],"max_hp_gain":0,"max_hp_loss":0,"event_name":"N\u0027loth","floor":28,"relics_lost":["Blue Candle"],"gold_loss":0}],"is_beta":false,"boss_relics":[{"not_picked":["Sozu","Pandora\u0027s Box"],"picked":"SlaversCollar"}],"items_purged_floors":[25],"is_endless":false,"potions_floor_spawned":[1,6,14,16,18,22],"killed_by":"Champ","ascension_level":19}}