{"host":"va54hb6vb0xjmjwj","time":1612194886,"event":{"mods":["BaseMod","Highlight Path","Minty Spire (QoL Compilation)","Replay The Spire","StSLib"],"gold_per_floor":[118,133,133,58,58,58,58,58,58,72,100,100,119,130,130,235,235,253,193,193,211,211,211,244,260,284,298,298,298,298,298,298,395,395,408,424,424,424,424,424,424],"floor_reached":40,"language":"ENG","playtime":2591,"items_purged":["Strike_R"],"score":552,"play_id":"b6364afb-f9e0-4af0-bffa-f808fcdec31c","local_time":"20210201105446","is_ascension_mode":false,"campfire_choices":[{"data":"ReplayReversal","floor":6,"key":"SMITH"},{"data":"Neutralize","floor":8,"key":"SMITH"},{"data":"Double Tap","floor":12,"key":"SMITH"},{"data":"Demon Form","floor":23,"key":"SMITH"},{"floor":28,"key":"REST"},{"floor":30,"key":"REST"},{"floor":32,"key":"REST"}],"circlet_count":0,"master_deck":["Strike_R","Strike_R","Strike_R","Strike_R","Defend_R","Defend_R","Defend_R","Defend_R","ReplayReversal+1","Run Through","Survivor","Neutralize+1","Double Tap+1","Fire Breathing","Life Link","Armaments","Demon Form+1","Shrug It Off","Carnage+1","Thunderclap","Sword Boomerang+1","Run Through","Necronomicurse","Reaper","Heavy Blade+1","Headbutt","Replay:BasicMightCard","ReplayTheSpireMod:Uncanny Aura","Replay:Bootleg Shield Generator"],"relics":["Burning Blood","NeowsBlessing","Replay:Bottled Flurry","Onion Ring","Chameleon Ring","Philosopher\u0027s Stone","Toy Ornithopter","Tiny Chest","Necronomicon","Replay:Bottled Steam","Runic Pyramid","Peace Pipe"],"acts_visited":["Exordium","TheCity","TheBeyond"],"potions_floor_usage":[14,14,16,24,25,27,33,35],"damage_taken":[{"damage":0,"enemies":"Jaw Worm","floor":1,"turns":1},{"damage":0,"enemies":"Cultist","floor":2,"turns":1},{"damage":0,"enemies":"Small Slimes","floor":10,"turns":2},{"damage":24,"enemies":"3 Sentries","floor":11,"turns":10},{"damage":3,"enemies":"Exordium Wildlife","floor":13,"turns":5},{"damage":10,"enemies":"Gremlin Gang","floor":14,"turns":5},{"damage":59,"enemies":"The Guardian","floor":16,"turns":14},{"damage":11,"enemies":"Shell Parasite","floor":18,"turns":4},{"damage":31,"enemies":"Chosen","floor":21,"turns":5},{"damage":48,"enemies":"Gremlin Leader","floor":24,"turns":6},{"damage":4,"enemies":"Centurion and Healer","floor":25,"turns":5},{"damage":10,"enemies":"Snecko","floor":27,"turns":4},{"damage":60,"enemies":"Pondfish","floor":33,"turns":9},{"damage":52,"enemies":"3 Shapes","floor":35,"turns":3},{"damage":7,"enemies":"Orb Walker","floor":36,"turns":3},{"damage":60,"enemies":"Nemesis","floor":40,"turns":4}],"seed_played":"-5756178082615992436","potions_obtained":[{"floor":1,"key":"DuplicationPotion"},{"floor":10,"key":"SteroidPotion"},{"floor":15,"key":"Regen Potion"},{"floor":15,"key":"FearPotion"},{"floor":16,"key":"Explosive Potion"},{"floor":18,"key":"SpeedPotion"},{"floor":20,"key":"DuplicationPotion"},{"floor":20,"key":"Cursed Concoction"},{"floor":21,"key":"Weak Potion"},{"floor":27,"key":"Swift Potion"},{"floor":33,"key":"LiquidMemories"},{"floor":35,"key":"Fruit Juice"}],"is_trial":false,"path_per_floor":["M","M","?","$","?","R","T","R","T","M","E","R","M","M","R","B",null,"M","?","?","M","?","R","E","M","T","M","R","?","R","T","R","B",null,"M","M","?","T","?","E"],"character_chosen":"IRONCLAD","items_purchased":[],"campfire_rested":3,"item_purchase_floors":[],"current_hp_per_floor":[80,80,68,68,68,68,68,68,68,74,56,56,59,55,55,30,80,75,75,75,50,50,50,8,15,15,16,40,24,48,48,72,23,80,75,74,74,74,64,4,4],"gold":424,"neow_bonus":"THREE_ENEMY_KILL","is_daily":false,"chose_seed":false,"campfire_upgraded":4,"win_rate":0.0,"timestamp":1612194886,"path_taken":["M","M","?","$","?","R","?","R","T","?","E","R","M","M","R","BOSS","M","?","?","?","?","R","E","M","T","M","R","?","R","?","R","BOSS","M","M","?","?","?","E"],"items_purchased_type":[],"build_version":"2020-12-22","purchased_purges":1,"victory":false,"max_hp_per_floor":[80,80,80,80,80,80,80,80,80,80,80,80,80,80,80,80,80,80,80,80,80,80,80,80,80,80,80,80,80,80,80,80,80,80,87,87,83,83,83,83,83],"card_choices":[{"not_picked":["ReplayTheSpireMod:Muscle Training","Pommel Strike"],"picked":"ReplayReversal","floor":1},{"not_picked":["Clothesline","Havoc"],"picked":"Run Through","floor":2},{"not_picked":["Ghostly Armor","Shrug It Off"],"picked":"Double Tap","floor":10},{"not_picked":["Inflame","Disarm"],"picked":"Fire Breathing","floor":11},{"not_picked":["Cleave","Twin Strike"],"picked":"Life Link","floor":13},{"not_picked":["Battle Trance","Flex"],"picked":"Armaments","floor":14},{"not_picked":["Double Tap","Fiend Fire"],"picked":"Demon Form","floor":16},{"not_picked":["Power Through","Iron Wave"],"picked":"Shrug It Off","floor":18},{"not_picked":["Shrug It Off","Clothesline"],"picked":"Carnage+1","floor":21},{"not_picked":["Iron Wave","Twin Strike"],"picked":"Thunderclap","floor":24},{"not_picked":["True Grit","Havoc"],"picked":"Sword Boomerang+1","floor":25},{"not_picked":["Second Wind+1","Havoc"],"picked":"Run Through","floor":27},{"not_picked":["Replay:Many Hands","Corruption"],"picked":"Reaper","floor":33},{"not_picked":["Thunderclap","Headbutt"],"picked":"Heavy Blade+1","floor":35},{"not_picked":["Burning Pact","ReplayTheSpireMod:Strike From Hell"],"picked":"Headbutt","floor":36},{"not_picked":["Forethought","ReplayTheSpireMod:Private Reserves"],"picked":"Replay:BasicMightCard","floor":39},{"not_picked":["Poisoned Strike","Chrysalis"],"picked":"ReplayTheSpireMod:Uncanny Aura","floor":39},{"not_picked":["Poisoned Strike","Metamorphosis"],"picked":"Replay:Bootleg Shield Generator","floor":39}],"player_experience":200126,"relics_obtained":[{"floor":9,"key":"Onion Ring"},{"floor":11,"key":"Chameleon Ring"},{"floor":24,"key":"Toy Ornithopter"},{"floor":26,"key":"Tiny Chest"},{"floor":29,"key":"Necronomicon"},{"floor":31,"key":"Replay:Bottled Steam"},{"floor":38,"key":"Peace Pipe"}],"event_choices":[{"damage_healed":0,"gold_gain":0,"player_choice":"Success","damage_taken":12,"relics_obtained":["Replay:Bottled Flurry"],"max_hp_gain":0,"max_hp_loss":0,"event_name":"Scrap Ooze","floor":3,"gold_loss":0},{"damage_healed":0,"gold_gain":0,"player_choice":"Got Potions","damage_taken":0,"max_hp_gain":0,"max_hp_loss":0,"event_name":"Lab","floor":20,"gold_loss":0},{"damage_healed":0,"gold_gain":0,"player_choice":"Ignored","damage_taken":0,"max_hp_gain":0,"max_hp_loss":0,"event_name":"Ghosts","floor":22,"gold_loss":0},{"damage_healed":0,"gold_gain":0,"player_choice":"Obtained Book","damage_taken":16,"max_hp_gain":0,"max_hp_loss":0,"event_name":"Cursed Tome","floor":29,"gold_loss":0},{"damage_healed":0,"gold_gain":0,"player_choice":"Max HP","damage_taken":0,"max_hp_gain":0,"max_hp_loss":4,"event_name":"Winding Halls","floor":37,"gold_loss":0},{"damage_healed":0,"gold_gain":0,"player_choice":"Memory 3","damage_taken":10,"max_hp_gain":0,"max_hp_loss":0,"event_name":"SensoryStone","floor":39,"gold_loss":0}],"is_beta":false,"boss_relics":[{"not_picked":["SlaversCollar","Calling Bell"],"picked":"Philosopher\u0027s Stone"},{"not_picked":["Replay:Drink Me","Astrolabe"],"picked":"Runic Pyramid"}],"items_purged_floors":[4],"is_endless":false,"potions_floor_spawned":[1,10,16,18,21,27,33,35],"killed_by":"Nemesis","ascension_level":0}}