{"host":"m3rs92yjkwi06hli","time":1612211053,"event":{"mods":["Act Like it!","Aspiration","BaseMod","Colored Map","Conspire","Defuse TimeMaze Blight","Energized Spire","GungeonMod","Hubris","Infinite Spire","Minty Spire (QoL Compilation)","Relic Stats","Replay The Spire","Spicy Shops","StSLib"],"gold_per_floor":[109,120,135,135,147,147,147],"floor_reached":6,"language":"ENG","playtime":342,"items_purged":[],"score":38,"play_id":"e85e2877-d9b9-4793-a7c6-9ef16c9060ae","local_time":"20210201142413","is_ascension_mode":false,"campfire_choices":[],"circlet_count":0,"master_deck":["DemoMod:Strike_Huntress","DemoMod:Strike_Huntress","DemoMod:Strike_Huntress","DemoMod:Defend_Huntress","DemoMod:Defend_Huntress","DemoMod:Defend_Huntress","DemoMod:Defend_Huntress","DemoMod:Roll","DemoMod:ManualReload","DemoMod:RustySidearm","DemoMod:CrossBow","DemoMod:GunstockTap","DemoMod:FortunesFavor+1","DemoMod:ProbeStrike","DemoMod:BoxingGlove","DemoMod:Desperate"],"relics":["DemoMod:Dog","Chameleon Ring"],"acts_visited":["Exordium"],"potions_floor_usage":[6],"damage_taken":[{"damage":13,"enemies":"Cultist","floor":1,"turns":5},{"damage":0,"enemies":"Small Slimes","floor":2,"turns":5},{"damage":0,"enemies":"Jaw Worm","floor":3,"turns":4},{"damage":0,"enemies":"Exordium Wildlife","floor":5,"turns":5},{"damage":2,"enemies":"Lagavulin","floor":6,"turns":6}],"seed_played":"-8535649615349280445","potions_obtained":[{"floor":1,"key":"Swift Potion"}],"is_trial":false,"path_per_floor":["M","M","M","?","M","E"],"character_chosen":"HUNTRESS","items_purchased":[],"campfire_rested":0,"item_purchase_floors":[],"current_hp_per_floor":[57,57,57,57,57,55,55],"gold":147,"neow_bonus":"THREE_CARDS","is_daily":false,"chose_seed":false,"campfire_upgraded":0,"win_rate":0.0,"timestamp":1612211053,"path_taken":["M","M","?","?","?","E"],"items_purchased_type":[],"build_version":"2020-12-22","purchased_purges":0,"victory":false,"max_hp_per_floor":[70,70,70,70,70,70,70],"relic_stats":{"counters":[5,25],"obtain_stats":[{"Chameleon Ring":5,"DemoMod:Dog":0,"DemoMod:GlassGuonStoneRelic":1},{"Chameleon Ring":4,"DemoMod:Dog":0,"DemoMod:GlassGuonStoneRelic":1},{"Chameleon Ring":19,"DemoMod:Dog":0,"DemoMod:GlassGuonStoneRelic":5}]},"card_choices":[{"not_picked":["DemoMod:SAA","DemoMod:BattleInHaste"],"picked":"DemoMod:GunstockTap","floor":0},{"not_picked":["DemoMod:FastSwitch","DemoMod:AC15"],"picked":"DemoMod:FortunesFavor","floor":1},{"not_picked":["DemoMod:Purify","DemoMod:ZorGun"],"picked":"DemoMod:ProbeStrike","floor":2},{"not_picked":["DemoMod:RadGun","DemoMod:SniperShot"],"picked":"DemoMod:BoxingGlove","floor":3},{"not_picked":["DemoMod:FastSwitch","DemoMod:RadGun"],"picked":"DemoMod:Desperate","floor":5}],"player_experience":736180,"relics_obtained":[{"floor":5,"key":"Chameleon Ring"}],"event_choices":[{"damage_healed":0,"gold_gain":0,"player_choice":"Upgraded","damage_taken":0,"max_hp_gain":0,"max_hp_loss":0,"event_name":"Upgrade Shrine","floor":4,"gold_loss":0,"cards_upgraded":["DemoMod:FortunesFavor"]}],"is_beta":false,"boss_relics":[],"items_purged_floors":[],"is_endless":false,"potions_floor_spawned":[1],"killed_by":"Lagavulin","ascension_level":0}}