{"host":"072lmn9sfokvtood","time":1612198568,"event":{"mods":["BaseMod","Colored Powertips","Curses Come First","Minty Spire (QoL Compilation)","StSLib"],"gold_per_floor":[114,129,129,129,144,174,174,174,199,229,229,30,30,5,5,105,105,120,120,135,150,150,150,150,150],"floor_reached":24,"language":"ENG","playtime":1279,"items_purged":["Strike_R"],"score":252,"play_id":"b1bc2df0-5fc0-4b7a-baf8-e6419b39d888","local_time":"20210201105608","daily_mods":["Chimera","ControlledChaos","Night Terrors"],"is_ascension_mode":false,"campfire_choices":[{"floor":8.0,"key":"REST"},{"floor":11.0,"key":"REST"},{"floor":13.0,"key":"DIG"},{"floor":15.0,"key":"DIG"},{"floor":23.0,"key":"DIG"}],"circlet_count":0,"master_deck":["Bash","Survivor","Zap","Eruption","Strike_B","Defend_R","Defend_P","Intimidate","Flex","Heavy Blade","Ghostly Armor","Berserk","Heavy Blade","Heavy Blade+1","Limit Break","Cleave+1","Power Through","Body Slam+1","Clash+1"],"relics":["Burning Blood","Frozen Eye","Shovel","Orichalcum","Girya","Molten Egg 2","Happy Flower","Cursed Key","Calipers"],"acts_visited":["Exordium","TheCity"],"potions_floor_usage":[],"damage_taken":[{"damage":2.0,"enemies":"Jaw Worm","floor":1.0,"turns":3.0},{"damage":0.0,"enemies":"Small Slimes","floor":2.0,"turns":3.0},{"damage":9.0,"enemies":"Cultist","floor":5.0,"turns":3.0},{"damage":27.0,"enemies":"3 Sentries","floor":6.0,"turns":5.0},{"damage":60.0,"enemies":"Lagavulin","floor":10.0,"turns":6.0},{"damage":0.0,"enemies":"Slime Boss","floor":16.0,"turns":3.0},{"damage":9.0,"enemies":"Chosen","floor":18.0,"turns":3.0},{"damage":27.0,"enemies":"3 Byrds","floor":20.0,"turns":6.0},{"damage":8.0,"enemies":"Snecko","floor":21.0,"turns":6.0},{"damage":59,"enemies":"Book of Stabbing","floor":24,"turns":5}],"seed_played":"-6699970657251824518","potions_obtained":[{"floor":1.0,"key":"Fire Potion"},{"floor":2.0,"key":"HeartOfIron"},{"floor":10.0,"key":"DistilledChaos"},{"floor":16.0,"key":"EssenceOfSteel"},{"floor":20.0,"key":"SkillPotion"}],"is_trial":false,"path_per_floor":["M","M","?","?","M","E","?","R","T","E","R","$","R","$","R","B",null,"M","?","M","M","?","R","E"],"character_chosen":"IRONCLAD","items_purchased":["Heavy Blade","Fruit Juice","Heavy Blade+1"],"campfire_rested":2,"item_purchase_floors":[12,12,14],"current_hp_per_floor":[80,80,85,85,82,61,61,80,80,26,75,80,80,80,80,80,80,77,77,56,54,54,54,0,0],"gold":150,"neow_bonus":"","is_daily":true,"chose_seed":false,"campfire_upgraded":0,"win_rate":0.0,"timestamp":1612198568,"path_taken":["M","M","?","?","M","E","?","R","T","E","R","$","R","$","R","BOSS","M","?","?","M","?","R","E"],"items_purchased_type":["Card","Potion","Card"],"build_version":"2020-12-22","purchased_purges":1,"victory":false,"max_hp_per_floor":[80,80,85,85,85,85,85,80,80,80,75,80,80,80,80,80,80,80,80,80,80,80,80,80,80],"card_choices":[{"not_picked":["Searing Blow","Havoc"],"picked":"Intimidate","floor":1.0},{"not_picked":["Clothesline","Spot Weakness"],"picked":"Flex","floor":2.0},{"not_picked":["Warcry","Havoc"],"picked":"Heavy Blade","floor":5.0},{"not_picked":["True Grit","Havoc"],"picked":"Ghostly Armor","floor":6.0},{"not_picked":["Warcry","Flex"],"picked":"Berserk","floor":10.0},{"not_picked":["Juggernaut","Impervious"],"picked":"Limit Break","floor":16.0},{"not_picked":["Blood for Blood+1","Thunderclap+1"],"picked":"Cleave+1","floor":18.0},{"not_picked":["Uppercut+1","Burning Pact"],"picked":"Body Slam+1","floor":20.0},{"not_picked":["Perfected Strike+1","True Grit"],"picked":"Clash+1","floor":21.0}],"player_experience":238225,"relics_obtained":[{"floor":6.0,"key":"Shovel"},{"floor":9.0,"key":"Orichalcum"},{"floor":10.0,"key":"Girya"},{"floor":13.0,"key":"Molten Egg 2"},{"floor":15.0,"key":"Happy Flower"},{"floor":23.0,"key":"Calipers"}],"event_choices":[{"damage_healed":0.0,"max_hp_gain":5.0,"max_hp_loss":0.0,"gold_gain":0.0,"event_name":"Big Fish","player_choice":"Donut","floor":3.0,"gold_loss":0.0,"damage_taken":0.0},{"damage_healed":0.0,"max_hp_gain":0.0,"max_hp_loss":0.0,"gold_gain":0.0,"event_name":"Scrap Ooze","player_choice":"Fled","floor":4.0,"gold_loss":0.0,"damage_taken":0.0},{"damage_healed":0.0,"max_hp_gain":0.0,"max_hp_loss":0.0,"gold_gain":0.0,"event_name":"Shining Light","player_choice":"Ignored","floor":7.0,"gold_loss":0.0,"damage_taken":0.0},{"damage_healed":0.0,"max_hp_gain":0.0,"max_hp_loss":0.0,"gold_gain":0.0,"cards_transformed":["Defend_G"],"event_name":"Transmorgrifier","player_choice":"Transformed","floor":19.0,"gold_loss":0.0,"damage_taken":0.0,"cards_obtained":["Power Through"]},{"cards_removed":["Strike_G"],"damage_healed":0.0,"max_hp_gain":0.0,"max_hp_loss":0.0,"gold_gain":0.0,"event_name":"Back to Basics","player_choice":"Elegance","floor":22.0,"gold_loss":0.0,"damage_taken":0.0}],"is_beta":false,"boss_relics":[{"not_picked":["Snecko Eye","Runic Cube"],"picked":"Cursed Key"}],"items_purged_floors":[12],"is_endless":false,"potions_floor_spawned":[1,2,10,16,20],"killed_by":"Book of Stabbing","ascension_level":0}}