{"host":"6gl4z8x6qhx9xtfj","time":1612173039,"event":{"mods":["2.2 Compatiblity","AchievementEnabler","BaseMod","Bestiary","Colored Map","Colored Powertips","Evolution","Minty Spire (QoL Compilation)","Quick Restart","Relic Stats","StSLib","SuperFastMode"],"gold_per_floor":[109,109,109,134,153,189,189,220,220,220,255,275,298,319,319,443,443,463,481,481,77,96,123,123,148,174,208,208,234,269,296,296,397,397,409,3,53,63,80,114,145,165,165,195,195,244,255,273,273,273],"floor_reached":51,"language":"RUS","playtime":3459,"items_purged":["Regret"],"score":1344,"play_id":"70aeba62-ed06-4310-a857-ed3772251449","local_time":"20210201125039","is_ascension_mode":true,"campfire_choices":[{"floor":7,"key":"REST"},{"floor":15,"key":"REST"},{"floor":24,"key":"REST"},{"floor":32,"key":"REST"},{"floor":49,"key":"REST"}],"circlet_count":0,"master_deck":["SashWhip","EmptyFist","CrushJoints","Evaluate+1","ThirdEye","EmptyBody","Evaluate+1","Eruption","Vigilance","ReachHeaven","Fasting2","Wireheading","TalkToTheHand","Weave","BowlingBash+1","CutThroughFate+1","FollowUp+1","Blasphemy","CutThroughFate+1","WheelKick+1","Secret Weapon","SandsOfTime+1","ReachHeaven+1","Wallop+1","Evaluate+1","Collect","Study+1","Devotion+1","BattleHymn+1","LikeWater+1","Nirvana+1","Protect+1","Regret","MasterReality+1","Decay","Crescendo+1","Tantrum+1"],"relics":["EVO:Axolotl","Fusion Hammer","Bloody Idol","TeardropLocket","StrikeDummy","Thread and Needle","Pantograph","Singing Bowl","Molten Egg 2","Philosopher\u0027s Stone","OrangePellets","Bird Faced Urn","Mercury Hourglass","Damaru","WingedGreaves","Frozen Egg 2","Centennial Puzzle","War Paint","Cursed Key","ClockworkSouvenir","Blood Vial","Pocketwatch","Oddly Smooth Stone","Calipers","HornCleat","Bronze Scales","Orichalcum"],"acts_visited":["Exordium","TheCity","TheBeyond"],"potions_floor_usage":[47,50,50],"damage_taken":[{"damage":0,"enemies":"Jaw Worm","floor":1,"turns":2},{"damage":1,"enemies":"2 Louse","floor":4,"turns":2},{"damage":0,"enemies":"Small Slimes","floor":5,"turns":2},{"damage":11,"enemies":"3 Sentries","floor":6,"turns":8},{"damage":1,"enemies":"Lagavulin","floor":8,"turns":4},{"damage":4,"enemies":"3 Sentries","floor":11,"turns":5},{"damage":0,"enemies":"Exordium Wildlife","floor":12,"turns":3},{"damage":0,"enemies":"Looter","floor":13,"turns":2},{"damage":3,"enemies":"Blue Slaver","floor":14,"turns":2},{"damage":26,"enemies":"The Guardian","floor":16,"turns":9},{"damage":0,"enemies":"Spheric Guardian","floor":18,"turns":3},{"damage":4,"enemies":"Shell Parasite","floor":19,"turns":4},{"damage":1,"enemies":"Shelled Parasite and Fungi","floor":22,"turns":3},{"damage":9,"enemies":"Book of Stabbing","floor":23,"turns":3},{"damage":24,"enemies":"Slavers","floor":25,"turns":5},{"damage":26,"enemies":"Gremlin Leader","floor":27,"turns":4},{"damage":3,"enemies":"Book of Stabbing","floor":29,"turns":4},{"damage":0,"enemies":"Gremlin Leader","floor":30,"turns":2},{"damage":0,"enemies":"Slavers","floor":31,"turns":3},{"damage":27,"enemies":"Champ","floor":33,"turns":8},{"damage":0,"enemies":"Orb Walker","floor":35,"turns":2},{"damage":0,"enemies":"Mind Bloom Boss Battle","floor":37,"turns":4},{"damage":18,"enemies":"3 Darklings","floor":38,"turns":4},{"damage":8,"enemies":"Spire Growth","floor":39,"turns":4},{"damage":22,"enemies":"Reptomancer","floor":40,"turns":4},{"damage":0,"enemies":"Giant Head","floor":41,"turns":4},{"damage":23,"enemies":"Sphere and 2 Shapes","floor":42,"turns":4},{"damage":4,"enemies":"Reptomancer","floor":44,"turns":4},{"damage":4,"enemies":"Writhing Mass","floor":47,"turns":4},{"damage":0,"enemies":"Spire Growth","floor":48,"turns":4},{"damage":20,"enemies":"Time Eater","floor":50,"turns":5}],"seed_played":"50604944971820956","potions_obtained":[{"floor":1,"key":"Energy Potion"},{"floor":8,"key":"FairyPotion"},{"floor":12,"key":"Swift Potion"},{"floor":19,"key":"Ancient Potion"},{"floor":22,"key":"BottledMiracle"},{"floor":29,"key":"Strength Potion"},{"floor":47,"key":"Weak Potion"}],"is_trial":false,"path_per_floor":["M","?","?","M","M","E","R","E","T","T","E","M","M","M","R","B",null,"M","M","?","$","M","E","R","E","T","E","?","E","E","E","R","B",null,"M","$","?","M","M","E","E","M","T","E","?","T","M","M","R","B",null],"character_chosen":"WATCHER","items_purchased":["OrangePellets","WheelKick+1","Secret Weapon","ClockworkSouvenir","Blood Vial","BattleHymn+1"],"campfire_rested":5,"item_purchase_floors":[21,21,21,36,36,36],"current_hp_per_floor":[76,57,57,56,56,45,67,66,66,66,62,62,64,61,78,52,72,74,70,70,70,74,70,80,65,70,53,53,59,66,73,82,62,77,84,84,86,73,84,77,90,74,74,89,89,90,90,90,90,78],"gold":273,"neow_bonus":"BOSS_RELIC","is_daily":false,"chose_seed":false,"campfire_upgraded":0,"win_rate":0.0,"timestamp":1612173039,"path_taken":["M","?","?","M","M","E","R","E","T","?","E","M","M","M","R","BOSS","M","M","?","$","M","E","R","E","T","E","?","E","E","E","R","BOSS","M","$","?","M","M","E","E","M","T","E","?","?","M","M","R","BOSS"],"items_purchased_type":["Relic","Card","Card","Relic","Relic","Card"],"build_version":"2020-12-22","purchased_purges":1,"victory":true,"max_hp_per_floor":[76,76,76,76,76,76,76,76,76,76,76,76,78,78,78,78,78,80,80,80,80,80,80,80,80,80,80,80,80,80,82,82,82,82,84,84,86,86,88,88,90,90,90,90,90,90,90,90,90,90],"relic_stats":{"Singing Bowl":14,"counters":[31,121],"War Paint":["Evaluate","Evaluate"],"Orichalcum":[12],"Cursed Key":2,"Mercury Hourglass":[264],"Blood Vial":8,"OrangePellets":[14],"Centennial Puzzle":[24],"Bloody Idol":76,"Pantograph":0,"Bird Faced Urn":[69],"Bronze Scales":[39],"obtain_stats":[{"Calipers":41,"Singing Bowl":10,"EVO:Axolotl":0,"TeardropLocket":3,"Cursed Key":34,"ClockworkSouvenir":36,"Blood Vial":36,"Centennial Puzzle":30,"HornCleat":43,"Pantograph":9,"Philosopher\u0027s Stone":17,"Fusion Hammer":0,"WingedGreaves":27,"Golden Idol":2,"Damaru":26,"Oddly Smooth Stone":40,"Thread and Needle":8,"Frozen Egg 2":29,"War Paint":31,"Orichalcum":46,"Mercury Hourglass":25,"OrangePellets":21,"Bloody Idol":20,"Bird Faced Urn":23,"Bronze Scales":44,"Molten Egg 2":11,"PureWater":0,"StrikeDummy":6,"Pocketwatch":37},{"Calipers":26,"Singing Bowl":5,"EVO:Axolotl":0,"TeardropLocket":1,"Cursed Key":20,"ClockworkSouvenir":21,"Blood Vial":21,"Centennial Puzzle":18,"HornCleat":27,"Pantograph":5,"Philosopher\u0027s Stone":10,"Fusion Hammer":0,"WingedGreaves":16,"Golden Idol":1,"Damaru":15,"Oddly Smooth Stone":25,"Thread and Needle":5,"Frozen Egg 2":17,"War Paint":19,"Orichalcum":28,"Mercury Hourglass":15,"OrangePellets":12,"Bloody Idol":12,"Bird Faced Urn":14,"Bronze Scales":28,"Molten Egg 2":6,"PureWater":0,"StrikeDummy":4,"Pocketwatch":22},{"Calipers":100,"Singing Bowl":18,"EVO:Axolotl":0,"TeardropLocket":2,"Cursed Key":78,"ClockworkSouvenir":80,"Blood Vial":80,"Centennial Puzzle":67,"HornCleat":104,"Pantograph":18,"Philosopher\u0027s Stone":39,"Fusion Hammer":0,"WingedGreaves":61,"Golden Idol":2,"Damaru":57,"Oddly Smooth Stone":96,"Thread and Needle":18,"Frozen Egg 2":65,"War Paint":70,"Orichalcum":108,"Mercury Hourglass":57,"OrangePellets":46,"Bloody Idol":46,"Bird Faced Urn":52,"Bronze Scales":108,"Molten Egg 2":23,"PureWater":0,"StrikeDummy":14,"Pocketwatch":84}],"Pocketwatch":[3]},"card_choices":[{"not_picked":["Protect","SashWhip"],"picked":"ReachHeaven","floor":1},{"not_picked":["FlurryOfBlows","FollowUp"],"picked":"Fasting2","floor":4},{"not_picked":["BowlingBash","MasterReality"],"picked":"Wireheading","floor":5},{"not_picked":["ClearTheMind","Crescendo"],"picked":"TalkToTheHand","floor":6},{"not_picked":["TalkToTheHand","Evaluate"],"picked":"Weave","floor":8},{"not_picked":["FlyingSleeves+1","DeceiveReality"],"picked":"BowlingBash+1","floor":11},{"not_picked":["SandsOfTime+1","EmptyBody"],"picked":"CutThroughFate+1","floor":12},{"not_picked":["ClearTheMind","DeceiveReality","Halt"],"picked":"Singing Bowl","floor":13},{"not_picked":["DeceiveReality","Halt"],"picked":"FollowUp+1","floor":14},{"not_picked":["Alpha","Brilliance+1"],"picked":"Blasphemy","floor":16},{"not_picked":["FlurryOfBlows+1","InnerPeace","SashWhip+1"],"picked":"Singing Bowl","floor":18},{"not_picked":["WreathOfFlame","ThirdEye"],"picked":"CutThroughFate+1","floor":19},{"not_picked":["Crescendo","MentalFortress"],"picked":"SandsOfTime+1","floor":22},{"not_picked":["FollowUp+1","Evaluate"],"picked":"ReachHeaven+1","floor":23},{"not_picked":["Swivel","ClearTheMind"],"picked":"Wallop+1","floor":25},{"not_picked":["SignatureMove+1","EmptyFist+1"],"picked":"Evaluate+1","floor":27},{"not_picked":["FlyingSleeves+1","CrushJoints+1"],"picked":"Collect","floor":29},{"not_picked":["DeceiveReality","Collect+1"],"picked":"Study+1","floor":30},{"not_picked":["BowlingBash+1","JustLucky+1","EmptyMind+1"],"picked":"Singing Bowl","floor":31},{"not_picked":["MasterReality+1","DeusExMachina"],"picked":"Devotion+1","floor":33},{"not_picked":["JustLucky+1","MentalFortress+1","WaveOfTheHand+1"],"picked":"Singing Bowl","floor":35},{"not_picked":["BowlingBash+1","Collect+1","FollowUp+1"],"picked":"Singing Bowl","floor":37},{"not_picked":["Crescendo+1","BowlingBash+1"],"picked":"LikeWater+1","floor":38},{"not_picked":["Weave+1","CutThroughFate+1","Perseverance+1"],"picked":"Singing Bowl","floor":39},{"not_picked":["Adaptation+1","Judgement"],"picked":"Nirvana+1","floor":40},{"not_picked":["Crescendo","WreathOfFlame+1","ClearTheMind+1"],"picked":"Singing Bowl","floor":41},{"not_picked":["MentalFortress+1","Vengeance+1"],"picked":"Protect+1","floor":42},{"not_picked":["EmptyFist+1","JustLucky+1"],"picked":"MasterReality+1","floor":44},{"not_picked":["ThirdEye+1","Indignation"],"picked":"Crescendo+1","floor":47},{"not_picked":["FollowUp+1","JustLucky+1"],"picked":"Tantrum+1","floor":48}],"player_experience":109306,"relics_obtained":[{"floor":6,"key":"StrikeDummy"},{"floor":8,"key":"Thread and Needle"},{"floor":9,"key":"Pantograph"},{"floor":10,"key":"Singing Bowl"},{"floor":11,"key":"Molten Egg 2"},{"floor":23,"key":"Bird Faced Urn"},{"floor":25,"key":"Mercury Hourglass"},{"floor":26,"key":"Damaru"},{"floor":27,"key":"WingedGreaves"},{"floor":29,"key":"Frozen Egg 2"},{"floor":30,"key":"Centennial Puzzle"},{"floor":31,"key":"War Paint"},{"floor":37,"key":"Pocketwatch"},{"floor":40,"key":"Oddly Smooth Stone"},{"floor":41,"key":"Calipers"},{"floor":43,"key":"HornCleat"},{"floor":44,"key":"Bronze Scales"},{"floor":46,"key":"Orichalcum"}],"event_choices":[{"damage_healed":0,"gold_gain":0,"player_choice":"Take Damage","damage_taken":19,"relics_obtained":["Golden Idol"],"max_hp_gain":0,"max_hp_loss":0,"event_name":"Golden Idol","floor":2,"gold_loss":0},{"damage_healed":0,"gold_gain":0,"player_choice":"Box","damage_taken":0,"relics_obtained":["TeardropLocket"],"max_hp_gain":0,"max_hp_loss":0,"event_name":"Big Fish","floor":3,"gold_loss":0,"cards_obtained":["Regret"]},{"damage_healed":0,"gold_gain":0,"player_choice":"Gave Idol","damage_taken":0,"relics_obtained":["Bloody Idol"],"max_hp_gain":0,"max_hp_loss":0,"event_name":"Forgotten Altar","floor":20,"relics_lost":["Golden Idol"],"gold_loss":0},{"damage_healed":0,"gold_gain":0,"player_choice":"Ignored","damage_taken":0,"max_hp_gain":0,"max_hp_loss":0,"event_name":"Vampires","floor":28,"gold_loss":0},{"damage_healed":0,"gold_gain":0,"player_choice":"Fight","damage_taken":0,"max_hp_gain":0,"max_hp_loss":0,"event_name":"MindBloom","floor":37,"gold_loss":0},{"cards_removed":["FlyingSleeves"],"damage_healed":0,"gold_gain":0,"player_choice":"Removed Attack","damage_taken":0,"max_hp_gain":0,"max_hp_loss":0,"event_name":"Falling","floor":45,"gold_loss":0}],"is_beta":false,"boss_relics":[{"not_picked":["Calling Bell","Empty Cage"],"picked":"Philosopher\u0027s Stone"},{"not_picked":["VioletLotus","Runic Pyramid"],"picked":"Cursed Key"}],"items_purged_floors":[36],"is_endless":false,"potions_floor_spawned":[1,8,12,14,16,19,22,25,29,33,37,42,44,47,48],"ascension_level":5}}