{"host":"cxnoj7uui3q38n47","time":1612178025,"event":{"mods":["BaseMod","Hermit","Lobotomy","Minty Spire (QoL Compilation)","StSLib","The Cursed"],"gold_per_floor":[119,135,310,328,342,374,388,388,414,414,424,424,458,473,473,576,626,636,620,634,253,272,272,172,172,218,231,330,356,356,366,366,366,366],"floor_reached":33,"language":"ENG","playtime":2264,"items_purged":["hermit:Strike_Hermit","hermit:LoneWolf"],"score":281,"play_id":"57f01d58-8986-4dbf-a0c6-73dafabf7e49","local_time":"20210201051345","is_ascension_mode":false,"campfire_choices":[{"data":"hermit:Determination","floor":8.0,"key":"SMITH"},{"data":"hermit:CursedWeapon","floor":10.0,"key":"SMITH"},{"data":"hermit:HoleUp","floor":12.0,"key":"SMITH"},{"data":"hermit:Enervate","floor":15.0,"key":"SMITH"},{"data":"hermit:TakeAim","floor":23.0,"key":"SMITH"},{"data":"hermit:Dive","floor":25.0,"key":"SMITH"},{"floor":32.0,"key":"REST"}],"circlet_count":0,"master_deck":["hermit:Strike_Hermit","hermit:Strike_Hermit","hermit:Strike_Hermit","hermit:Defend_Hermit","hermit:Defend_Hermit","hermit:Defend_Hermit","hermit:Defend_Hermit","hermit:Snapshot+1","hermit:Covet","hermit:Quickdraw","hermit:CursedWeapon+1","Doubt","hermit:Headshot","hermit:Determination+1","hermit:Spite","hermit:Deadeye","hermit:HoleUp+1","hermit:Enervate+1","hermit:Quickdraw+1","hermit:Reprieve","hermit:LowProfile","hermit:WideOpen+1","hermit:Dive+1","hermit:TakeAim+1","Swift Strike","hermit:Cheat","hermit:GhostlyPresence","hermit:GoldenBullet"],"relics":["hermit:Momento","Bag of Marbles","Strawberry","Ancient Tea Set","Tiny House","Bag of Preparation","PreservedInsect","Smiling Mask"],"acts_visited":["Exordium","TheCity"],"potions_floor_usage":[33],"damage_taken":[{"damage":0.0,"enemies":"Small Slimes","floor":1.0,"turns":3.0},{"damage":0.0,"enemies":"Jaw Worm","floor":2.0,"turns":3.0},{"damage":2.0,"enemies":"2 Louse","floor":4.0,"turns":2.0},{"damage":9.0,"enemies":"Exordium Thugs","floor":5.0,"turns":4.0},{"damage":8.0,"enemies":"Gremlin Nob","floor":6.0,"turns":3.0},{"damage":0.0,"enemies":"Blue Slaver","floor":7.0,"turns":2.0},{"damage":4.0,"enemies":"Looter","floor":11.0,"turns":2.0},{"damage":17.0,"enemies":"Lagavulin","floor":13.0,"turns":5.0},{"damage":2.0,"enemies":"Red Slaver","floor":14.0,"turns":1.0},{"damage":31.0,"enemies":"The Guardian","floor":16.0,"turns":11.0},{"damage":2.0,"enemies":"3 Byrds","floor":18.0,"turns":5.0},{"damage":12.0,"enemies":"2 Thieves","floor":19.0,"turns":4.0},{"damage":8.0,"enemies":"Chosen and Byrds","floor":20.0,"turns":5.0},{"damage":12.0,"enemies":"Sentry and Sphere","floor":22.0,"turns":3.0},{"damage":2.0,"enemies":"Snecko","floor":27.0,"turns":3.0},{"damage":20.0,"enemies":"Book of Stabbing","floor":29.0,"turns":5.0},{"damage":20.0,"enemies":"Cultist and Chosen","floor":31.0,"turns":5.0},{"damage":76,"enemies":"Automaton","floor":33,"turns":6}],"seed_played":"5904520309057877645","potions_obtained":[{"floor":1.0,"key":"FearPotion"},{"floor":4.0,"key":"SpeedPotion"},{"floor":5.0,"key":"PowerPotion"},{"floor":7.0,"key":"AttackPotion"},{"floor":13.0,"key":"DistilledChaos"},{"floor":14.0,"key":"Weak Potion"},{"floor":17.0,"key":"CultistPotion"},{"floor":18.0,"key":"FearPotion"}],"is_trial":false,"path_per_floor":["M","M","?","M","M","E","M","R","T","R","M","R","E","M","R","B",null,"M","M","M","$","M","R","$","R","T","M","?","E","?","M","R","B"],"character_chosen":"HERMIT","items_purchased":["Bag of Preparation","hermit:TakeAim","Swift Strike"],"campfire_rested":1,"item_purchase_floors":[21,21,21],"current_hp_per_floor":[75,75,75,73,64,56,56,56,63,63,59,59,42,40,40,9,87,85,77,69,69,61,61,61,61,61,63,63,43,43,23,49,0,0],"gold":366,"neow_bonus":"UPGRADE_CARD","is_daily":false,"chose_seed":false,"campfire_upgraded":6,"win_rate":0.0,"timestamp":1612178025,"path_taken":["M","M","?","M","M","E","M","R","T","R","M","R","E","M","R","BOSS","M","M","M","$","M","R","$","R","T","M","?","E","?","M","R","BOSS"],"items_purchased_type":["Relic","Card","Card"],"build_version":"2020-12-22","purchased_purges":2,"victory":false,"max_hp_per_floor":[75,75,75,75,75,75,75,75,82,82,82,82,82,82,82,82,87,87,87,87,87,87,87,87,87,87,87,87,87,87,87,87,87,87],"card_choices":[{"not_picked":["hermit:TakeCover","hermit:Grudge"],"picked":"hermit:Quickdraw","floor":1.0},{"not_picked":["hermit:GhostlyPresence","hermit:Misfire"],"picked":"hermit:CursedWeapon","floor":2.0},{"not_picked":["hermit:Feint","hermit:BigShot"],"picked":"hermit:Headshot","floor":4.0},{"not_picked":["hermit:Cheat","hermit:ShadowCloak"],"picked":"hermit:Determination","floor":5.0},{"not_picked":["hermit:DeadMansHand","hermit:Midnight"],"picked":"hermit:Spite","floor":6.0},{"not_picked":["hermit:WideOpen","hermit:Vantage"],"picked":"hermit:Deadeye","floor":7.0},{"not_picked":["hermit:TakeCover","hermit:Deadeye"],"picked":"hermit:HoleUp","floor":11.0},{"not_picked":["hermit:SprayPray","hermit:BigShot"],"picked":"hermit:Enervate","floor":13.0},{"not_picked":["hermit:HighCaliber","hermit:Snipe"],"picked":"hermit:Quickdraw","floor":14.0},{"not_picked":["hermit:RoundhouseKick","hermit:Gambit"],"picked":"hermit:Reprieve","floor":16.0},{"not_picked":["hermit:Cheat","hermit:Shortfuse"],"picked":"hermit:LowProfile","floor":17.0},{"not_picked":["hermit:ItchyTrigger","hermit:DeadMansHand"],"picked":"hermit:LoneWolf","floor":18.0},{"not_picked":["hermit:Feint+1","hermit:Spite+1"],"picked":"hermit:WideOpen+1","floor":19.0},{"not_picked":["hermit:Quickdraw","hermit:ShadowCloak"],"picked":"hermit:Dive","floor":20.0},{"not_picked":["hermit:HeroicBravado","hermit:FullyLoaded+1"],"picked":"hermit:Cheat","floor":22.0},{"not_picked":["hermit:Coalescence","hermit:Snipe"],"picked":"hermit:GhostlyPresence","floor":27.0},{"not_picked":["hermit:Ricochet","hermit:EternalForm"],"picked":"hermit:GoldenBullet","floor":29.0},{"not_picked":["hermit:Spite","hermit:Roulette","hermit:Headshot"],"picked":"SKIP","floor":31.0}],"player_experience":251972,"relics_obtained":[{"floor":6.0,"key":"Bag of Marbles"},{"floor":9.0,"key":"Strawberry"},{"floor":13.0,"key":"Ancient Tea Set"},{"floor":26.0,"key":"PreservedInsect"},{"floor":29.0,"key":"Smiling Mask"}],"event_choices":[{"damage_healed":0.0,"max_hp_gain":0.0,"max_hp_loss":0.0,"gold_gain":175.0,"event_name":"Liars Game","player_choice":"AGREE","floor":3.0,"gold_loss":0.0,"damage_taken":0.0,"cards_obtained":["Doubt"]},{"damage_healed":0.0,"max_hp_gain":0.0,"max_hp_loss":0.0,"gold_gain":99.0,"event_name":"Nest","player_choice":"Stole From Cult","floor":28.0,"gold_loss":0.0,"damage_taken":0.0},{"damage_healed":0.0,"max_hp_gain":0.0,"max_hp_loss":0.0,"gold_gain":0.0,"event_name":"Vampires","player_choice":"Ignored","floor":30.0,"gold_loss":0.0,"damage_taken":0.0}],"is_beta":false,"boss_relics":[{"not_picked":["Ectoplasm","SacredBark"],"picked":"Tiny House"}],"items_purged_floors":[21,24],"is_endless":false,"potions_floor_spawned":[1,4,5,7,13,14,18,20],"killed_by":"Automaton","ascension_level":0}}