{"host":"bxn2em57qlx5u4i0","time":1612156701,"event":{"mods":["BaseMod","Colored Map","Colored Powertips","Highlight Path","Minty Spire (QoL Compilation)","Random Character Button","Relic Sorter","Relic Stats","StSLib","SuperFastMode"],"gold_per_floor":[113,123,10,10,27,60,90,120,120,152,182,182,215,242,242,314,314,333,103,103,103,138,164,191,221,244,291,27,54,74,105,105,177,177,193,193,193,193,209,238,271,302,302,328,362,402,434,466,466,466,466,466,466,4,33,33],"floor_reached":57,"language":"ENG","playtime":1028,"items_purged":[],"score":4973,"play_id":"5c546981-8a07-440f-b7d2-b9eeb924a08a","local_time":"20210201001821","daily_mods":["SealedDeck","Heirloom","Time Dilation","Flight","DeadlyEvents","Elite Swarm","Lethality","Binary"],"is_ascension_mode":true,"campfire_choices":[{"data":"Footwork","floor":12.0,"key":"SMITH"},{"data":"Blade Dance","floor":15.0,"key":"SMITH"},{"data":"Accuracy","floor":32,"key":"SMITH"},{"floor":49,"key":"RECALL"},{"data":"Wraith Form v2","floor":53,"key":"SMITH"}],"circlet_count":0,"master_deck":["AscendersBane","Acrobatics+1","Cloak And Dagger+1","Blade Dance+1","Masterful Stab","Escape Plan","Cloak And Dagger","Backflip","Cloak And Dagger","Slice","Footwork+1","Slice","Deflect","Accuracy+1","Wraith Form v2+1"],"relics":["Ring of the Snake","Busted Crown","FossilizedHelix","War Paint","Strawberry","Turnip","Oddly Smooth Stone","Matryoshka","Smiling Mask","Snake Skull","Coffee Dripper","Omamori","Bag of Preparation","StoneCalendar","The Courier","Bag of Marbles","CeramicFish","MawBank","Orichalcum","Medical Kit","Pen Nib","MealTicket","Blue Candle","WristBlade","Paper Crane","StrikeDummy","Boot","Ninja Scroll","Incense Burner","HornCleat","Akabeko","Question Card","Kunai","Pocketwatch","Ancient Tea Set","Membership Card","Happy Flower","Letter Opener","Art of War","Pantograph","Thread and Needle"],"acts_visited":["Exordium","TheCity","TheBeyond","TheEnding"],"potions_floor_usage":[22,56,56,56,56],"damage_taken":[{"damage":0.0,"enemies":"2 Louse","floor":1.0,"turns":1.0},{"damage":0.0,"enemies":"Cultist","floor":2.0,"turns":1.0},{"damage":0.0,"enemies":"Jaw Worm","floor":5.0,"turns":1.0},{"damage":0.0,"enemies":"3 Sentries","floor":6.0,"turns":3.0},{"damage":0.0,"enemies":"Gremlin Nob","floor":7.0,"turns":1.0},{"damage":0.0,"enemies":"3 Sentries","floor":8.0,"turns":4.0},{"damage":0.0,"enemies":"Lagavulin","floor":10.0,"turns":2.0},{"damage":0.0,"enemies":"3 Sentries","floor":11.0,"turns":3.0},{"damage":0.0,"enemies":"Lagavulin","floor":13.0,"turns":1.0},{"damage":0.0,"enemies":"Gremlin Nob","floor":14.0,"turns":1.0},{"damage":40.0,"enemies":"Hexaghost","floor":16.0,"turns":3.0},{"damage":0.0,"enemies":"3 Byrds","floor":18.0,"turns":2.0},{"damage":0,"enemies":"Slavers","floor":22,"turns":2},{"damage":0,"enemies":"Book of Stabbing","floor":23,"turns":2},{"damage":0,"enemies":"Slavers","floor":24,"turns":2},{"damage":0,"enemies":"Gremlin Leader","floor":25,"turns":3},{"damage":0,"enemies":"Slavers","floor":27,"turns":1},{"damage":0,"enemies":"Gremlin Leader","floor":29,"turns":1},{"damage":0,"enemies":"Shell Parasite","floor":30,"turns":1},{"damage":0,"enemies":"Slavers","floor":31,"turns":1},{"damage":0,"enemies":"Collector","floor":33,"turns":2},{"damage":0,"enemies":"3 Darklings","floor":35,"turns":1},{"damage":0,"enemies":"3 Shapes","floor":39,"turns":1},{"damage":0,"enemies":"Nemesis","floor":40,"turns":1},{"damage":0,"enemies":"Reptomancer","floor":41,"turns":1},{"damage":0,"enemies":"Nemesis","floor":42,"turns":1},{"damage":0,"enemies":"Reptomancer","floor":44,"turns":1},{"damage":0,"enemies":"Giant Head","floor":45,"turns":2},{"damage":0,"enemies":"Nemesis","floor":46,"turns":1},{"damage":0,"enemies":"Giant Head","floor":47,"turns":3},{"damage":0,"enemies":"Nemesis","floor":48,"turns":1},{"damage":0,"enemies":"Donu and Deca","floor":50,"turns":5},{"damage":0,"enemies":"Awakened One","floor":51,"turns":4},{"damage":0,"enemies":"Shield and Spear","floor":55,"turns":4},{"damage":49,"enemies":"The Heart","floor":56,"turns":5}],"seed_played":"-6288998438802620851","potions_obtained":[{"floor":2.0,"key":"Energy Potion"},{"floor":6.0,"key":"EntropicBrew"},{"floor":8.0,"key":"SkillPotion"},{"floor":24,"key":"SteroidPotion"}],"is_trial":true,"path_per_floor":["M","M","$","?","M","E","E","E","T","E","E","R","E","E","R","B",null,"M","$","?","?","E","E","E","E","T","E","$","E","M","E","R","B",null,"M","?","?","T","M","E","E","E","T","E","E","E","E","E","R","B","B",null,"R","$","E","B",null],"character_chosen":"THE_SILENT","items_purchased":["Footwork","Slice","Omamori","Deflect","Medical Kit","Pen Nib","Accuracy","Membership Card","Happy Flower","Letter Opener","Art of War","Pantograph"],"campfire_rested":0,"item_purchase_floors":[3,3,19,19,28,28,28,54,54,54,54,54],"current_hp_per_floor":[59,59,59,66,66,66,73,73,73,73,73,73,73,73,73,33,63,63,63,42,42,42,42,42,42,42,42,42,42,42,42,42,42,69,69,69,59,59,59,59,59,59,59,59,59,59,59,59,59,59,59,73,73,78,78,29],"gold":33,"neow_bonus":"","is_daily":false,"chose_seed":false,"campfire_upgraded":4,"win_rate":0.0,"timestamp":1612156701,"path_taken":["M","M","$","?","?","E","E","E","T","E","E","R","E","?","R","BOSS","M","$","?","?","?","E","E","E","T","E","?","E","?","?","R","BOSS","M","?","?","?","?","E","E","E","T","E","E","E","?","E","R","BOSS","BOSS","R","$","E","BOSS"],"items_purchased_type":["Card","Card","Relic","Card","Relic","Relic","Card","Relic","Relic","Relic","Relic","Relic"],"build_version":"2020-12-22","purchased_purges":0,"victory":true,"max_hp_per_floor":[66,66,66,66,66,66,73,73,73,73,73,73,73,73,73,73,73,73,73,78,78,78,78,78,78,78,78,78,78,78,78,78,78,78,78,78,78,78,78,78,78,78,78,78,78,78,78,78,78,78,78,78,78,78,78,78],"relic_stats":{"CeramicFish":18,"StoneCalendar":[0],"Snake Skull":[0],"Bag of Preparation":[24],"Smiling Mask":0,"Boot":[5],"Pantograph":0,"MealTicket":5,"Kunai":[39],"Ring of the Snake":[70],"Happy Flower":[3],"counters":[35,69],"Blue Candle":[0],"Pen Nib":[23],"Letter Opener":[40],"War Paint":["Acrobatics","Cloak And Dagger"],"Orichalcum":[0],"MawBank":24,"Medical Kit":[4],"Question Card":4,"Busted Crown":70,"Turnip":[2],"Art of War":[1],"obtain_stats":[{"CeramicFish":26,"StoneCalendar":23,"Snake Skull":14,"Bag of Preparation":22,"Incense Burner":42,"Smiling Mask":13,"Boot":40,"Ancient Tea Set":48,"Matryoshka":11,"HornCleat":43,"WristBlade":34,"Ninja Scroll":41,"Strawberry":7,"Pantograph":54,"MealTicket":29,"Kunai":46,"Ring of the Snake":0,"Happy Flower":54,"Blue Candle":31,"Oddly Smooth Stone":10,"Thread and Needle":55,"The Courier":24,"Pen Nib":28,"Omamori":19,"Letter Opener":54,"War Paint":6,"Orichalcum":27,"Paper Crane":38,"MawBank":26,"Medical Kit":28,"Question Card":45,"Akabeko":44,"Busted Crown":0,"Turnip":8,"Coffee Dripper":17,"Bag of Marbles":25,"Art of War":54,"Membership Card":54,"StrikeDummy":38,"FossilizedHelix":0,"Pocketwatch":47},{"CeramicFish":16,"StoneCalendar":14,"Snake Skull":10,"Bag of Preparation":13,"Incense Burner":26,"Smiling Mask":9,"Boot":24,"Ancient Tea Set":31,"Matryoshka":8,"HornCleat":26,"WristBlade":21,"Ninja Scroll":25,"Strawberry":5,"Pantograph":33,"MealTicket":18,"Kunai":29,"Ring of the Snake":0,"Happy Flower":33,"Blue Candle":20,"Oddly Smooth Stone":7,"Thread and Needle":34,"The Courier":15,"Pen Nib":17,"Omamori":12,"Letter Opener":33,"War Paint":4,"Orichalcum":17,"Paper Crane":22,"MawBank":16,"Medical Kit":17,"Question Card":28,"Akabeko":27,"Busted Crown":0,"Turnip":6,"Coffee Dripper":11,"Bag of Marbles":16,"Art of War":33,"Membership Card":33,"StrikeDummy":22,"FossilizedHelix":0,"Pocketwatch":30},{"CeramicFish":32,"StoneCalendar":27,"Snake Skull":18,"Bag of Preparation":25,"Incense Burner":43,"Smiling Mask":17,"Boot":41,"Ancient Tea Set":51,"Matryoshka":16,"HornCleat":43,"WristBlade":38,"Ninja Scroll":42,"Strawberry":7,"Pantograph":60,"MealTicket":34,"Kunai":47,"Ring of the Snake":0,"Happy Flower":60,"Blue Candle":36,"Oddly Smooth Stone":13,"Thread and Needle":64,"The Courier":29,"Pen Nib":33,"Omamori":23,"Letter Opener":60,"War Paint":6,"Orichalcum":33,"Paper Crane":39,"MawBank":32,"Medical Kit":33,"Question Card":46,"Akabeko":44,"Busted Crown":0,"Turnip":11,"Coffee Dripper":21,"Bag of Marbles":32,"Art of War":60,"Membership Card":60,"StrikeDummy":39,"FossilizedHelix":0,"Pocketwatch":50}],"Pocketwatch":[3]},"card_choices":[{"not_picked":[],"picked":"Wraith Form v2","floor":46},{"not_picked":["Bullet Time"],"picked":"SKIP","floor":47},{"not_picked":["Venomology"],"picked":"SKIP","floor":48},{"not_picked":["Bullet Time"],"picked":"SKIP","floor":55}],"player_experience":2984813,"relics_obtained":[{"floor":6.0,"key":"War Paint"},{"floor":7.0,"key":"Strawberry"},{"floor":8.0,"key":"Turnip"},{"floor":10.0,"key":"Oddly Smooth Stone"},{"floor":11.0,"key":"Matryoshka"},{"floor":13.0,"key":"Smiling Mask"},{"floor":14.0,"key":"Snake Skull"},{"floor":22,"key":"Bag of Preparation"},{"floor":23,"key":"StoneCalendar"},{"floor":24,"key":"The Courier"},{"floor":25,"key":"Bag of Marbles"},{"floor":26,"key":"CeramicFish"},{"floor":26,"key":"MawBank"},{"floor":27,"key":"Orichalcum"},{"floor":29,"key":"MealTicket"},{"floor":31,"key":"Blue Candle"},{"floor":38,"key":"Paper Crane"},{"floor":38,"key":"StrikeDummy"},{"floor":40,"key":"Boot"},{"floor":41,"key":"Ninja Scroll"},{"floor":42,"key":"Incense Burner"},{"floor":43,"key":"HornCleat"},{"floor":44,"key":"Akabeko"},{"floor":45,"key":"Question Card"},{"floor":46,"key":"Kunai"},{"floor":47,"key":"Pocketwatch"},{"floor":48,"key":"Ancient Tea Set"},{"floor":55,"key":"Thread and Needle"}],"event_choices":[{"cards_removed":["Masterful Stab"],"damage_healed":7.0,"max_hp_gain":0.0,"max_hp_loss":0.0,"gold_gain":0.0,"event_name":"Bonfire Elementals","player_choice":"Offered Uncommon","floor":4.0,"gold_loss":0.0,"damage_taken":0.0},{"damage_healed":0.0,"max_hp_gain":5.0,"max_hp_loss":0.0,"gold_gain":0.0,"event_name":"Forgotten Altar","player_choice":"Shed Blood","floor":20.0,"gold_loss":0.0,"damage_taken":26.0},{"damage_healed":0,"gold_gain":0,"player_choice":"Ignored","damage_taken":0,"max_hp_gain":0,"max_hp_loss":0,"event_name":"Transmorgrifier","floor":21,"gold_loss":0},{"damage_healed":0,"gold_gain":0,"player_choice":"Ignored","damage_taken":0,"max_hp_gain":0,"max_hp_loss":0,"event_name":"Tomb of Lord Red Mask","floor":36,"gold_loss":0},{"damage_healed":0,"gold_gain":0,"player_choice":"Memory 3","damage_taken":10,"max_hp_gain":0,"max_hp_loss":0,"event_name":"SensoryStone","floor":37,"gold_loss":0}],"is_beta":false,"boss_relics":[{"not_picked":["Runic Pyramid","Runic Dome"],"picked":"Coffee Dripper"},{"not_picked":["Cursed Key","HoveringKite"],"picked":"WristBlade"}],"items_purged_floors":[],"is_endless":false,"potions_floor_spawned":[2,6,8,11,14,16,18,24,27,29,30,40,42,44,45,46,55],"ascension_level":20}}