{"host":"2x189hkb4impm2gi","time":1612212465,"event":{"mods":["BaseMod","Colored Map","Colored Powertips","Minty Spire (QoL Compilation)"],"gold_per_floor":[111,124,138,156,166,191,191,226,253,270,287,319,329,329,329,430,430,449,359,377,97,115,115,127,160,184,194,469,504,520,537,537,639,639,657,657,657,657,667,667,667,667],"floor_reached":41,"language":"ENG","playtime":2601,"items_purged":["Strike_R"],"score":509,"play_id":"876f3289-1012-493a-a1c0-455d3feb55bf","local_time":"20210201154745","is_ascension_mode":false,"campfire_choices":[{"floor":7,"key":"REST"},{"floor":15,"key":"REST"},{"data":"Armaments","floor":23,"key":"SMITH"},{"floor":32,"key":"REST"},{"data":"Inflame","floor":40,"key":"SMITH"}],"circlet_count":0,"master_deck":["Strike_R","Strike_R","Defend_R","Defend_R","Defend_R","Defend_R","Bash","Cleave","Inflame+1","Iron Wave","Flex","Thunderclap","Immolate","Cleave","Flex","Sword Boomerang+1","Armaments+1","Dropkick","Heavy Blade","Shrug It Off","Bludgeon","CurseOfTheBell","Battle Trance","Sword Boomerang+1","Impervious","Iron Wave","Carnage","Power Through+1","Ghostly Armor","Pommel Strike","Regret","Pummel","Heavy Blade","Headbutt+1","Anger+1","Immolate","Madness","Madness","Infernal Blade"],"relics":["SacredBark","Dream Catcher","Bottled Tornado","Happy Flower","Toy Ornithopter","Calling Bell","Vajra","Gremlin Horn","Calipers","Smiling Mask","Centennial Puzzle","Tiny Chest","Runic Pyramid","Prayer Wheel"],"acts_visited":["Exordium","TheCity","TheBeyond"],"potions_floor_usage":[6,8,16,20,24,27,29,33],"damage_taken":[{"damage":9,"enemies":"Jaw Worm","floor":1,"turns":4},{"damage":0,"enemies":"Small Slimes","floor":2,"turns":3},{"damage":1,"enemies":"Cultist","floor":3,"turns":3},{"damage":5,"enemies":"Looter","floor":4,"turns":4},{"damage":13,"enemies":"Gremlin Gang","floor":5,"turns":4},{"damage":0,"enemies":"Gremlin Nob","floor":6,"turns":2},{"damage":26,"enemies":"Lagavulin","floor":8,"turns":4},{"damage":8,"enemies":"Exordium Wildlife","floor":10,"turns":3},{"damage":5,"enemies":"Large Slime","floor":11,"turns":4},{"damage":14,"enemies":"Gremlin Nob","floor":12,"turns":3},{"damage":3,"enemies":"3 Louse","floor":13,"turns":3},{"damage":6,"enemies":"Slime Boss","floor":16,"turns":7},{"damage":5,"enemies":"3 Byrds","floor":18,"turns":2},{"damage":10,"enemies":"Spheric Guardian","floor":20,"turns":3},{"damage":6,"enemies":"3 Cultists","floor":22,"turns":4},{"damage":10,"enemies":"Centurion and Healer","floor":24,"turns":3},{"damage":3,"enemies":"Slavers","floor":25,"turns":3},{"damage":10,"enemies":"Snecko","floor":27,"turns":3},{"damage":31,"enemies":"Book of Stabbing","floor":29,"turns":5},{"damage":10,"enemies":"Cultist and Chosen","floor":30,"turns":2},{"damage":22,"enemies":"Snake Plant","floor":31,"turns":4},{"damage":34,"enemies":"Automaton","floor":33,"turns":9},{"damage":20,"enemies":"3 Shapes","floor":35,"turns":2},{"damage":0,"enemies":"Orb Walker","floor":39,"turns":3},{"damage":63,"enemies":"Giant Head","floor":41,"turns":6}],"seed_played":"7636106701817651539","potions_obtained":[{"floor":4,"key":"DistilledChaos"},{"floor":5,"key":"BlessingOfTheForge"},{"floor":6,"key":"FairyPotion"},{"floor":10,"key":"Ancient Potion"},{"floor":12,"key":"Strength Potion"},{"floor":18,"key":"DuplicationPotion"},{"floor":20,"key":"SteroidPotion"},{"floor":25,"key":"Weak Potion"},{"floor":30,"key":"LiquidMemories"},{"floor":39,"key":"SkillPotion"}],"is_trial":false,"path_per_floor":["M","M","M","M","M","E","R","E","T","M","M","E","M","?","R","B",null,"M","?","M","$","M","R","M","E","T","M","?","E","M","M","R","B",null,"M","?","?","T","M","R","E"],"character_chosen":"IRONCLAD","items_purchased":["Impervious","Iron Wave"],"campfire_rested":3,"item_purchase_floors":[21,21],"current_hp_per_floor":[71,71,70,65,52,52,76,50,50,42,37,23,20,13,37,36,80,75,75,70,70,64,64,59,56,56,51,51,25,15,42,66,37,80,60,50,50,50,50,50,0,0],"gold":667,"neow_bonus":"BOSS_RELIC","is_daily":false,"chose_seed":false,"campfire_upgraded":2,"win_rate":0.0,"timestamp":1612212465,"path_taken":["M","M","M","M","M","E","R","E","T","M","M","E","M","?","R","BOSS","M","?","?","$","M","R","M","E","T","M","?","E","?","M","R","BOSS","M","?","?","?","M","R","E"],"items_purchased_type":["Card","Card"],"build_version":"2020-12-22","purchased_purges":1,"victory":false,"max_hp_per_floor":[80,80,80,80,80,80,80,80,80,80,80,80,80,80,80,80,80,80,80,80,80,80,80,80,80,80,80,80,80,80,80,80,80,80,80,80,80,80,80,80,80,80],"card_choices":[{"not_picked":["Warcry","Headbutt"],"picked":"Cleave","floor":1},{"not_picked":["Sword Boomerang","Headbutt"],"picked":"Inflame","floor":2},{"not_picked":["Entrench","Anger"],"picked":"Iron Wave","floor":3},{"not_picked":["Shockwave","Warcry"],"picked":"Flex","floor":4},{"not_picked":["Clash","Body Slam"],"picked":"Thunderclap","floor":5},{"not_picked":["Ghostly Armor","True Grit"],"picked":"Immolate","floor":6},{"not_picked":["Entrench","Warcry"],"picked":"Cleave","floor":7},{"not_picked":["Entrench","Fiend Fire"],"picked":"Flex","floor":8},{"not_picked":["Wild Strike","Feel No Pain"],"picked":"Sword Boomerang","floor":10},{"not_picked":["Intimidate","Fire Breathing"],"picked":"Armaments","floor":11},{"not_picked":["Warcry","Sword Boomerang"],"picked":"Dropkick","floor":12},{"not_picked":["Entrench","Flex"],"picked":"Heavy Blade","floor":13},{"not_picked":["Ghostly Armor","Blood for Blood"],"picked":"Shrug It Off","floor":15},{"not_picked":["Brutality","Fiend Fire"],"picked":"Bludgeon","floor":16},{"not_picked":["Body Slam","Pummel"],"picked":"Battle Trance","floor":18},{"not_picked":["Clothesline","Warcry"],"picked":"Sword Boomerang+1","floor":20},{"not_picked":["Warcry","Iron Wave"],"picked":"Carnage","floor":22},{"not_picked":["Rupture","Barricade"],"picked":"Power Through+1","floor":24},{"not_picked":["Cleave+1","Heavy Blade"],"picked":"Ghostly Armor","floor":25},{"not_picked":["Reckless Charge","Anger"],"picked":"Pommel Strike","floor":27},{"not_picked":["Fire Breathing+1","Flex"],"picked":"Pummel","floor":29},{"not_picked":["Pommel Strike","Cleave+1"],"picked":"Heavy Blade","floor":30},{"not_picked":["Evolve+1","Dark Embrace"],"picked":"Headbutt+1","floor":31},{"not_picked":["True Grit","Combust"],"picked":"Anger+1","floor":32},{"not_picked":["Barricade","Fiend Fire"],"picked":"Immolate","floor":33},{"not_picked":["Sword Boomerang+1","Reckless Charge","Flex+1"],"picked":"SKIP","floor":35},{"not_picked":["Clash+1","Perfected Strike+1"],"picked":"Infernal Blade","floor":39},{"not_picked":["Evolve","Dual Wield","Pommel Strike+1"],"picked":"SKIP","floor":39}],"player_experience":36238,"relics_obtained":[{"floor":6,"key":"Dream Catcher"},{"floor":8,"key":"Bottled Tornado"},{"floor":9,"key":"Happy Flower"},{"floor":12,"key":"Toy Ornithopter"},{"floor":17,"key":"Vajra"},{"floor":17,"key":"Gremlin Horn"},{"floor":17,"key":"Calipers"},{"floor":25,"key":"Smiling Mask"},{"floor":26,"key":"Centennial Puzzle"},{"floor":29,"key":"Tiny Chest"},{"floor":38,"key":"Prayer Wheel"}],"event_choices":[{"cards_removed":["Strike_R"],"damage_healed":0,"gold_gain":0,"player_choice":"Card Removal","damage_taken":7,"max_hp_gain":0,"max_hp_loss":0,"event_name":"Golden Wing","floor":14,"gold_loss":0},{"cards_removed":["Strike_R"],"damage_healed":0,"gold_gain":0,"player_choice":"Upgrade and Remove","damage_taken":0,"max_hp_gain":0,"max_hp_loss":0,"event_name":"Designer","floor":19,"gold_loss":90,"cards_upgraded":["Sword Boomerang"]},{"damage_healed":0,"gold_gain":275,"player_choice":"Desecrate","damage_taken":0,"max_hp_gain":0,"max_hp_loss":0,"event_name":"Golden Shrine","floor":28,"gold_loss":0,"cards_obtained":["Regret"]},{"damage_healed":0,"gold_gain":0,"player_choice":"Embrace Madness","damage_taken":10,"max_hp_gain":0,"max_hp_loss":0,"event_name":"Winding Halls","floor":36,"gold_loss":0,"cards_obtained":["Madness","Madness"]},{"damage_healed":0,"gold_gain":0,"player_choice":"Ignored","damage_taken":0,"max_hp_gain":0,"max_hp_loss":0,"event_name":"Tomb of Lord Red Mask","floor":37,"gold_loss":0}],"is_beta":false,"boss_relics":[{"not_picked":["Snecko Eye","Velvet Choker"],"picked":"Calling Bell"},{"not_picked":["Runic Dome","Runic Cube"],"picked":"Runic Pyramid"}],"items_purged_floors":[21],"is_endless":false,"potions_floor_spawned":[4,5,6,10,12,18,20,22,25,30,39],"killed_by":"Giant Head","ascension_level":0}}