{"host":"gf8hyl7jhl0is674","time":1612222740,"event":{"mods":["2.2 Compatiblity","Act Like it!","Aspiration","BaseMod","CapriCore","Chen","Colored Map","Gensokyo","Koishi","Marisa????????","Minty Spire (QoL Compilation)","Onozuka Komachi Mod","Permanent Neow","Reimu??????","StSLib","The Administrix","The Blue Laboratory","The Immortal","The Jungle","The Servant 0.9.4","Waifu the Spire","Yakumo Yukari mod"],"gold_per_floor":[117,117,133,58,58,58,68,101,128,159,179,139,139,166,166,265,265,280,280,299,316,336,362,362,373,396,426,442,461,18,35,35,130,130,143,6,52,402,402,432,444,457,537,161,161,179,193,203,203,203,203,203,42,72,72],"floor_reached":56,"language":"ENG","playtime":4811,"items_purged":["Strike_P","Defend_P","Cloak And Dagger","FlurryOfBlows","Dagger Throw+1"],"score":1316,"play_id":"c812dc4c-a452-4c13-ba88-655dee22a1a6","local_time":"20210201163900","is_ascension_mode":false,"campfire_choices":[{"data":"Eruption","floor":6,"key":"SMITH"},{"floor":13,"key":"RECALL"},{"data":"Strike_P","floor":15,"key":"PURGE"},{"data":"Vigilance","floor":32,"key":"PURGE"},{"data":"ThirdEye","floor":45,"key":"SMITH"},{"data":"Protect","floor":49,"key":"PURGE"},{"data":"ConjureBlade","floor":52,"key":"SMITH"}],"circlet_count":0,"master_deck":["Eruption+1","LikeWater","ThirdEye+1","LikeWater","ConjureBlade+1","WaveOfTheHand","InnerPeace+1","Expertise","ClearTheMind","TalkToTheHand+1","Evaluate+1","Devotion","Establishment","Madness","Madness","Perseverance+1"],"relics":["aspiration:SecretTechniqueScroll","aspiration:FrozenJewel","Pocketwatch","PaintedHorse:ReiMu","Peace Pipe","Coffee Dripper","Potion Belt","Pen Nib","aspiration:StickyExplosives_weak","Membership Card","HornCleat","Mastiff:ReiMu","Philosopher\u0027s Stone","CatCart","Old Coin","CrazyTorch:ReiMu","White Beast Statue","Whetstone","Lee\u0027s Waffle","InkBottle","Bag of Marbles","Calipers"],"acts_visited":["Exordium","Exordium","TheBeyond","TheEnding"],"potions_floor_usage":[8,16,16,20,23,25,42,50,50,54,55,55,55],"damage_taken":[{"damage":1,"enemies":"2 Louse","floor":1,"turns":4},{"damage":3,"enemies":"Small Slimes","floor":3,"turns":3},{"damage":0,"enemies":"Cultist","floor":7,"turns":2},{"damage":28,"enemies":"Gremlin Nob","floor":8,"turns":3},{"damage":0,"enemies":"Lagavulin","floor":10,"turns":6},{"damage":0,"enemies":"Blue Slaver","floor":11,"turns":5},{"damage":2,"enemies":"Gremlin Nob","floor":14,"turns":4},{"damage":42,"enemies":"The Guardian","floor":16,"turns":13},{"damage":4,"enemies":"theJungle:MUSHROOMGANG","floor":18,"turns":5},{"damage":0,"enemies":"theJungle:Flameango_and_Byrd","floor":20,"turns":4},{"damage":0,"enemies":"theJungle:SlimyTreeVines","floor":21,"turns":5},{"damage":2,"enemies":"theJungle:Lyon","floor":22,"turns":5},{"damage":0,"enemies":"theJungle:Cassacara","floor":23,"turns":6},{"damage":0,"enemies":"theJungle:JungleHuntersEncounter","floor":25,"turns":5},{"damage":0,"enemies":"theJungle:MamaSnecko","floor":27,"turns":6},{"damage":0,"enemies":"theJungle:SlimyTreeVines","floor":28,"turns":4},{"damage":0,"enemies":"theJungle:Lyon","floor":29,"turns":5},{"damage":0,"enemies":"theJungle:2_Snecko_Cultists","floor":31,"turns":5},{"damage":17,"enemies":"theJungle:TotemBoss","floor":33,"turns":7},{"damage":0,"enemies":"Orb Walker","floor":35,"turns":4},{"damage":0,"enemies":"Orin","floor":37,"turns":5},{"damage":6,"enemies":"Mind Bloom Boss Battle","floor":38,"turns":5},{"damage":11,"enemies":"Nemesis","floor":40,"turns":6},{"damage":0,"enemies":"3 Darklings","floor":41,"turns":5},{"damage":3,"enemies":"Spire Growth","floor":42,"turns":4},{"damage":0,"enemies":"Maw","floor":46,"turns":6},{"damage":31,"enemies":"Sphere and 2 Shapes","floor":47,"turns":5},{"damage":0,"enemies":"3 Darklings","floor":48,"turns":6},{"damage":67,"enemies":"Time Eater","floor":50,"turns":12},{"damage":2,"enemies":"Shield and Spear","floor":54,"turns":6},{"damage":8,"enemies":"The Heart","floor":55,"turns":8}],"seed_played":"-28188936632717570","potions_obtained":[{"floor":1,"key":"blueLaboratory:PhilterOfMotion"},{"floor":8,"key":"blueLaboratory:StoneskinPotion"},{"floor":11,"key":"blueLaboratory:PhilterOfMotion"},{"floor":18,"key":"blueLaboratory:FruitPunch"},{"floor":20,"key":"blueLaboratory:BottleOfVodka"},{"floor":21,"key":"SkillPotion"},{"floor":22,"key":"CultistPotion"},{"floor":28,"key":"LiquidBronze"},{"floor":37,"key":"LiquidMemories"},{"floor":41,"key":"blueLaboratory:ImpenetrablePotion"},{"floor":47,"key":"Strength Potion"},{"floor":54,"key":"blueLaboratory:BottleOfVodka"}],"is_trial":false,"path_per_floor":["M","?","M","$","?","R","M","E","T","E","M","?","R","E","R","B",null,"M","?","M","M","M","E","?","M","T","E","M","M","$","M","R","B",null,"M","$","?","?","?","E","M","M","T","$","R","M","M","M","R","B",null,"R","$","E","B",null],"character_chosen":"WATCHER","items_purchased":["Membership Card","HornCleat","Mastiff:ReiMu","blueLaboratory:FruitPunch","SteroidPotion","Establishment","Whetstone","Lee\u0027s Waffle","InkBottle","blueLaboratory:FruitPunch","Bag of Marbles"],"campfire_rested":0,"item_purchase_floors":[30,30,30,30,30,36,44,44,44,44,53],"current_hp_per_floor":[71,76,73,73,73,73,73,45,45,45,45,45,45,43,43,1,77,73,73,75,79,77,77,77,77,77,77,79,79,79,79,79,62,79,79,79,79,73,63,52,52,51,51,88,88,88,57,57,57,47,90,90,90,88,80],"gold":72,"neow_bonus":"BOSS_RELIC","is_daily":false,"chose_seed":false,"campfire_upgraded":3,"win_rate":0.0,"timestamp":1612222740,"path_taken":["M","?","M","$","?","R","?","E","T","E","M","?","R","E","R","BOSS","M","?","M","?","M","E","?","?","T","E","M","M","$","M","R","BOSS","M","$","?","?","?","E","M","M","T","$","R","M","?","M","R","BOSS","R","$","E","BOSS"],"items_purchased_type":["Relic","Relic","Relic","Potion","Potion","Card","Relic","Relic","Relic","Potion","Relic"],"build_version":"2020-12-22","purchased_purges":5,"victory":true,"max_hp_per_floor":[72,77,77,77,77,77,77,77,77,77,77,77,77,77,77,77,77,77,77,79,79,79,79,79,79,79,79,79,79,79,79,79,79,79,79,79,79,79,79,79,79,81,81,88,88,88,88,88,88,90,90,90,90,90,90],"card_choices":[{"not_picked":["PathToVictory","Adaptation"],"picked":"LikeWater","floor":1},{"not_picked":["Evaluate","FollowUp"],"picked":"FlurryOfBlows","floor":3},{"not_picked":["Nirvana","CrushJoints"],"picked":"ThirdEye","floor":7},{"not_picked":["Prostrate","Consecrate"],"picked":"LikeWater","floor":8},{"not_picked":["ThirdEye","Halt"],"picked":"ConjureBlade","floor":10},{"not_picked":["ThirdEye","EmptyBody","PathToVictory"],"picked":"SKIP","floor":11},{"not_picked":["WreathOfFlame","Wallop"],"picked":"WaveOfTheHand","floor":14},{"not_picked":["EmptyFist","CutThroughFate"],"picked":"InnerPeace+1","floor":18},{"not_picked":["PathToVictory","CarveReality"],"picked":"ClearTheMind","floor":20},{"not_picked":["JustLucky","FlyingSleeves+1","ThirdEye"],"picked":"SKIP","floor":21},{"not_picked":["Consecrate+1","FlyingSleeves","Adaptation"],"picked":"SKIP","floor":22},{"not_picked":["Prostrate+1","PathToVictory","Collect+1"],"picked":"SKIP","floor":23},{"not_picked":["JustLucky","Tantrum+1","WindmillStrike+1"],"picked":"SKIP","floor":25},{"not_picked":["Weave","Prostrate+1"],"picked":"TalkToTheHand","floor":27},{"not_picked":["SashWhip","ClearTheMind"],"picked":"Evaluate+1","floor":28},{"not_picked":["FlurryOfBlows+1","Halt"],"picked":"Devotion","floor":29},{"not_picked":["SignatureMove","BowlingBash","WheelKick+1"],"picked":"SKIP","floor":31},{"not_picked":["JustLucky+1","Halt","Tantrum"],"picked":"SKIP","floor":35},{"not_picked":["SashWhip+1","JustLucky+1"],"picked":"Perseverance+1","floor":40},{"not_picked":["JustLucky","Evaluate+1","ReachHeaven+1"],"picked":"SKIP","floor":41},{"not_picked":["EmptyBody","Prostrate+1","FlurryOfBlows+1"],"picked":"SKIP","floor":42},{"not_picked":["Protect","Worship","CutThroughFate+1"],"picked":"SKIP","floor":46},{"not_picked":["BattleHymn+1","Collect+1","Consecrate"],"picked":"SKIP","floor":47},{"not_picked":["PathToVictory+1","ClearTheMind+1","ReachHeaven+1"],"picked":"SKIP","floor":48},{"not_picked":["EmptyBody","Adaptation","SandsOfTime"],"picked":"SKIP","floor":54}],"player_experience":390473,"relics_obtained":[{"floor":8,"key":"aspiration:FrozenJewel"},{"floor":10,"key":"Pocketwatch"},{"floor":14,"key":"Peace Pipe"},{"floor":23,"key":"Potion Belt"},{"floor":26,"key":"Pen Nib"},{"floor":27,"key":"aspiration:StickyExplosives_weak"},{"floor":37,"key":"CatCart"},{"floor":38,"key":"Old Coin"},{"floor":40,"key":"CrazyTorch:ReiMu"},{"floor":43,"key":"White Beast Statue"},{"floor":54,"key":"Calipers"}],"event_choices":[{"damage_healed":0,"gold_gain":0,"player_choice":"Donut","damage_taken":0,"max_hp_gain":5,"max_hp_loss":0,"event_name":"Big Fish","floor":2,"gold_loss":0},{"cards_removed":["Strike_P"],"damage_healed":0,"gold_gain":0,"player_choice":"Purged","damage_taken":0,"max_hp_gain":0,"max_hp_loss":0,"event_name":"Purifier","floor":5,"gold_loss":0},{"damage_healed":0,"gold_gain":0,"player_choice":"Donate","damage_taken":0,"relics_obtained":["PaintedHorse:ReiMu"],"max_hp_gain":0,"max_hp_loss":0,"event_name":"yidonshenshe","floor":12,"gold_loss":40},{"damage_healed":0,"gold_gain":0,"cards_transformed":["Defend_P"],"player_choice":"Transformed","damage_taken":0,"max_hp_gain":0,"max_hp_loss":0,"event_name":"Transmorgrifier","floor":24,"gold_loss":0,"cards_obtained":["Protect"]},{"damage_healed":0,"gold_gain":0,"player_choice":"Fight","damage_taken":0,"max_hp_gain":0,"max_hp_loss":0,"event_name":"OrinTheCat","floor":37,"gold_loss":0},{"damage_healed":0,"gold_gain":0,"player_choice":"Fight","damage_taken":0,"max_hp_gain":0,"max_hp_loss":0,"event_name":"MindBloom","floor":38,"gold_loss":0},{"damage_healed":0,"gold_gain":0,"player_choice":"Embrace Madness","damage_taken":10,"max_hp_gain":0,"max_hp_loss":0,"event_name":"Winding Halls","floor":39,"gold_loss":0,"cards_obtained":["Madness","Madness"]}],"is_beta":false,"boss_relics":[{"not_picked":["Fusion Hammer","aspiration:FutureDiary"],"picked":"Coffee Dripper"},{"not_picked":["Tiny House","aspiration:SilentSkillbook"],"picked":"Philosopher\u0027s Stone"}],"items_purged_floors":[4,30,36,44,53],"is_endless":false,"potions_floor_spawned":[1,8,11,18,20,21,22,28,37,41,46,47,48,54],"ascension_level":0}}