{"host":"aukiz5jlacd3g5yc","time":1612143944,"event":{"mods":["2.2 Compatiblity","BaseMod","Bestiary","Colored Map","Colored Powertips","Downfall","GifTheSpireLib","Hubris","Minty Spire (QoL Compilation)","Permanent Neow","Quick Restart","Random Character Button","Rare Cards Sparkle","Relic Sorter","Relic Stats","Replay The Spire","StSLib","everything is the same but u backflip on backflip","slay the spire mod where everything is the same but ironclad has a cowboy hat"],"gold_per_floor":[10,30,41,89,89,116,116,133,182,182,182],"floor_reached":10,"language":"ENG","playtime":248,"items_purged":[],"score":71,"play_id":"614c3640-2ae6-4280-a6f6-7977c61b78e7","local_time":"20210131194544","is_ascension_mode":true,"campfire_choices":[{"data":"Zap","floor":7,"key":"SMITH"}],"circlet_count":0,"master_deck":["Strike_B","Strike_B","Strike_B","Strike_B","Defend_B+1","Defend_B","Defend_B","Defend_B","Zap+1","Dualcast","Electrodynamics+1","Consume","Conserve Battery","Barrage","Genetic Algorithm","Conserve Battery"],"relics":["Cracked Core","bronze:BronzeIdol","Omamori","Toy Ornithopter"],"acts_visited":["Exordium"],"potions_floor_usage":[8,10],"damage_taken":[{"damage":1,"enemies":"Cultist","floor":1,"turns":3},{"damage":8,"enemies":"2 Louse","floor":2,"turns":2},{"damage":10,"enemies":"Small Slimes","floor":3,"turns":3},{"damage":25,"enemies":"Replay:BlueRogue","floor":6,"turns":6},{"damage":13,"enemies":"Exordium Thugs","floor":8,"turns":4},{"damage":11,"enemies":"Gremlin Nob","floor":10,"turns":2}],"seed_played":"7167300996254256555","potions_obtained":[{"floor":2,"key":"hexamod:SoulburnPotion"},{"floor":6,"key":"BlessingOfTheForge"}],"is_trial":false,"path_per_floor":["M","M","M","T","?","E","R","M","T","E"],"character_chosen":"DEFECT","items_purchased":[],"campfire_rested":0,"item_purchase_floors":[],"current_hp_per_floor":[74,66,56,56,41,16,16,3,3,0,0],"gold":182,"neow_bonus":"THREE_RARE_CARDS","is_daily":false,"chose_seed":false,"campfire_upgraded":1,"win_rate":0.0,"timestamp":1612143944,"path_taken":["M","?","M","?","?","E","R","M","T","E"],"items_purchased_type":[],"build_version":"2020-12-22","purchased_purges":0,"victory":false,"max_hp_per_floor":[75,75,75,75,75,75,75,75,75,75,75],"relic_stats":{"counters":[6,20],"obtain_stats":[{"Omamori":6,"Cracked Core":0,"Toy Ornithopter":9,"bronze:BronzeIdol":4},{"Omamori":4,"Cracked Core":0,"Toy Ornithopter":5,"bronze:BronzeIdol":3},{"Omamori":14,"Cracked Core":0,"Toy Ornithopter":18,"bronze:BronzeIdol":8}],"Toy Ornithopter":5},"card_choices":[{"not_picked":["Thunder Strike","Mirror Shield"],"picked":"Electrodynamics","floor":0},{"not_picked":["Hologram","Skim"],"picked":"Consume","floor":1},{"not_picked":["Static Discharge","Barrage"],"picked":"Conserve Battery","floor":2},{"not_picked":["Cold Snap","FTL"],"picked":"Barrage","floor":3},{"not_picked":["Compile Driver","Beam Cell"],"picked":"Genetic Algorithm","floor":6},{"not_picked":["Hologram","Lockon"],"picked":"Conserve Battery","floor":8}],"player_experience":376052,"relics_obtained":[{"floor":4,"key":"bronze:BronzeIdol"},{"floor":6,"key":"Omamori"},{"floor":9,"key":"Toy Ornithopter"}],"event_choices":[{"damage_healed":0,"gold_gain":0,"player_choice":"Entered Light","damage_taken":15,"max_hp_gain":0,"max_hp_loss":0,"event_name":"Shining Light","floor":5,"gold_loss":0,"cards_upgraded":["Electrodynamics","Defend_B"]}],"is_beta":false,"boss_relics":[],"items_purged_floors":[],"is_endless":false,"potions_floor_spawned":[2,6,8],"killed_by":"Gremlin Nob","ascension_level":1}}