{"host":"3498uni0c31c9bdm","time":1612202531,"event":{"mods":["BaseMod","Better Third Choice","Minty Spire (QoL Compilation)","Replay The Spire","StSLib"],"gold_per_floor":[112,112,126,138,151,182,182,193,193,219,249,249,264,264,264,362,362,372,73,73,93,108,108,108,108,135,135,135,151,177,177,177,276,276,292,98,98,53,70,70,98,131,131,131,131,161,161,180,180,180,180],"floor_reached":50,"language":"ENG","playtime":1482,"items_purged":["Pain"],"score":865,"play_id":"17069c0c-53dc-405c-8972-8dd37394fe89","local_time":"20210202050211","is_ascension_mode":true,"campfire_choices":[{"floor":7,"key":"REST"},{"floor":12,"key":"REST"},{"floor":15,"key":"REST"},{"floor":23,"key":"REST"},{"floor":25,"key":"RECALL"},{"floor":28,"key":"REST"},{"floor":32,"key":"REST"},{"data":"Armaments","floor":40,"key":"SMITH"},{"floor":44,"key":"REST"},{"floor":49,"key":"REST"}],"circlet_count":0,"master_deck":["AscendersBane","Strike_R","Strike_R","Strike_R","Strike_R","Strike_R","Defend_R","Defend_R","Defend_R","Bash+1","Sword Boomerang","Body Slam","Fire Breathing","Cleave","ReplayTheSpireMod:Muscle Training","Perfected Strike","Impervious","Clothesline","Bludgeon","Sword Boomerang","Inflame","Disarm","Flame Barrier+1","ReplayTheSpireMod:Strike From Hell","Twin Strike","ReplayTheSpireMod:Brewmster","ReplayTheSpireMod:Uncanny Aura","Demon Form","Bash","Pommel Strike","ReplayTheSpireMod:LeadingStrike","Thunderclap","Fire Breathing+1","Reaper","Feel No Pain+1","Voices","Twin Strike","Armaments+1","Dropkick+1","ReplayTheSpireMod:Splinters","Metallicize+1","True Grit+1","Writhe","Pommel Strike+1","Replay:Parry","ReplayTheSpireMod:Limb From Limb"],"relics":["Burning Blood","FaceOfCleric","Art of War","Another Sword","Odd Mushroom","Blue Candle","Shuriken","SlaversCollar","BargainBundle","Lantern","Lizard Tail","WarpedTongs","Philosopher\u0027s Stone","ReplayTheSpireMod:CursedCoin","StrikeDummy","InkBottle","Golden Egg"],"acts_visited":["Exordium","TheCity","TheBeyond"],"potions_floor_usage":[6,10,16,21,30,46,46,46,50,50,50,50],"damage_taken":[{"damage":0,"enemies":"Small Slimes","floor":1,"turns":3},{"damage":1,"enemies":"Cultist","floor":3,"turns":3},{"damage":6,"enemies":"2 Louse","floor":4,"turns":3},{"damage":52,"enemies":"Exordium Wildlife","floor":5,"turns":7},{"damage":24,"enemies":"Gremlin Nob","floor":6,"turns":4},{"damage":8,"enemies":"Red Slaver","floor":8,"turns":3},{"damage":20,"enemies":"The Mushroom Lair","floor":10,"turns":4},{"damage":26,"enemies":"Lagavulin","floor":11,"turns":6},{"damage":40,"enemies":"Gremlin Gang","floor":13,"turns":4},{"damage":38,"enemies":"Slime Boss","floor":16,"turns":7},{"damage":26,"enemies":"Spheric Guardian","floor":18,"turns":5},{"damage":30,"enemies":"2 Thieves","floor":21,"turns":4},{"damage":47,"enemies":"Snake Plant","floor":22,"turns":5},{"damage":38,"enemies":"3 Cultists","floor":29,"turns":4},{"damage":29,"enemies":"Slavers","floor":30,"turns":3},{"damage":73,"enemies":"Automaton","floor":33,"turns":8},{"damage":25,"enemies":"3 Shapes","floor":35,"turns":4},{"damage":16,"enemies":"Orb Walker","floor":39,"turns":3},{"damage":64,"enemies":"Nemesis","floor":42,"turns":5},{"damage":84,"enemies":"Reptomancer","floor":46,"turns":6},{"damage":0,"enemies":"Sphere and 2 Shapes","floor":48,"turns":3},{"damage":93,"enemies":"Donu and Deca","floor":50,"turns":4}],"seed_played":"-7675931557908524840","potions_obtained":[{"floor":1,"key":"EssenceOfSteel"},{"floor":3,"key":"GamblersBrew"},{"floor":6,"key":"Regen Potion"},{"floor":11,"key":"FairyPotion"},{"floor":16,"key":"GamblersBrew"},{"floor":21,"key":"Strength Potion"},{"floor":33,"key":"Fire Potion"}],"is_trial":false,"path_per_floor":["M","?","M","M","M","E","R","M","T","?","E","R","M","T","R","B",null,"M","$","?","M","M","R","?","R","T","$","R","M","E","?","R","B",null,"M","$","?","$","M","R","?","E","T","R","?","E","?","M","R","B"],"character_chosen":"IRONCLAD","items_purchased":["BargainBundle","Inflame","Disarm","Flame Barrier+1","ReplayTheSpireMod:Strike From Hell","Twin Strike","ReplayTheSpireMod:Brewmster","ReplayTheSpireMod:Uncanny Aura","Regen Potion","ReplayTheSpireMod:CursedCoin","StrikeDummy","Twin Strike","Armaments"],"campfire_rested":8,"item_purchase_floors":[19,19,19,19,19,19,19,19,19,36,36,36,38],"current_hp_per_floor":[78,78,81,82,37,20,45,44,44,43,24,50,17,17,43,12,70,51,51,51,40,28,55,55,55,55,55,82,51,29,29,57,53,85,79,79,79,79,80,80,80,32,32,61,86,40,40,47,77,0,0],"gold":180,"neow_bonus":"UPGRADE_CARD","is_daily":false,"chose_seed":false,"campfire_upgraded":1,"win_rate":0.0,"timestamp":1612202531,"path_taken":["M","?","M","?","M","E","R","M","T","?","E","R","M","?","R","BOSS","M","$","?","M","?","R","?","R","T","?","R","M","E","?","R","BOSS","M","$","?","$","M","R","?","E","T","R","?","E","?","M","R","BOSS"],"items_purchased_type":["Relic","Card","Card","Card","Card","Card","Card","Card","Potion","Relic","Relic","Card","Card"],"build_version":"2020-12-22","purchased_purges":1,"victory":false,"max_hp_per_floor":[80,80,81,82,83,84,84,85,85,86,87,87,88,88,88,89,89,90,90,90,91,92,92,92,92,92,92,92,93,94,94,94,95,95,96,96,96,96,97,97,97,98,98,98,98,99,99,100,100,100,100],"card_choices":[{"not_picked":["Blood for Blood","Run Through"],"picked":"Sword Boomerang","floor":1},{"not_picked":["True Grit","Anger"],"picked":"Body Slam","floor":3},{"not_picked":["Hemokinesis","Body Slam"],"picked":"Fire Breathing","floor":4},{"not_picked":["Battle Trance","Burning Pact"],"picked":"Cleave","floor":5},{"not_picked":["Burning Pact","True Grit"],"picked":"ReplayTheSpireMod:Muscle Training","floor":6},{"not_picked":["Second Wind","Body Slam","Hemokinesis"],"picked":"SKIP","floor":8},{"not_picked":["Twin Strike","Wild Strike"],"picked":"Perfected Strike","floor":10},{"not_picked":["Havoc","ReplayTheSpireMod:Corrosion Curse"],"picked":"Impervious","floor":11},{"not_picked":["Flex","True Grit"],"picked":"Clothesline","floor":13},{"not_picked":["Demonic Infusion","Replay:Many Hands"],"picked":"Bludgeon","floor":16},{"not_picked":["Body Slam","Havoc+1"],"picked":"Sword Boomerang","floor":18},{"not_picked":["Carnage","Dark Embrace"],"picked":"Pommel Strike","floor":21},{"not_picked":["Cleave","Blood for Blood"],"picked":"ReplayTheSpireMod:LeadingStrike","floor":22},{"not_picked":["Perfected Strike+1","True Grit"],"picked":"Thunderclap","floor":29},{"not_picked":["Wild Strike","ReplayTheSpireMod:LeadingStrike"],"picked":"Fire Breathing+1","floor":30},{"not_picked":["Immolate","Exhume"],"picked":"Reaper","floor":33},{"not_picked":["Perfected Strike+1","Run Through"],"picked":"Feel No Pain+1","floor":35},{"not_picked":["Twin Strike+1","Iron Wave"],"picked":"Dropkick+1","floor":39},{"not_picked":["Warcry+1","Inflame+1"],"picked":"Metallicize+1","floor":41},{"not_picked":["Corruption","Clash"],"picked":"True Grit+1","floor":42},{"not_picked":["Wild Strike+1","Cleave"],"picked":"Pommel Strike+1","floor":46},{"not_picked":["Clash+1","Clothesline"],"picked":"ReplayTheSpireMod:Limb From Limb","floor":48}],"player_experience":799500,"relics_obtained":[{"floor":6,"key":"Art of War"},{"floor":9,"key":"Another Sword"},{"floor":10,"key":"Odd Mushroom"},{"floor":11,"key":"Blue Candle"},{"floor":14,"key":"Shuriken"},{"floor":26,"key":"Lantern"},{"floor":30,"key":"Lizard Tail"},{"floor":42,"key":"InkBottle"},{"floor":46,"key":"Golden Egg"}],"event_choices":[{"damage_healed":0,"gold_gain":0,"player_choice":"Trade","damage_taken":0,"relics_obtained":["FaceOfCleric"],"max_hp_gain":0,"max_hp_loss":0,"event_name":"FaceTrader","floor":2,"gold_loss":0},{"damage_healed":0,"gold_gain":0,"player_choice":"Fought Mushrooms","damage_taken":0,"max_hp_gain":0,"max_hp_loss":0,"event_name":"Mushrooms","floor":10,"gold_loss":0},{"damage_healed":0,"gold_gain":0,"player_choice":"2 cards matched","damage_taken":0,"max_hp_gain":0,"max_hp_loss":0,"event_name":"Match and Keep!","floor":20,"gold_loss":0,"cards_obtained":["Demon Form","Bash"]},{"damage_healed":0,"gold_gain":0,"player_choice":"Bought 0 Potions","damage_taken":0,"max_hp_gain":0,"max_hp_loss":0,"event_name":"The Woman in Blue","floor":24,"gold_loss":0},{"damage_healed":0,"gold_gain":0,"player_choice":"Rummage","damage_taken":0,"relics_obtained":["WarpedTongs"],"max_hp_gain":0,"max_hp_loss":0,"event_name":"Accursed Blacksmith","floor":31,"gold_loss":0,"cards_obtained":["Pain"]},{"cards_removed":["Defend_R"],"damage_healed":0,"gold_gain":0,"player_choice":"Removed Skill","damage_taken":0,"max_hp_gain":0,"max_hp_loss":0,"event_name":"Falling","floor":37,"gold_loss":0},{"damage_healed":25,"gold_gain":0,"player_choice":"Writhe","damage_taken":0,"max_hp_gain":0,"max_hp_loss":0,"event_name":"Winding Halls","floor":45,"gold_loss":0,"cards_obtained":["Writhe"]},{"damage_healed":0,"gold_gain":0,"player_choice":"Random: Orange","damage_taken":0,"max_hp_gain":0,"max_hp_loss":0,"event_name":"betterThird:BetterPortal","floor":47,"gold_loss":0},{"damage_healed":0,"gold_gain":0,"player_choice":"1 cards matched","damage_taken":0,"max_hp_gain":0,"max_hp_loss":0,"event_name":"Match and Keep!","floor":47,"gold_loss":0,"cards_obtained":["Replay:Parry"]}],"is_beta":false,"boss_relics":[{"not_picked":["Black Star","Kintsugi"],"picked":"SlaversCollar"},{"not_picked":["Replay:Drink Me","Runic Pyramid"],"picked":"Philosopher\u0027s Stone"}],"items_purged_floors":[36],"is_endless":false,"potions_floor_spawned":[1,3,6,11,16,18,21,33,39,42,46],"killed_by":"Donu and Deca","ascension_level":11}}