{"host":"syozzdlzcqop4jia","time":1612212857,"event":{"mods":["BaseMod","Colored Map","Colored Powertips","Minty Spire (QoL Compilation)","Quick Restart"],"gold_per_floor":[114,189,189,214,214,214,230,230,254,254,272,308,329,400,400,400,400],"floor_reached":16,"language":"ENG","playtime":645,"items_purged":[],"score":120,"play_id":"a1ef45ca-d91d-419b-866b-5b5a41e727f5","local_time":"20210201215417","is_ascension_mode":true,"campfire_choices":[{"data":"Sword Boomerang","floor":6,"key":"SMITH"},{"data":"Thunderclap","floor":8,"key":"SMITH"},{"floor":10,"key":"REST"},{"floor":15,"key":"REST"}],"circlet_count":0,"master_deck":["Strike_R","Strike_R+1","Strike_R","Strike_R","Strike_R+1","Defend_R","Defend_R","Defend_R","Defend_R","Bash","Seeing Red+1","Sword Boomerang+1","Thunderclap+1","Wild Strike","Anger"],"relics":["Burning Blood","Golden Idol","Whetstone","Tiny Chest"],"acts_visited":["Exordium"],"potions_floor_usage":[],"damage_taken":[{"damage":1,"enemies":"Cultist","floor":1,"turns":4},{"damage":13,"enemies":"Jaw Worm","floor":4,"turns":4},{"damage":1,"enemies":"2 Louse","floor":7,"turns":2},{"damage":25,"enemies":"Large Slime","floor":11,"turns":5},{"damage":50,"enemies":"3 Sentries","floor":12,"turns":8},{"damage":4,"enemies":"3 Louse","floor":13,"turns":2},{"damage":45,"enemies":"Hexaghost","floor":16,"turns":8}],"seed_played":"3419225628774813427","potions_obtained":[{"floor":4,"key":"BlessingOfTheForge"},{"floor":7,"key":"Dexterity Potion"},{"floor":12,"key":"FearPotion"}],"is_trial":false,"path_per_floor":["M","?","?","M","?","R","M","R","T","R","M","E","M","?","R","B"],"character_chosen":"IRONCLAD","items_purchased":[],"campfire_rested":2,"item_purchase_floors":[],"current_hp_per_floor":[88,77,55,48,48,48,53,53,53,79,60,16,18,18,44,0,0],"gold":400,"neow_bonus":"TEN_PERCENT_HP_BONUS","is_daily":false,"chose_seed":false,"campfire_upgraded":2,"win_rate":0.0,"timestamp":1612212857,"path_taken":["M","?","?","M","?","R","M","R","T","R","M","E","M","?","R","BOSS"],"items_purchased_type":[],"build_version":"2020-12-22","purchased_purges":0,"victory":false,"max_hp_per_floor":[88,88,88,88,88,88,88,88,88,88,88,88,88,88,88,88,88],"card_choices":[{"not_picked":["Wild Strike","True Grit"],"picked":"Seeing Red","floor":1},{"not_picked":["Fire Breathing","True Grit"],"picked":"Sword Boomerang","floor":4},{"not_picked":["Sever Soul","Body Slam"],"picked":"Thunderclap","floor":7},{"not_picked":["Twin Strike","Body Slam"],"picked":"Wild Strike","floor":11},{"not_picked":["Heavy Blade","Bloodletting"],"picked":"Anger","floor":12},{"not_picked":["Whirlwind","Body Slam","Metallicize"],"picked":"SKIP","floor":13}],"player_experience":496801,"relics_obtained":[{"floor":9,"key":"Whetstone"},{"floor":12,"key":"Tiny Chest"}],"event_choices":[{"damage_healed":0,"gold_gain":75,"player_choice":"Gather Gold","damage_taken":11,"max_hp_gain":0,"max_hp_loss":0,"event_name":"World of Goop","floor":2,"gold_loss":0},{"damage_healed":0,"gold_gain":0,"player_choice":"Take Damage","damage_taken":22,"relics_obtained":["Golden Idol"],"max_hp_gain":0,"max_hp_loss":0,"event_name":"Golden Idol","floor":3,"gold_loss":0},{"damage_healed":0,"gold_gain":0,"player_choice":"Grow","damage_taken":0,"max_hp_gain":0,"max_hp_loss":0,"event_name":"Living Wall","floor":5,"gold_loss":0,"cards_upgraded":["Seeing Red"]},{"damage_healed":0,"gold_gain":71,"player_choice":"Gained Gold","damage_taken":0,"max_hp_gain":0,"max_hp_loss":0,"event_name":"Golden Wing","floor":14,"gold_loss":0}],"is_beta":false,"boss_relics":[],"items_purged_floors":[],"is_endless":false,"potions_floor_spawned":[4,7,12],"killed_by":"Hexaghost","ascension_level":4}}