{"host":"u6v0z43xi4vbzvq3","time":1612163127,"event":{"mods":["BaseMod","Beaked The Cultist","Colored Map","Downfall","Duelist Mod","Googly Eyes","Highlight Path","Hubris","Infinite Spire","Minty Spire (QoL Compilation)","Replay The Spire","Shop Mod","StSLib","SuperFastMode"],"gold_per_floor":[116,116,291,303,147,174,134,146,170,170,180,98,98,98,98,200,200,214,214,49,60,87,87,102,102,102,102,151,3,3,23,23,127,127,147,147,197,197,197,197,49,78,78,78,95,59,59,59,59,59],"floor_reached":51,"language":"ENG","playtime":2065,"items_purged":[],"score":1065,"play_id":"92bcebcb-f30c-46ba-980e-bac8922e2f19","local_time":"20210201180527","daily_mods":["SealedDeck","Hoarder","Heirloom","Flight"],"is_ascension_mode":false,"campfire_choices":[{"floor":13,"key":"REST"},{"floor":15,"key":"DIG"},{"floor":23,"key":"REST"},{"floor":32,"key":"REST"},{"floor":40,"key":"REST"}],"circlet_count":0,"master_deck":["Flame Barrier","Flame Barrier","Flame Barrier","Thunderclap","Thunderclap","Thunderclap","Cleave","Cleave","Cleave","Sword Boomerang","Sword Boomerang+1","Sword Boomerang","Sword Boomerang","Sword Boomerang","Sword Boomerang","Thunderclap","Thunderclap","Thunderclap","Metallicize","Metallicize","Metallicize","Pommel Strike","Pommel Strike","Pommel Strike","Anger","Anger","Anger","Anger","Anger","Anger","hubris:CleavingFinish","hubris:CleavingFinish","hubris:CleavingFinish","Doubt","Doubt","Doubt","Clothesline","Clothesline","Clothesline","Dual Wield","Dual Wield","Dual Wield","Reaper","Reaper","Twin Strike","Twin Strike","Twin Strike","Rupture","Rupture","Rupture","Feed+1","Feed","Feed","Perfected Strike","Perfected Strike","Perfected Strike","Doubt","Doubt","Doubt","Fire Breathing","Fire Breathing","Fire Breathing","Flex+1","Flex+1","Flex+1","Inflame+1","Inflame+1","Inflame+1","Inflame","Inflame","Inflame","Limit Break","Limit Break","Limit Break","Perfected Strike+1","Perfected Strike","Perfected Strike","Heavy Blade+1","Heavy Blade+1","Heavy Blade+1","True Grit","True Grit","True Grit","Trip","Trip","Trip","Feel No Pain+1","Feel No Pain+1","Feel No Pain+1","Armaments","Armaments","Armaments","Bludgeon","Bludgeon","Bludgeon"],"relics":["m_DevilBlood","Pondfish Scales","infinitespire:Cubic Diamond","Toolbox","Boot","hubris:ToyBattleship","Ornamental Fan","Replay:Mystery Machine","Runic Pyramid","infinitespire:BottledMercury","Membership Card","Replay:Rubber Ducky","infinitespire:FocusingShard","Anchor","Bronze Scales","Shuriken","beaked:SacredDeck","Sozu","Peace Pipe","StoneCalendar","Orichalcum","Lantern","Whetstone","PreservedInsect","Juzu Bracelet"],"acts_visited":["Exordium","TheCity","TheBeyond"],"potions_floor_usage":[6,16,16,16,37,50],"damage_taken":[{"damage":10,"enemies":"Small Slimes","floor":1,"turns":2},{"damage":6,"enemies":"Jaw Worm","floor":4,"turns":4},{"damage":10,"enemies":"Gremlin Nob","floor":6,"turns":3},{"damage":3,"enemies":"2 Louse","floor":8,"turns":2},{"damage":3,"enemies":"Exordium Thugs","floor":11,"turns":3},{"damage":4,"enemies":"Hexaghost","floor":16,"turns":8},{"damage":22,"enemies":"Shell Parasite","floor":18,"turns":6},{"damage":3,"enemies":"3 Byrds","floor":21,"turns":3},{"damage":11,"enemies":"Centurion and Healer","floor":24,"turns":3},{"damage":26,"enemies":"Snecko","floor":31,"turns":4},{"damage":77,"enemies":"Champ","floor":33,"turns":8},{"damage":25,"enemies":"3 Darklings","floor":35,"turns":4},{"damage":29,"enemies":"Mind Bloom Boss Battle","floor":37,"turns":3},{"damage":52,"enemies":"Reptomancer","floor":42,"turns":4},{"damage":4,"enemies":"3 Shapes","floor":45,"turns":2},{"damage":53,"enemies":"Time Eater","floor":50,"turns":9}],"seed_played":"-7862517969977193458","potions_obtained":[{"floor":4,"key":"ColorlessPotion"},{"floor":7,"key":"Languid Potion"},{"floor":7,"key":"LiquidMemories"},{"floor":7,"key":"Swift Potion"},{"floor":16,"key":"Elixir"},{"floor":24,"key":"Block Potion"},{"floor":31,"key":"Slimebound:ThreeZeroPotion"}],"is_trial":true,"path_per_floor":["M","?","?","M","$","E","?","M","T","T","M","$","R","$","R_BF","B",null,"M","?","$","M","T","R","M","?","T","$","T","$","?","M","R","B",null,"M","AVR","?","?","?","R","$","E","T","$","M","$","T","?","R_BF","B",null],"character_chosen":"IRONCLAD","items_purchased":["Toolbox","Rupture","Membership Card","Fire Breathing","Anchor","Shuriken","Inflame+1","Orichalcum","Lantern","Bludgeon"],"campfire_rested":4,"item_purchase_floors":[5,12,20,20,27,29,29,41,41,46],"current_hp_per_floor":[76,76,76,70,70,60,60,57,57,57,54,54,78,78,78,74,80,61,61,61,68,68,83,72,72,72,62,62,62,53,27,51,4,86,61,61,32,32,96,96,96,48,48,48,44,44,44,47,76,27],"gold":59,"neow_bonus":"","is_daily":false,"chose_seed":false,"campfire_upgraded":0,"win_rate":0.0,"timestamp":1612163127,"path_taken":["M","?","?","M","$","E","?","?","T","?","?","?","R","$","R_BF","BOSS","M","?","$","?","?","R","?","?","T","?","?","$","?","?","R","BOSS","M","AVR","?","?","?","R","$","E","T","$","?","?","?","?","R_BF","BOSS"],"items_purchased_type":["Relic","Card","Relic","Card","Relic","Relic","Card","Relic","Relic","Card"],"build_version":"2020-12-22","purchased_purges":0,"victory":true,"max_hp_per_floor":[80,80,80,80,80,80,80,80,80,80,80,80,80,80,80,80,80,83,83,83,83,83,83,83,83,83,83,83,83,83,83,83,86,86,86,86,86,86,96,96,96,96,96,96,96,96,96,99,99,103],"card_choices":[{"not_picked":["Headbutt","Life Link"],"picked":"hubris:CleavingFinish","floor":1},{"not_picked":["Run Through","hexamod:Hexaguard"],"picked":"Clothesline","floor":4},{"not_picked":["Life Link","ReplayTheSpireMod:Limb From Limb"],"picked":"Dual Wield","floor":6},{"not_picked":["Carnage","hexamod:Hexaguard"],"picked":"Reaper","floor":8},{"not_picked":["Rage","Whirlwind"],"picked":"Twin Strike","floor":11},{"not_picked":["Immolate","Hemogenesis"],"picked":"Feed","floor":16},{"not_picked":["Clothesline","Headbutt"],"picked":"Perfected Strike","floor":18},{"not_picked":["Cleave","Rampage"],"picked":"Flex+1","floor":21},{"not_picked":["Clothesline+1","Ghostly Armor","Warcry"],"picked":"SKIP","floor":24},{"not_picked":["ReplayTheSpireMod:Stacked+1","Headbutt+1"],"picked":"Inflame","floor":31},{"not_picked":["Exhume","Demonic Infusion"],"picked":"Limit Break","floor":33},{"not_picked":["Shrug It Off","Massacre+1"],"picked":"Heavy Blade+1","floor":35},{"not_picked":["Rampage+1","Cleave+1"],"picked":"True Grit","floor":37},{"not_picked":["Dark Shackles","HandOfGreed"],"picked":"Trip","floor":38},{"not_picked":["Disarm","Clothesline+1"],"picked":"Feel No Pain+1","floor":42},{"not_picked":["hubris:ReadiedAction","Clash"],"picked":"Armaments","floor":45}],"player_experience":115170,"relics_obtained":[{"floor":6,"key":"Boot"},{"floor":9,"key":"hubris:ToyBattleship"},{"floor":10,"key":"Ornamental Fan"},{"floor":15,"key":"Replay:Mystery Machine"},{"floor":22,"key":"Replay:Rubber Ducky"},{"floor":26,"key":"infinitespire:FocusingShard"},{"floor":28,"key":"Bronze Scales"},{"floor":37,"key":"StoneCalendar"},{"floor":42,"key":"Whetstone"},{"floor":43,"key":"PreservedInsect"},{"floor":47,"key":"Juzu Bracelet"}],"event_choices":[{"damage_healed":0,"gold_gain":175,"player_choice":"AGREE","damage_taken":0,"max_hp_gain":0,"max_hp_loss":0,"event_name":"Liars Game","floor":3,"gold_loss":0,"cards_obtained":["Doubt"]},{"damage_healed":0,"gold_gain":0,"player_choice":"Bought 3 Potions","damage_taken":0,"max_hp_gain":0,"max_hp_loss":0,"event_name":"The Woman in Blue","floor":7,"gold_loss":0},{"damage_healed":0,"gold_gain":0,"player_choice":"Stopped","damage_taken":9,"max_hp_gain":0,"max_hp_loss":0,"event_name":"Cursed Tome","floor":30,"gold_loss":0},{"damage_healed":0,"gold_gain":0,"player_choice":"Fight","damage_taken":0,"max_hp_gain":0,"max_hp_loss":0,"event_name":"MindBloom","floor":37,"gold_loss":0},{"damage_healed":0,"gold_gain":0,"player_choice":"Memory 1","damage_taken":0,"max_hp_gain":0,"max_hp_loss":0,"event_name":"SensoryStone","floor":38,"gold_loss":0},{"cards_removed":["Reaper"],"damage_healed":54,"gold_gain":0,"player_choice":"Offered Rare","damage_taken":0,"max_hp_gain":10,"max_hp_loss":0,"event_name":"Bonfire Elementals","floor":39,"gold_loss":0}],"is_beta":false,"boss_relics":[{"not_picked":["Abe\u0027s Treasure","Snecko Heart"],"picked":"Runic Pyramid"},{"not_picked":["Ooze Armor","beaked:MawFillet"],"picked":"beaked:SacredDeck"}],"items_purged_floors":[],"is_endless":false,"potions_floor_spawned":[4,11,16,24,31,35,37,45],"ascension_level":0}}