{"host":"8u7tvcybuv0u72fd","time":1612143020,"event":{"mods":["BaseMod","BetterRewards","Colored Map","Colored Powertips","Minty Spire (QoL Compilation)","Quick Restart","Shop Mod"],"gold_per_floor":[109,74,74,74,88,88,108,147,172,347,386,41,56,92,92,221,221,234,234,234,91,134,134,153,172,172,185,185,185,185,224,224,349,349,367,388,7,7,7,7,51,51,51,384,415,427,444,204,204,204,204,204,12,46,46],"floor_reached":56,"language":"ENG","playtime":2875,"items_purged":["Defend_R","Strike_R"],"score":1714,"play_id":"fa0d3ee6-b1c2-4f3a-a6f9-02714b47815d","local_time":"20210131203019","is_ascension_mode":false,"campfire_choices":[{"data":"Bash","floor":6.0,"key":"SMITH"},{"data":"Shrug It Off","floor":15.0,"key":"SMITH"},{"data":"Defend_R","floor":23.0,"key":"SMITH"},{"data":"Defend_R","floor":28.0,"key":"SMITH"},{"data":"Defend_R","floor":29.0,"key":"SMITH"},{"floor":32.0,"key":"RECALL"},{"floor":40,"key":"REST"},{"floor":42,"key":"REST"},{"floor":49,"key":"REST"},{"floor":52,"key":"REST"}],"circlet_count":0,"master_deck":["Strike_R","Strike_R","Strike_R","Defend_R+1","Defend_R+1","Defend_R+1","Bash+1","Shrug It Off+1","Sword Boomerang+1","Dropkick+1","Cleave+1","Battle Trance+1","Juggernaut+1","Body Slam+1","Necronomicurse","Metallicize+1","True Grit+1","Barricade+1","Impervious+1","Headbutt+1","Offering+1","Madness+1","Blind+1","Thinking Ahead+1","Entrench+1","Flame Barrier+1","Parasite","Mind Blast+1","Iron Wave+1"],"relics":["Burning Blood","PreservedInsect","Juzu Bracelet","HandDrill","Molten Egg 2","Blue Candle","Frozen Egg 2","MealTicket","Bronze Scales","Toxic Egg 2","Necronomicon","Bag of Preparation","Red Mask","Dream Catcher","White Beast Statue","MutagenicStrength","Dead Branch","Fusion Hammer","Membership Card","Lizard Tail","MerchantsRug","Pen Nib","Blood Vial","Centennial Puzzle","Potion Belt","Shuriken","Ice Cream","HornCleat","Akabeko"],"acts_visited":["Exordium","TheCity","TheBeyond","TheEnding"],"potions_floor_usage":[55,55,55,55,55,55,55,55,55,55],"damage_taken":[{"damage":1.0,"enemies":"Jaw Worm","floor":1.0,"turns":4.0},{"damage":7.0,"enemies":"Small Slimes","floor":5.0,"turns":3.0},{"damage":7.0,"enemies":"2 Louse","floor":7.0,"turns":2.0},{"damage":12.0,"enemies":"3 Sentries","floor":8.0,"turns":6.0},{"damage":13.0,"enemies":"Gremlin Nob","floor":11.0,"turns":4.0},{"damage":1.0,"enemies":"2 Fungi Beasts","floor":13.0,"turns":3.0},{"damage":4.0,"enemies":"3 Sentries","floor":14.0,"turns":4.0},{"damage":13.0,"enemies":"Hexaghost","floor":16.0,"turns":8.0},{"damage":6.0,"enemies":"Shell Parasite","floor":18.0,"turns":4.0},{"damage":20.0,"enemies":"Masked Bandits","floor":22.0,"turns":4.0},{"damage":0.0,"enemies":"3 Byrds","floor":24.0,"turns":4.0},{"damage":5.0,"enemies":"Snecko","floor":25.0,"turns":3.0},{"damage":2.0,"enemies":"Chosen and Byrds","floor":27.0,"turns":4.0},{"damage":4.0,"enemies":"Book of Stabbing","floor":31.0,"turns":3.0},{"damage":41.0,"enemies":"Collector","floor":33.0,"turns":11.0},{"damage":6.0,"enemies":"3 Darklings","floor":35.0,"turns":4.0},{"damage":4.0,"enemies":"3 Shapes","floor":36.0,"turns":5.0},{"damage":0,"enemies":"Nemesis","floor":41,"turns":5},{"damage":15,"enemies":"Giant Head","floor":45,"turns":5},{"damage":6,"enemies":"Writhing Mass","floor":46,"turns":4},{"damage":6,"enemies":"4 Shapes","floor":47,"turns":4},{"damage":20,"enemies":"Awakened One","floor":50,"turns":10},{"damage":9,"enemies":"Shield and Spear","floor":54,"turns":4},{"damage":6,"enemies":"The Heart","floor":55,"turns":8}],"seed_played":"-2455271151274913298","potions_obtained":[{"floor":1.0,"key":"Block Potion"},{"floor":5.0,"key":"EntropicBrew"},{"floor":11.0,"key":"SmokeBomb"},{"floor":14.0,"key":"Weak Potion"},{"floor":16.0,"key":"Energy Potion"},{"floor":24.0,"key":"Energy Potion"},{"floor":27.0,"key":"BloodPotion"},{"floor":41,"key":"Swift Potion"},{"floor":45,"key":"Block Potion"},{"floor":46,"key":"LiquidMemories"},{"floor":47,"key":"CultistPotion"}],"is_trial":false,"path_per_floor":["M","?","?","?","M","R","M","E","T","?","E","$","M","E","R","B",null,"M","?","?","$","?","R","M","M","T","M","R","R","?","E","R","B",null,"M","M","$","?","?","R","E","R","T","?","E","M","M","$","R","B",null,"R","$","E","B",null],"character_chosen":"IRONCLAD","items_purchased":["PreservedInsect","Juzu Bracelet","HandDrill","Shrug It Off","Molten Egg 2","Blue Candle","Frozen Egg 2","Sword Boomerang+1","Matryoshka","Bag of Preparation","Membership Card","Lizard Tail","MerchantsRug","Offering+1","Potion Belt","Shuriken","Mind Blast+1","Ice Cream","HornCleat","Explosive Potion","PowerPotion"],"campfire_rested":4,"item_purchase_floors":[0,0,0,0,0,0,0,0,12,21,37,37,37,37,48,48,48,53,53,53,53],"current_hp_per_floor":[37,57,57,50,49,49,48,42,42,42,35,50,55,57,57,50,80,80,64,64,79,65,65,71,72,72,76,76,76,76,78,78,43,80,80,80,80,70,70,80,80,80,80,80,71,73,75,80,80,66,80,80,80,77,79],"gold":46,"neow_bonus":"","is_daily":false,"chose_seed":false,"campfire_upgraded":5,"win_rate":0.0,"timestamp":1612143019,"path_taken":["M","?","?","?","M","R","M","E","T","?","E","?","M","E","R","BOSS","M","?","?","?","?","R","M","M","T","M","R","R","?","E","R","BOSS","M","M","$","?","?","R","E","R","T","?","E","M","M","$","R","BOSS","R","$","E","BOSS"],"items_purchased_type":["Relic","Relic","Relic","Card","Relic","Relic","Relic","Card","Relic","Relic","Relic","Relic","Relic","Card","Relic","Relic","Card","Relic","Relic","Potion","Potion"],"build_version":"2020-12-22","purchased_purges":2,"victory":true,"max_hp_per_floor":[80,80,80,80,80,80,80,80,80,80,80,80,80,80,80,80,80,80,80,80,80,80,80,80,80,80,80,80,80,80,80,80,80,80,80,80,80,80,80,80,80,80,80,80,80,80,80,80,80,80,80,80,80,80,80],"card_choices":[{"not_picked":["True Grit","Warcry","Havoc"],"picked":"SKIP","floor":1.0},{"not_picked":["Second Wind","Dark Embrace+1"],"picked":"Dropkick+1","floor":5.0},{"not_picked":["Dark Embrace+1","Havoc"],"picked":"Iron Wave+1","floor":7.0},{"not_picked":["Perfected Strike+1","Rupture+1","Infernal Blade"],"picked":"SKIP","floor":8.0},{"not_picked":["Impervious+1","Sword Boomerang+1"],"picked":"Cleave+1","floor":11.0},{"not_picked":["Burning Pact+1","Ghostly Armor+1"],"picked":"Battle Trance+1","floor":13.0},{"not_picked":["Dark Embrace+1","Carnage+1","Havoc+1"],"picked":"SKIP","floor":14.0},{"not_picked":["Reaper+1","Limit Break+1"],"picked":"Juggernaut+1","floor":16.0},{"not_picked":["Anger+1","Heavy Blade+1"],"picked":"Body Slam+1","floor":18.0},{"not_picked":["Iron Wave+1","Reckless Charge+1"],"picked":"Metallicize+1","floor":22.0},{"not_picked":["Armaments+1","Headbutt+1"],"picked":"True Grit+1","floor":24.0},{"not_picked":["Burning Pact+1","Sword Boomerang+1","Sentinel+1"],"picked":"SKIP","floor":25.0},{"not_picked":["Armaments+1","Heavy Blade+1","Battle Trance+1"],"picked":"SKIP","floor":27.0},{"not_picked":["Bloodletting+1","Shrug It Off+1"],"picked":"Barricade+1","floor":31.0},{"not_picked":["Juggernaut+1","Exhume+1"],"picked":"Impervious+1","floor":33.0},{"not_picked":["Blood for Blood+1","Clothesline+1","Intimidate+1"],"picked":"SKIP","floor":35.0},{"not_picked":["Sword Boomerang+1","Clothesline+1"],"picked":"Headbutt+1","floor":36.0},{"not_picked":["Jack Of All Trades+1","Master of Strategy+1"],"picked":"Madness+1","floor":38},{"not_picked":["Secret Weapon+1","Thinking Ahead+1"],"picked":"Blind+1","floor":38},{"not_picked":["Purity+1","Panache+1"],"picked":"Thinking Ahead+1","floor":38},{"not_picked":["Power Through+1","True Grit+1"],"picked":"Entrench+1","floor":40},{"not_picked":["Body Slam+1","Cleave+1","Evolve+1"],"picked":"SKIP","floor":41},{"not_picked":["Fiend Fire+1","Uppercut+1"],"picked":"Flame Barrier+1","floor":45},{"not_picked":["Metallicize+1","Anger+1","Heavy Blade+1"],"picked":"SKIP","floor":46},{"not_picked":["Cleave+1","Dark Embrace+1","Bloodletting+1"],"picked":"SKIP","floor":47},{"not_picked":["Thunderclap+1","Rupture+1"],"picked":"Iron Wave+1","floor":49},{"not_picked":["Hemokinesis+1","Thunderclap+1","Reckless Charge+1"],"picked":"SKIP","floor":54}],"player_experience":1467113,"relics_obtained":[{"floor":8.0,"key":"MealTicket"},{"floor":9.0,"key":"Bronze Scales"},{"floor":11.0,"key":"Toxic Egg 2"},{"floor":14.0,"key":"WingedGreaves"},{"floor":19.0,"key":"Necronomicon"},{"floor":22.0,"key":"Red Mask"},{"floor":26.0,"key":"Dream Catcher"},{"floor":26.0,"key":"White Beast Statue"},{"floor":31.0,"key":"Dead Branch"},{"floor":41,"key":"Pen Nib"},{"floor":43,"key":"Blood Vial"},{"floor":45,"key":"Centennial Puzzle"},{"floor":54,"key":"Akabeko"}],"event_choices":[{"damage_healed":20.0,"max_hp_gain":0.0,"max_hp_loss":0.0,"gold_gain":0.0,"event_name":"The Cleric","player_choice":"Healed","floor":2.0,"gold_loss":35.0,"damage_taken":0.0},{"damage_healed":0.0,"max_hp_gain":0.0,"max_hp_loss":0.0,"gold_gain":0.0,"event_name":"Golden Idol","player_choice":"Take Wound","floor":3.0,"gold_loss":0.0,"damage_taken":0.0,"relics_obtained":["Golden Idol"],"cards_obtained":["Injury"]},{"cards_removed":["Injury"],"damage_healed":0.0,"max_hp_gain":0.0,"max_hp_loss":0.0,"gold_gain":0.0,"event_name":"Golden Wing","player_choice":"Card Removal","floor":4.0,"gold_loss":0.0,"damage_taken":7.0},{"damage_healed":0.0,"max_hp_gain":0.0,"max_hp_loss":0.0,"gold_gain":175.0,"event_name":"Liars Game","player_choice":"AGREE","floor":10.0,"gold_loss":0.0,"damage_taken":0.0,"cards_obtained":["Doubt"]},{"damage_healed":0.0,"max_hp_gain":0.0,"max_hp_loss":0.0,"gold_gain":0.0,"event_name":"Cursed Tome","player_choice":"Obtained Book","floor":19.0,"gold_loss":0.0,"damage_taken":16.0},{"damage_healed":0.0,"max_hp_gain":0.0,"max_hp_loss":0.0,"gold_gain":0.0,"event_name":"Beggar","player_choice":"Ignored","floor":20.0,"gold_loss":0.0,"damage_taken":0.0},{"damage_healed":0.0,"max_hp_gain":0.0,"max_hp_loss":0.0,"gold_gain":0.0,"event_name":"Masked Bandits","player_choice":"Fought Bandits","floor":22.0,"gold_loss":0.0,"damage_taken":0.0},{"damage_healed":0.0,"max_hp_gain":0.0,"max_hp_loss":0.0,"gold_gain":0.0,"event_name":"Drug Dealer","player_choice":"Inject Mutagens","floor":30.0,"gold_loss":0.0,"damage_taken":0.0,"relics_obtained":["MutagenicStrength"]},{"damage_healed":0,"gold_gain":0,"player_choice":"Memory 3","damage_taken":10,"max_hp_gain":0,"max_hp_loss":0,"event_name":"SensoryStone","floor":38,"gold_loss":0},{"cards_removed":["Iron Wave"],"damage_healed":0,"gold_gain":0,"player_choice":"Removed Attack","damage_taken":0,"max_hp_gain":0,"max_hp_loss":0,"event_name":"Falling","floor":39,"gold_loss":0},{"damage_healed":0,"gold_gain":333,"player_choice":"Gave Idol","damage_taken":0,"max_hp_gain":0,"max_hp_loss":0,"event_name":"The Moai Head","floor":44,"relics_lost":["Golden Idol"],"gold_loss":0}],"is_beta":false,"boss_relics":[{"not_picked":["Calling Bell","Ectoplasm"],"picked":"Empty Cage"},{"not_picked":["Astrolabe","Mark of Pain"],"picked":"Fusion Hammer"}],"items_purged_floors":[0,12],"is_endless":false,"potions_floor_spawned":[1,5,11,14,16,24,27,31,33,35,36,41,45,46,47,54],"ascension_level":0}}