{"host":"l2kmo5ss1fnqnmvo","time":1612196331,"event":{"mods":["BaseMod","Colored Powertips","Decade(王小明)","Lobotomy","Minty Spire (QoL Compilation)","Reimu（博丽灵梦）","WarShipGirlsR/战舰少女R mod"],"gold_per_floor":[117,117,130,146,162,162,162,162,162],"floor_reached":8,"language":"ZHS","playtime":478,"items_purged":[],"score":48,"play_id":"4953a63e-e903-4824-8dcc-55da7e89350a","local_time":"20210202011851","is_ascension_mode":false,"campfire_choices":[{"floor":7,"key":"REST"}],"circlet_count":0,"master_deck":["Decade_Attack","Decade_Attack","Decade_Attack","Decade_Attack","KamenRide","Decade_SpecialSkill","Decade_Defend","Decade_Defend","Decade_Defend","Decade_Defend","DragClaw","KamenRideDecade+1","DragShield","RideBooker_Skill_2","RideBooker_Skill_1","DragShield","UnarmedAttack3","Injury"],"relics":["Decadriver","TOEIDeficitBill","Girya","Golden Idol"],"acts_visited":["Exordium"],"potions_floor_usage":[],"damage_taken":[{"damage":9,"enemies":"2 Louse","floor":1,"turns":3},{"damage":0,"enemies":"Cultist","floor":3,"turns":3},{"damage":6,"enemies":"Jaw Worm","floor":4,"turns":4},{"damage":16,"enemies":"Looter","floor":5,"turns":4},{"damage":47,"enemies":"Gremlin Nob","floor":8,"turns":5}],"seed_played":"-8964242841724662343","potions_obtained":[{"floor":1,"key":"DistilledChaos"},{"floor":3,"key":"Block Potion"}],"is_trial":false,"path_per_floor":["M","?","M","M","M","?","R","E"],"character_chosen":"Decade","items_purchased":[],"campfire_rested":1,"item_purchase_floors":[],"current_hp_per_floor":[40,40,40,34,18,18,39,0,0],"gold":162,"neow_bonus":"ONE_RARE_RELIC","is_daily":false,"chose_seed":false,"campfire_upgraded":0,"win_rate":0.0,"timestamp":1612196331,"path_taken":["M","?","M","M","M","?","R","E"],"items_purchased_type":[],"build_version":"2020-12-22","purchased_purges":0,"victory":false,"max_hp_per_floor":[70,70,70,70,70,70,70,70,70],"card_choices":[{"not_picked":["DenO_Sword","KamenRideKabuto"],"picked":"DragClaw","floor":1},{"not_picked":["RideBooker_Skill_1","FormRideGaruru"],"picked":"KamenRideDecade","floor":1},{"not_picked":["UnarmedAttack7","FormRideBasshaa"],"picked":"DragShield","floor":3},{"not_picked":["PrometheusPower","FormRideTitan","KamenRideKabuto"],"picked":"SKIP","floor":3},{"not_picked":["DragShield","AttackRide"],"picked":"RideBooker_Skill_2","floor":4},{"not_picked":["Blade_Kick","FormRideTitan"],"picked":"RideBooker_Skill_1","floor":4},{"not_picked":["Decade_Dash2","Blade_Beat"],"picked":"DragShield","floor":5},{"not_picked":["FormRideDogga","DenO_Gun"],"picked":"UnarmedAttack3","floor":5}],"player_experience":588428,"relics_obtained":[],"event_choices":[{"damage_healed":0,"gold_gain":0,"player_choice":"Grow","damage_taken":0,"max_hp_gain":0,"max_hp_loss":0,"event_name":"Living Wall","floor":2,"gold_loss":0,"cards_upgraded":["KamenRideDecade"]},{"damage_healed":0,"gold_gain":0,"player_choice":"Take Wound","damage_taken":0,"relics_obtained":["Golden Idol"],"max_hp_gain":0,"max_hp_loss":0,"event_name":"Golden Idol","floor":6,"gold_loss":0,"cards_obtained":["Injury"]}],"is_beta":false,"boss_relics":[],"items_purged_floors":[],"is_endless":false,"potions_floor_spawned":[1,3],"killed_by":"Gremlin Nob","ascension_level":0}}