{"host":"stk82ot58bnorhun","time":1612161929,"event":{"mods":["BaseMod","Colored Powertips","Energized Spire","Highlight Path","Minty Spire (QoL Compilation)","Replay The Spire","StSLib","SuperFastMode","UnlockEverythingMod"],"gold_per_floor":[119,119,137,152,172,200,214,214,214,214,240,240,252,272,272,376,376,390,46,61,61,61,88,107,107,107],"floor_reached":25,"language":"ZHS","playtime":1207,"items_purged":["Defend_R"],"score":260,"play_id":"25de4a27-4c0b-4316-9e3b-ee00bf90edc0","local_time":"20210201144529","is_ascension_mode":false,"campfire_choices":[{"data":"Berserk","floor":8.0,"key":"SMITH"},{"floor":10.0,"key":"REST"},{"data":"Burning Pact","floor":15.0,"key":"SMITH"}],"circlet_count":0,"master_deck":["Defend_R","Bash","Power Through","Burning Pact+1","Berserk+1","Battle Trance","Impervious","Barricade","Metallicize+1","Shrug It Off","Metamorphosis","Bite","Bite","Bite","Bite","Bite","Twin Strike","Burning Pact"],"relics":["Velvet Choker","Singing Bowl","Replay:PocketPolymizer","Peace Pipe","Mango","Sozu","Another Sword"],"acts_visited":["Exordium","TheCity"],"potions_floor_usage":[16,16,16],"damage_taken":[{"damage":6.0,"enemies":"Jaw Worm","floor":1.0,"turns":3.0},{"damage":0.0,"enemies":"Cultist","floor":3.0,"turns":2.0},{"damage":0.0,"enemies":"Small Slimes","floor":4.0,"turns":3.0},{"damage":0.0,"enemies":"Blue Slaver","floor":5.0,"turns":2.0},{"damage":57.0,"enemies":"Gremlin Nob","floor":6.0,"turns":7.0},{"damage":4.0,"enemies":"Large Slime","floor":7.0,"turns":9.0},{"damage":11.0,"enemies":"Lagavulin","floor":11.0,"turns":5.0},{"damage":0.0,"enemies":"2 Fungi Beasts","floor":13.0,"turns":3.0},{"damage":2.0,"enemies":"Blue Slaver","floor":14.0,"turns":5.0},{"damage":40,"enemies":"Fading Forest","floor":16,"turns":11},{"damage":2,"enemies":"3 Byrds","floor":18,"turns":13},{"damage":1,"enemies":"Chosen","floor":20,"turns":9},{"damage":72,"enemies":"Slavers","floor":23,"turns":10},{"damage":8,"enemies":"3 Cultists","floor":24,"turns":5},{"damage":68,"enemies":"Cultist and Chosen","floor":25,"turns":12}],"seed_played":"-4085615817481220209","potions_obtained":[{"floor":1.0,"key":"Venom Potion"},{"floor":2.0,"key":"Adrenaline Potion"},{"floor":2.0,"key":"DuplicationPotion"},{"floor":7.0,"key":"Strength Potion"},{"floor":11.0,"key":"LifebloodPotion"},{"floor":13.0,"key":"Flashbang"}],"is_trial":false,"path_per_floor":["M","?","M","M","M","E","M","R","T","R","E","?","M","M","R","B",null,"M","$","M","?","?","E","M","M"],"character_chosen":"IRONCLAD","items_purchased":["Metallicize+1","Shrug It Off","Metamorphosis"],"campfire_rested":1,"item_purchase_floors":[19,19,19],"current_hp_per_floor":[74,74,74,74,74,17,15,15,15,39,30,44,46,46,46,6,102,102,102,103,74,74,26,30,0,0],"gold":107,"neow_bonus":"BOSS_RELIC","is_daily":false,"chose_seed":false,"campfire_upgraded":2,"win_rate":0.0,"timestamp":1612161929,"path_taken":["M","?","M","?","M","E","?","R","T","R","E","?","M","M","R","BOSS","M","$","M","?","?","E","M","M"],"items_purchased_type":["Card","Card","Card"],"build_version":"2020-12-22","purchased_purges":1,"victory":false,"max_hp_per_floor":[80,80,80,80,80,80,82,82,82,82,84,98,100,102,102,102,102,104,104,106,74,74,76,78,78,78],"card_choices":[{"not_picked":["Dropkick","Clash","True Grit"],"picked":"SKIP","floor":1.0},{"not_picked":["Headbutt","Run Through"],"picked":"Power Through","floor":3.0},{"not_picked":["Cleave","Heavy Blade","Intimidate"],"picked":"SKIP","floor":4.0},{"not_picked":["Clash","Replay:Undeath\u0027s Touch"],"picked":"Burning Pact","floor":5.0},{"not_picked":["Combust","Clash"],"picked":"Berserk","floor":6.0},{"not_picked":["Body Slam","Flex","Anger"],"picked":"Singing Bowl","floor":7.0},{"not_picked":["Immolate","Run Through","Body Slam"],"picked":"Singing Bowl","floor":11.0},{"not_picked":["Dual Wield","Thunderclap","Combust"],"picked":"Singing Bowl","floor":13.0},{"not_picked":["Havoc","Body Slam","Thunderclap"],"picked":"Singing Bowl","floor":14.0},{"not_picked":["Double Tap","Demon Form"],"picked":"Barricade","floor":16},{"not_picked":["ReplayTheSpireMod:Muscle Training","Havoc+1","Perfected Strike"],"picked":"Singing Bowl","floor":18},{"not_picked":["Twin Strike","Perfected Strike","Sword Boomerang"],"picked":"Singing Bowl","floor":20},{"not_picked":["Clothesline","Blood for Blood","Headbutt"],"picked":"Singing Bowl","floor":23},{"not_picked":["Disarm","Wild Strike","Twin Strike"],"picked":"Singing Bowl","floor":24}],"player_experience":49720,"relics_obtained":[{"floor":6.0,"key":"Singing Bowl"},{"floor":9.0,"key":"Replay:PocketPolymizer"},{"floor":11.0,"key":"Peace Pipe"},{"floor":23,"key":"Another Sword"}],"event_choices":[{"damage_healed":0.0,"max_hp_gain":0.0,"max_hp_loss":0.0,"gold_gain":0.0,"event_name":"Lab","player_choice":"Got Potions","floor":2.0,"gold_loss":0.0,"damage_taken":0.0},{"damage_healed":0.0,"max_hp_gain":0.0,"max_hp_loss":0.0,"gold_gain":0.0,"event_name":"WeMeetAgain","player_choice":"Gave Potion","floor":12.0,"gold_loss":0.0,"damage_taken":0.0,"relics_obtained":["Mango"]},{"damage_healed":0,"gold_gain":0,"player_choice":"Became a vampire","damage_taken":0,"max_hp_gain":0,"max_hp_loss":32,"event_name":"Vampires","floor":21,"gold_loss":0,"cards_obtained":["Bite","Bite","Bite","Bite","Bite"]},{"damage_healed":0,"gold_gain":0,"cards_transformed":["Defend_R","Defend_R"],"player_choice":"Became Test Subject","damage_taken":0,"max_hp_gain":0,"max_hp_loss":0,"event_name":"Drug Dealer","floor":22,"gold_loss":0,"cards_obtained":["Twin Strike","Burning Pact"]}],"is_beta":false,"boss_relics":[{"not_picked":["Ooze Armor","Abe\u0027s Treasure"],"picked":"Sozu"}],"items_purged_floors":[19],"is_endless":false,"potions_floor_spawned":[1,7,11,13,18,20],"killed_by":"Cultist and Chosen","ascension_level":0}}