{"host":"yans4pr1zf0lm9bx","time":1612217954,"event":{"mods":["AchievementEnabler","BaseMod","Downfall","Minty Spire (QoL Compilation)","StSLib","SuperFastMode","slay the spire mod where everything is the same but ironclad has a cowboy hat"],"gold_per_floor":[99,118,131,131,141,167,167,167,317,328,328,328,348,368,388,388,388,388],"floor_reached":16,"language":"ENG","playtime":586,"items_purged":[],"score":80,"play_id":"50b61a7f-cddc-4e7a-93ce-4d89b49ee51b","local_time":"20210201171914","is_ascension_mode":false,"campfire_choices":[{"data":"Guardian:TwinSlam","floor":1,"key":"SMITH"},{"data":"Guardian:PrismaticBarrier","floor":12,"key":"SMITH"}],"circlet_count":0,"master_deck":["Guardian:Strike_Guardian","Guardian:Strike_Guardian","Guardian:Strike_Guardian","Guardian:Strike_Guardian","Guardian:Defend_Guardian","Guardian:Defend_Guardian+1","Guardian:Defend_Guardian+1","Guardian:Defend_Guardian+1","Guardian:CurlUp","Guardian:TwinSlam+1","Guardian:PrismaticBarrier+1","Guardian:ExploitGems","downfall:Malfunctioning","downfall:Icky","Guardian:ChargeCore+1","Guardian:RollAttack+1","Guardian:Gem_White","Guardian:CrystalBeam+1"],"relics":["Guardian:ModeShifter","Molten Egg 2","Eternal Feather","Shuriken"],"acts_visited":["Exordium"],"potions_floor_usage":[16],"damage_taken":[{"damage":0,"enemies":"Small Slimes","floor":2,"turns":3},{"damage":5,"enemies":"2 Louse","floor":3,"turns":3},{"damage":2,"enemies":"Jaw Worm","floor":5,"turns":6},{"damage":26,"enemies":"Gremlin Nob","floor":6,"turns":6},{"damage":0,"enemies":"Exordium Wildlife","floor":10,"turns":6},{"damage":7,"enemies":"3 Louse","floor":13,"turns":2},{"damage":0,"enemies":"Large Slime","floor":14,"turns":3},{"damage":0,"enemies":"Blue Slaver","floor":15,"turns":4},{"damage":62,"enemies":"DF_ARCHETYPE_STREAMLINE","floor":16,"turns":13}],"seed_played":"-487607530460661627","potions_obtained":[{"floor":2,"key":"AttackPotion"},{"floor":10,"key":"CultistPotion"},{"floor":14,"key":"hexamod:SoulburnPotion"},{"floor":15,"key":"Ancient Potion"}],"is_trial":false,"path_per_floor":["R","M","M","?","M","E","T","?","?","M","?","R","M","M","M","B"],"character_chosen":"GUARDIAN","items_purchased":[],"campfire_rested":0,"item_purchase_floors":[],"current_hp_per_floor":[88,88,83,88,86,60,60,60,60,60,60,69,62,62,62,0,0,0],"gold":388,"neow_bonus":"TEN_PERCENT_HP_BONUS","is_daily":false,"chose_seed":false,"campfire_upgraded":2,"win_rate":0.0,"timestamp":1612217954,"path_taken":["R","M","M","?","M","E","T","?","?","?","?","R","M","M","M","BOSS"],"items_purchased_type":[],"build_version":"2020-12-22","purchased_purges":0,"victory":false,"max_hp_per_floor":[88,88,88,93,93,93,93,93,93,93,93,93,93,93,93,93,93,93],"card_choices":[{"not_picked":["Guardian:Reroute","Guardian:VentSteam"],"picked":"Guardian:Gem_Yellow","floor":2},{"not_picked":["Guardian:CrystalBeam","Guardian:VentSteam"],"picked":"Guardian:PrismaticBarrier","floor":3},{"not_picked":["Guardian:BronzeArmor","Guardian:GuardianWhirl"],"picked":"Guardian:Gem_Green","floor":5},{"not_picked":["Guardian:Repulse","Guardian:Gem_Red"],"picked":"Guardian:ExploitGems","floor":6},{"not_picked":["Guardian:PiercingHide","Guardian:WalkerClaw+1"],"picked":"Guardian:ChargeCore+1","floor":10},{"not_picked":["Guardian:WalkerClaw+1","Guardian:Planning"],"picked":"Guardian:RollAttack+1","floor":13},{"not_picked":["Guardian:Gem_Green","Guardian:Gem_Fragmented"],"picked":"Guardian:Gem_White","floor":14},{"not_picked":["Guardian:VentSteam","Guardian:BronzeArmor"],"picked":"Guardian:CrystalBeam+1","floor":15}],"player_experience":300768,"relics_obtained":[{"floor":6,"key":"Molten Egg 2"},{"floor":7,"key":"Eternal Feather"}],"event_choices":[{"damage_healed":0,"gold_gain":0,"player_choice":"Donut","damage_taken":0,"max_hp_gain":5,"max_hp_loss":0,"event_name":"Big Fish","floor":4,"gold_loss":0}],"is_beta":false,"boss_relics":[],"items_purged_floors":[],"is_endless":false,"potions_floor_spawned":[2,10,14,15],"killed_by":"DF_ARCHETYPE_STREAMLINE","ascension_level":0}}