{"host":"0m9qzqwuh9r40nrk","time":1612163995,"event":{"mods":["BaseMod","Conspire","Downfall","Hermit","Hubris","Infinite Spire","Jorbs\u0027s Wanderer Trilogy","Minty Spire (QoL Compilation)","Quick Restart","Replay The Spire","Shop Mod","StSLib","The Animator","The Construct","The Cursed","The Disciple","The Hierophant","The Necromancer","The Runesmith","everything is the same but u backflip on backflip"],"gold_per_floor":[115,40,40,52,67,95,95,109,188,205,71,71,71,86,86,188,188,205,80,94,94,109,109,109],"floor_reached":23,"language":"ENG","playtime":3882,"items_purged":["construct:Defend_Gold","construct:Strike_Gold","construct:Strike_Gold"],"score":193,"play_id":"66c1a810-09c4-4678-8b6b-e26b2d1d4b4d","local_time":"20210131231955","is_ascension_mode":false,"campfire_choices":[{"data":"construct:Impenetrable","floor":7.0,"key":"SMITH"},{"data":"construct:ReactiveShield","floor":12.0,"key":"SMITH"},{"data":"construct:Zapper","floor":15.0,"key":"SMITH"}],"circlet_count":0,"master_deck":["construct:Strike_Gold","construct:Strike_Gold","construct:Strike_Gold","construct:Defend_Gold","construct:Defend_Gold","construct:Defend_Gold","construct:Defend_Gold","construct:AttackMode","construct:DefenseMode","construct:ModeShift","construct:ModeShift","construct:Impenetrable+1","construct:Analyze","construct:Accumulate","construct:SpinDrive","construct:ReactiveShield+1","construct:Zapper+1","construct:ReactiveShield","construct:BatteryCore","construct:Stasis","construct:Electrocute"],"relics":["construct:Cogwheel","NeowsBlessing","Lantern","hubris:Icosahedron","conspire:SeveredTorchhead","hubris:Towel"],"acts_visited":["Exordium","TheCity"],"potions_floor_usage":[18],"damage_taken":[{"damage":2.0,"enemies":"conspire:RoseBush","floor":1.0,"turns":1.0},{"damage":0.0,"enemies":"Cultist","floor":4.0,"turns":1.0},{"damage":0.0,"enemies":"2 Louse","floor":5.0,"turns":1.0},{"damage":19.0,"enemies":"Replay:BlueRogue","floor":6.0,"turns":8.0},{"damage":8.0,"enemies":"Large Slime","floor":8.0,"turns":9.0},{"damage":8.0,"enemies":"Looter","floor":10.0,"turns":4.0},{"damage":16.0,"enemies":"2 Fungi Beasts","floor":14.0,"turns":4.0},{"damage":32.0,"enemies":"Hexaghost","floor":16.0,"turns":12.0},{"damage":30,"enemies":"conspire:FuzzyDice","floor":18,"turns":6},{"damage":4,"enemies":"Chosen","floor":20,"turns":5},{"damage":7,"enemies":"conspire:HollyBat","floor":22,"turns":7},{"damage":51,"enemies":"Nightmare","floor":23,"turns":7}],"seed_played":"-7006906103008724012","potions_obtained":[{"floor":5.0,"key":"DuplicationPotion"},{"floor":6.0,"key":"SpeedPotion"},{"floor":8.0,"key":"FairyPotion"},{"floor":10.0,"key":"Adrenaline Potion"},{"floor":18,"key":"Fruit Juice"},{"floor":20,"key":"Swift Potion"}],"is_trial":false,"path_per_floor":["M","$","?","M","M","E","R","M","T","M","$","R","?","M","R","B",null,"M","$","M","?","M","NM"],"character_chosen":"THE_CONSTRUCT_MOD","items_purchased":["construct:Zapper"],"campfire_rested":0,"item_purchase_floors":[11],"current_hp_per_floor":[83,83,83,83,83,64,64,56,56,48,48,48,48,32,32,25,85,60,60,56,56,49,0,0],"gold":109,"neow_bonus":"THREE_ENEMY_KILL","is_daily":false,"chose_seed":false,"campfire_upgraded":3,"win_rate":0.0,"timestamp":1612163995,"path_taken":["M","$","?","M","M","E","R","?","T","M","$","R","?","M","R","BOSS","M","$","M","?","M","NM"],"items_purchased_type":["Card"],"build_version":"2020-12-22","purchased_purges":3,"victory":false,"max_hp_per_floor":[85,85,85,85,85,85,85,85,85,85,85,85,85,85,85,85,85,90,90,90,90,90,90,90],"card_choices":[{"not_picked":["construct:Failsafe","construct:FierceBash"],"picked":"construct:ModeShift","floor":1.0},{"not_picked":["construct:Synchronize","construct:Forcefield"],"picked":"construct:Impenetrable","floor":4.0},{"not_picked":["construct:BatteryAcid","construct:Backfire"],"picked":"construct:Analyze","floor":5.0},{"not_picked":["construct:SweepLaser","construct:FierceBash"],"picked":"construct:Accumulate","floor":6.0},{"not_picked":["construct:Isolate","construct:Autoturret"],"picked":"construct:SpinDrive","floor":8.0},{"not_picked":["construct:Anticipate","construct:ShiftGuard"],"picked":"construct:ReactiveShield","floor":10.0},{"not_picked":["construct:Accumulate","construct:HeavyBolt"],"picked":"construct:ReactiveShield","floor":14.0},{"not_picked":["construct:MassProduction","construct:Multistage"],"picked":"construct:BatteryCore","floor":16.0},{"not_picked":["construct:SyphonStrike","construct:ScopeCore"],"picked":"construct:Stasis","floor":18},{"not_picked":["construct:Anticipate+1","construct:Overcharge"],"picked":"construct:Electrocute","floor":20},{"not_picked":["construct:ScrapCannon","construct:Boost","construct:Accumulate+1"],"picked":"SKIP","floor":22}],"player_experience":503263,"relics_obtained":[{"floor":6.0,"key":"Lantern"}],"event_choices":[{"damage_healed":0.0,"max_hp_gain":0.0,"max_hp_loss":0.0,"gold_gain":0.0,"event_name":"Match and Keep!","player_choice":"1 cards matched","floor":3.0,"gold_loss":0.0,"damage_taken":0.0,"cards_obtained":["construct:ModeShift"]}],"is_beta":false,"boss_relics":[{"not_picked":["Tiny House","Replay:Grab Bag"],"picked":"conspire:SeveredTorchhead"}],"items_purged_floors":[2,11,19],"is_endless":false,"potions_floor_spawned":[5,6,8,10,18,20],"killed_by":"Nightmare","ascension_level":0}}