{"host":"mmz2kvn5kzkhi5zs","time":1612165455,"event":{"mods":["Act Like it!","BaseMod","Downfall","Hallownest","Marisa????????","Minty Spire (QoL Compilation)","Replay The Spire","StSLib","The Bug Knight","The Cursed","The Jungle"],"gold_per_floor":[113,313,331,347,9,37,50,69,139,139,150,165,165,180,180,282,282,295,312,58,78,78,78,89,89,89,100,151,1,16,16,16,27,27,123,123,134,134,134,150,18,18,37,37,37,37,37,37],"floor_reached":47,"language":"ENG","playtime":4205,"items_purged":["Spreading Infection"],"score":606,"play_id":"f42e280c-af6e-4497-b88b-5fc8d65da99d","local_time":"20210201014415","is_ascension_mode":false,"campfire_choices":[{"floor":10,"key":"REST"},{"floor":13,"key":"REST"},{"floor":15,"key":"REST"},{"data":"Replay:Bag of Tricks","floor":23,"key":"SMITH"},{"floor":31,"key":"REST"},{"floor":34,"key":"REST"},{"floor":42,"key":"REST"}],"circlet_count":0,"master_deck":["Strike_G","Strike_G","Strike_G","Strike_G","Strike_G","Defend_G","Defend_G","Defend_G","Defend_G","Defend_G","Survivor","Neutralize","Flying Knee","ReplayTheSpireMod:Speed Training","Quick Slash","Footwork","Blade Dance+1","Draining Mist","Terror","Backflip","Deadly Poison","Fluid Movement","Dagger Spray+1","Replay:Bag of Tricks+1","ReplayTheSpireMod:Speed Training","Footwork","Caltrops+1","Bouncing Flask+1","Prepared+1","Sucker Punch+1","Burst+1","Dagger Throw+1","Backflip+1","Sucker Punch+1","Choke+1","ReplayTheSpireMod:From All Sides+1","Replay:Poison Smokescreen+1","Mind Blast+1","Dodge and Roll+1","ReplayTheSpireMod:Scrap Shanks+1","Heel Hook+1","Slice+1"],"relics":["Ring of the Snake","Pocketwatch","Incense Burner","Bag of Marbles","Molten Egg 2","Replay:Ancient Bell","Blood Vial","Golden Egg","Du-Vu Doll","Snake Skull","Centennial Puzzle","Empty Cage","Nunchaku"],"acts_visited":["Exordium","TheCity","TheBeyond"],"potions_floor_usage":[7,7,16,16,16,19,21,35,43],"damage_taken":[{"damage":1,"enemies":"Jaw Worm","floor":1,"turns":5},{"damage":0,"enemies":"Cultist","floor":3,"turns":4},{"damage":0,"enemies":"2 Louse","floor":4,"turns":3},{"damage":13,"enemies":"3 Sentries","floor":6,"turns":8},{"damage":1,"enemies":"2 Fungi Beasts","floor":7,"turns":3},{"damage":0,"enemies":"Red Slaver","floor":8,"turns":2},{"damage":5,"enemies":"Exordium Thugs","floor":11,"turns":6},{"damage":0,"enemies":"Blue Slaver","floor":12,"turns":4},{"damage":1,"enemies":"Looter","floor":14,"turns":3},{"damage":22,"enemies":"Slime Boss","floor":16,"turns":10},{"damage":0,"enemies":"3 Byrds","floor":18,"turns":2},{"damage":1,"enemies":"Shell Parasite","floor":19,"turns":4},{"damage":6,"enemies":"Snecko","floor":21,"turns":5},{"damage":9,"enemies":"Sentry and Sphere","floor":24,"turns":3},{"damage":36,"enemies":"Shelled Parasite and Fungi","floor":27,"turns":5},{"damage":0,"enemies":"Snecko","floor":30,"turns":3},{"damage":10,"enemies":"Cultist and Chosen","floor":33,"turns":4},{"damage":25,"enemies":"Pondfish","floor":35,"turns":10},{"damage":56,"enemies":"3 Darklings","floor":37,"turns":6},{"damage":7,"enemies":"3 Shapes","floor":40,"turns":7},{"damage":21,"enemies":"Jaw Worm Horde","floor":43,"turns":5},{"damage":22,"enemies":"Maw","floor":47,"turns":2}],"seed_played":"-2412997033350412691","potions_obtained":[{"floor":1,"key":"Ancient Potion"},{"floor":6,"key":"EntropicBrew"},{"floor":14,"key":"SkillPotion"},{"floor":16,"key":"Poison Potion"},{"floor":19,"key":"Block Potion"},{"floor":27,"key":"Elixir"},{"floor":35,"key":"Elixir"},{"floor":37,"key":"LiquidBronze"}],"is_trial":false,"path_per_floor":["M","?","M","M","$","E","M","M","T","R","M","M","R","M","R","B",null,"M","M","$","M","?","R","M","PTL","PTL","M","T","$","M","R","$","M","R","B",null,"M","?","?","M","$","R","M","?","T","$","M"],"character_chosen":"THE_SILENT","items_purchased":["Incense Burner","Blade Dance+1","Snake Skull","Caltrops","Bouncing Flask","Dagger Throw+1","Backflip","ReplayTheSpireMod:Scrap Shanks","Heel Hook+1"],"campfire_rested":6,"item_purchase_floors":[5,5,20,20,20,29,29,41,41],"current_hp_per_floor":[62,37,37,37,37,24,23,23,23,41,36,36,54,53,63,41,63,63,62,62,57,57,57,50,50,50,16,16,16,18,36,36,28,46,23,63,7,7,7,2,2,20,1,1,1,1,0,0],"gold":37,"neow_bonus":"ONE_RARE_RELIC","is_daily":false,"chose_seed":false,"campfire_upgraded":1,"win_rate":0.0,"timestamp":1612165455,"path_taken":["M","?","M","?","$","E","M","M","T","R","M","M","R","M","R","BOSS","M","M","$","?","?","R","M","PTL","PTL","M","T","$","M","R","?","M","R","BOSS","M","?","?","?","?","R","M","?","T","$","M"],"items_purchased_type":["Relic","Card","Relic","Card","Card","Card","Card","Card","Card"],"build_version":"2020-12-22","purchased_purges":1,"victory":false,"max_hp_per_floor":[63,63,63,63,63,63,63,63,63,63,63,63,63,63,63,63,63,63,63,63,63,63,63,63,63,63,63,63,63,63,63,63,63,63,63,63,63,63,63,63,63,63,63,63,63,63,63,63],"card_choices":[{"not_picked":["Calculated Gamble","Leg Sweep"],"picked":"Flying Knee","floor":1},{"not_picked":["Blade Dance","Slice"],"picked":"ReplayTheSpireMod:Speed Training","floor":2},{"not_picked":["Prepared","Hidden Blade"],"picked":"Quick Slash","floor":3},{"not_picked":["Escape Plan","Dash"],"picked":"Footwork","floor":4},{"not_picked":["Underhanded Strike","Flying Knee"],"picked":"Draining Mist","floor":6},{"not_picked":["Hidden Blade","Wraith Form v2"],"picked":"Terror","floor":7},{"not_picked":["Acrobatics","Flying Knee"],"picked":"Backflip","floor":8},{"not_picked":["Hidden Blade","Underhanded Strike+1"],"picked":"Deadly Poison","floor":11},{"not_picked":["Dodge and Roll","Deadly Poison"],"picked":"Fluid Movement","floor":12},{"not_picked":["Dagger Throw+1","Blade Dance"],"picked":"Dagger Spray+1","floor":14},{"not_picked":["Tools of the Trade","Malaise"],"picked":"Replay:Bag of Tricks","floor":16},{"not_picked":["Voices","Wraith"],"picked":"Spreading Infection","floor":17},{"not_picked":["AbeCurse","Wraith"],"picked":"Replay:Hysterical Blindness","floor":17},{"not_picked":["Looming Evil","Shame"],"picked":"downfall:Aged","floor":17},{"not_picked":["Dagger Throw+1","Expertise+1"],"picked":"ReplayTheSpireMod:Speed Training","floor":18},{"not_picked":["Heel Hook+1","Finisher+1"],"picked":"Footwork","floor":19},{"not_picked":["Terror+1","Dodge and Roll+1"],"picked":"Prepared+1","floor":21},{"not_picked":["Outmaneuver+1","Deadly Poison"],"picked":"Sucker Punch+1","floor":24},{"not_picked":["Underhanded Strike+1","Leg Sweep"],"picked":"Burst","floor":27},{"not_picked":["Slice+1","Quick Slash+1"],"picked":"Sucker Punch+1","floor":30},{"not_picked":["Slice+1","PiercingWail"],"picked":"Choke+1","floor":33},{"not_picked":["Phantasmal Killer","Unload+1"],"picked":"ReplayTheSpireMod:From All Sides+1","floor":35},{"not_picked":["Caltrops+1","Dagger Spray+1"],"picked":"Replay:Poison Smokescreen+1","floor":37},{"not_picked":["Chrysalis","Dramatic Entrance+1"],"picked":"Mind Blast+1","floor":38},{"not_picked":["Escape Plan","Deadly Poison+1"],"picked":"Dodge and Roll+1","floor":40},{"not_picked":["Riddle With Holes+1","Backflip+1"],"picked":"Slice+1","floor":43}],"player_experience":28601,"relics_obtained":[{"floor":6,"key":"Bag of Marbles"},{"floor":9,"key":"Molten Egg 2"},{"floor":28,"key":"Centennial Puzzle"},{"floor":45,"key":"Nunchaku"}],"event_choices":[{"damage_healed":0,"gold_gain":0,"cards_transformed":["downfall:Aged"],"player_choice":"Transformed","damage_taken":0,"max_hp_gain":0,"max_hp_loss":0,"event_name":"Transmorgrifier","floor":22,"gold_loss":0,"cards_obtained":["Writhe"]},{"damage_healed":0,"gold_gain":0,"player_choice":"Memory 1","damage_taken":0,"max_hp_gain":0,"max_hp_loss":0,"event_name":"SensoryStone","floor":38,"gold_loss":0},{"damage_healed":0,"gold_gain":0,"player_choice":"Ignored","damage_taken":0,"max_hp_gain":0,"max_hp_loss":0,"event_name":"SecretPortal","floor":39,"gold_loss":0},{"damage_healed":0,"gold_gain":0,"player_choice":"Ignored","damage_taken":0,"max_hp_gain":0,"max_hp_loss":0,"event_name":"Mysterious Sphere","floor":44,"gold_loss":0}],"is_beta":false,"boss_relics":[{"not_picked":["Ectoplasm","Black Star"],"picked":"Replay:Ancient Bell"},{"not_picked":["Boot","Juzu Bracelet"],"picked":"Blood Vial"},{"not_picked":["Letter Opener","Replay:Bottled Snecko"],"picked":"Golden Egg"},{"not_picked":["Old Coin","Torii"],"picked":"Du-Vu Doll"},{"not_picked":["Replay:Fungal Core","Coffee Dripper"],"picked":"Empty Cage"}],"items_purged_floors":[29],"is_endless":false,"potions_floor_spawned":[1,6,14,16,19,27,35,37],"killed_by":"Maw","ascension_level":0}}