{"host":"a4s27ghlnr83kbqz","time":1612184765,"event":{"mods":["AchievementEnabler","BaseMod","Colored Map","Minty Spire (QoL Compilation)","Permanent Neow","SuperFastMode"],"gold_per_floor":[359,359,5,5,5,5,33,33,33,60,60,71,83,97,97,168,168,186,201,50,50,64,64,64,64],"floor_reached":24,"language":"KOR","playtime":497,"items_purged":["Strike_R"],"score":408,"play_id":"5eb01de5-c8a8-4359-a16f-376c984891d2","local_time":"20210201220605","is_ascension_mode":true,"campfire_choices":[{"data":"Fire Breathing","floor":6,"key":"SMITH"},{"data":"Body Slam","floor":15,"key":"SMITH"},{"floor":23,"key":"REST"}],"circlet_count":0,"master_deck":["AscendersBane","Strike_R","Strike_R","Strike_R","Defend_R","Defend_R","Defend_R","Defend_R","Bash+1","Wild Strike+1","Fire Breathing+1","Metallicize","Seeing Red","Body Slam+1","Juggernaut","Impervious","Warcry+1","Shockwave"],"relics":["Burning Blood","Sundial","Letter Opener","Meat on the Bone","White Beast Statue","Juzu Bracelet","Philosopher\u0027s Stone"],"acts_visited":["Exordium","TheCity"],"potions_floor_usage":[16,18,22,24],"damage_taken":[{"damage":8,"enemies":"2 Louse","floor":1,"turns":4},{"damage":24,"enemies":"Lagavulin","floor":7,"turns":7},{"damage":17,"enemies":"3 Sentries","floor":10,"turns":4},{"damage":7,"enemies":"Jaw Worm","floor":12,"turns":3},{"damage":4,"enemies":"Small Slimes","floor":13,"turns":3},{"damage":5,"enemies":"Blue Slaver","floor":14,"turns":3},{"damage":15,"enemies":"Slime Boss","floor":16,"turns":6},{"damage":26,"enemies":"Shell Parasite","floor":18,"turns":5},{"damage":7,"enemies":"3 Byrds","floor":19,"turns":4},{"damage":37,"enemies":"Shelled Parasite and Fungi","floor":22,"turns":5},{"damage":63,"enemies":"Gremlin Leader","floor":24,"turns":6}],"seed_played":"-5296185662964562902","potions_obtained":[{"floor":7,"key":"SkillPotion"},{"floor":10,"key":"SpeedPotion"},{"floor":12,"key":"Swift Potion"},{"floor":14,"key":"GamblersBrew"},{"floor":16,"key":"SkillPotion"},{"floor":18,"key":"FairyPotion"},{"floor":22,"key":"SpeedPotion"}],"is_trial":false,"path_per_floor":["M","?","$","?","T","R","E","?","T","E","?","M","M","M","R","B",null,"M","M","$","?","M","R","E"],"character_chosen":"IRONCLAD","items_purchased":["Fire Breathing","Sundial","Shockwave"],"campfire_rested":1,"item_purchase_floors":[3,3,20],"current_hp_per_floor":[66,46,46,46,46,46,28,50,50,51,51,50,52,53,53,44,62,42,41,41,35,38,58,0,0],"gold":64,"neow_bonus":"TWO_FIFTY_GOLD","is_daily":false,"chose_seed":false,"campfire_upgraded":2,"win_rate":0.0,"timestamp":1612184765,"path_taken":["M","?","$","?","?","R","E","?","T","E","?","M","M","M","R","BOSS","M","M","$","?","M","R","E"],"items_purchased_type":["Card","Relic","Card"],"build_version":"2020-12-22","purchased_purges":1,"victory":false,"max_hp_per_floor":[68,68,68,68,68,68,68,68,68,68,68,68,68,68,68,68,68,68,68,68,68,68,68,68,68],"card_choices":[{"not_picked":["Pommel Strike","Anger"],"picked":"Wild Strike","floor":1},{"not_picked":["Twin Strike","Exhume"],"picked":"Seeing Red","floor":7},{"not_picked":["Intimidate","Reckless Charge","Fire Breathing"],"picked":"SKIP","floor":10},{"not_picked":["Wild Strike","Clash","Rampage"],"picked":"SKIP","floor":12},{"not_picked":["Rampage","Dark Embrace"],"picked":"Body Slam","floor":13},{"not_picked":["Thunderclap","Rampage"],"picked":"Juggernaut","floor":14},{"not_picked":["Fiend Fire","Corruption"],"picked":"Impervious","floor":16},{"not_picked":["Iron Wave","Spot Weakness","Body Slam"],"picked":"SKIP","floor":18},{"not_picked":["Headbutt","Sentinel"],"picked":"Warcry+1","floor":19},{"not_picked":["Clothesline+1","Wild Strike+1","Havoc"],"picked":"SKIP","floor":22}],"player_experience":1119949,"relics_obtained":[{"floor":5,"key":"Letter Opener"},{"floor":7,"key":"Meat on the Bone"},{"floor":9,"key":"White Beast Statue"},{"floor":10,"key":"Juzu Bracelet"}],"event_choices":[{"damage_healed":0,"gold_gain":0,"player_choice":"Entered Light","damage_taken":20,"max_hp_gain":0,"max_hp_loss":0,"event_name":"Shining Light","floor":2,"gold_loss":0,"cards_upgraded":["Wild Strike","Bash"]},{"damage_healed":0,"gold_gain":0,"cards_transformed":["Strike_R"],"player_choice":"Change","damage_taken":0,"max_hp_gain":0,"max_hp_loss":0,"event_name":"Living Wall","floor":4,"gold_loss":0,"cards_obtained":["Metallicize"]},{"damage_healed":22,"gold_gain":0,"player_choice":"Banana","damage_taken":0,"max_hp_gain":0,"max_hp_loss":0,"event_name":"Big Fish","floor":8,"gold_loss":0},{"damage_healed":0,"gold_gain":0,"player_choice":"0 cards matched","damage_taken":0,"max_hp_gain":0,"max_hp_loss":0,"event_name":"Match and Keep!","floor":11,"gold_loss":0,"cards_obtained":[]},{"damage_healed":0,"gold_gain":0,"player_choice":"0 cards matched","damage_taken":0,"max_hp_gain":0,"max_hp_loss":0,"event_name":"Match and Keep!","floor":11,"gold_loss":0,"cards_obtained":[]},{"damage_healed":0,"gold_gain":0,"player_choice":"","damage_taken":6,"max_hp_gain":0,"max_hp_loss":0,"event_name":"Knowing Skull","floor":21,"potions_obtained":[],"gold_loss":0,"cards_obtained":[]}],"is_beta":false,"boss_relics":[{"not_picked":["SlaversCollar","Fusion Hammer"],"picked":"Philosopher\u0027s Stone"}],"items_purged_floors":[20],"is_endless":false,"potions_floor_spawned":[7,10,12,13,14,16,18,19,22],"killed_by":"Gremlin Leader","ascension_level":20}}