{"host":"ew66i0vuc7r9fnl7","time":1612188069,"event":{"mods":["Arknights","BaseMod","DeckTracker","Koishi","Minty Spire (QoL Compilation)","StSLib"],"gold_per_floor":[113,63,63,63,78,78,97,116,116,116,127,52,52,72,72,172,172,192,117,127,127,127],"floor_reached":21,"language":"KOR","playtime":844,"items_purged":["Koishi:BasicStrike"],"score":171,"play_id":"f9a1df80-812c-4dd9-98b1-77bd9c902c31","local_time":"20210201230109","is_ascension_mode":false,"campfire_choices":[{"data":"Koishi:FleetingPhantom","floor":6,"key":"SMITH"},{"data":"Koishi:HauntingSlash","floor":13,"key":"SMITH"},{"data":"Koishi:Catatonia","floor":15,"key":"SMITH"}],"circlet_count":0,"master_deck":["Koishi:BasicStrike","Koishi:BasicDefend","Koishi:BasicDefend","Koishi:Provoke","Koishi:HauntingSlash+1","Koishi:GeneticsOfTheUnconscious","Koishi:JumpScare+1","Koishi:FleetingPhantom+1","Koishi:UnseenTerror","Koishi:ParalyzingFear","Koishi:Catatonia+1","Koishi:TerrifyingSpectre","Koishi:ApparitionsStalkTheNight"],"relics":["Koishi:ImaginaryFriend","Bottled Flame","Singing Bowl","Empty Cage"],"acts_visited":["Exordium","TheCity"],"potions_floor_usage":[16,16,20],"damage_taken":[{"damage":0,"enemies":"2 Louse","floor":1,"turns":3},{"damage":0,"enemies":"Small Slimes","floor":5,"turns":4},{"damage":4,"enemies":"Cultist","floor":7,"turns":6},{"damage":12,"enemies":"2 Fungi Beasts","floor":8,"turns":4},{"damage":11,"enemies":"Exordium Wildlife","floor":11,"turns":6},{"damage":3,"enemies":"Red Slaver","floor":14,"turns":3},{"damage":23,"enemies":"Slime Boss","floor":16,"turns":10},{"damage":10,"enemies":"Chosen","floor":18,"turns":5},{"damage":25,"enemies":"Shell Parasite","floor":20,"turns":7},{"damage":18,"enemies":"3 Cultists","floor":21,"turns":4}],"seed_played":"214280594724580954","potions_obtained":[{"floor":5,"key":"Energy Potion"},{"floor":7,"key":"Strength Potion"},{"floor":8,"key":"LiquidMemories"}],"is_trial":false,"path_per_floor":["M","?","?","?","M","R","M","M","T","?","M","$","R","M","R","B",null,"M","$","M","M"],"character_chosen":"KOISHI","items_purchased":["Koishi:Catatonia"],"campfire_rested":0,"item_purchase_floors":[12],"current_hp_per_floor":[60,60,53,53,60,60,60,56,56,53,53,53,53,60,60,37,64,66,66,55,37,37],"gold":127,"neow_bonus":"THREE_CARDS","is_daily":false,"chose_seed":false,"campfire_upgraded":3,"win_rate":0.0,"timestamp":1612188069,"path_taken":["M","?","?","?","?","R","M","M","T","?","M","?","R","M","R","BOSS","M","?","M","M"],"items_purchased_type":["Card"],"build_version":"2020-12-22","purchased_purges":1,"victory":false,"max_hp_per_floor":[60,60,60,60,60,60,60,60,60,60,62,62,62,64,64,64,64,66,66,66,66,66],"card_choices":[{"not_picked":["Koishi:CatchAndRose","Koishi:Untouchable"],"picked":"Koishi:GeneticsOfTheUnconscious","floor":0},{"not_picked":["Koishi:SubconsciousSweep","Koishi:PhantomStrike"],"picked":"Koishi:JumpScare","floor":1},{"not_picked":["Koishi:Untouchable","Koishi:BramblyRoseGarden"],"picked":"Koishi:FleetingPhantom","floor":5},{"not_picked":["Koishi:EmbersOfLove","Koishi:UnconsciousUrges"],"picked":"Koishi:UnseenTerror","floor":7},{"not_picked":["Koishi:StingingMind","Koishi:PhantomStrike"],"picked":"Koishi:ParalyzingFear","floor":8},{"not_picked":["Koishi:RoseHell","Koishi:MassHysteria","Koishi:ReflexRadar"],"picked":"Singing Bowl","floor":11},{"not_picked":["Koishi:YoukaiPolygraph","Koishi:SpiritedAway","Koishi:HeartAttack"],"picked":"Singing Bowl","floor":14},{"not_picked":["Koishi:RuptureMind","Koishi:RollingInRichesHeart"],"picked":"Koishi:TerrifyingSpectre","floor":16},{"not_picked":["Koishi:BloodcurdlingScream","Koishi:DreadfulBlow","Koishi:ReflexRadar"],"picked":"Singing Bowl","floor":18},{"not_picked":["Koishi:RorschachInDanmaku","Koishi:IdleWhim"],"picked":"Koishi:ApparitionsStalkTheNight","floor":20}],"player_experience":640404,"relics_obtained":[{"floor":9,"key":"Bottled Flame"}],"event_choices":[{"cards_removed":["Koishi:BasicStrike"],"damage_healed":0,"gold_gain":0,"player_choice":"Card Removal","damage_taken":0,"max_hp_gain":0,"max_hp_loss":0,"event_name":"The Cleric","floor":2,"gold_loss":50},{"cards_removed":["Koishi:BasicStrike"],"damage_healed":0,"gold_gain":0,"player_choice":"Card Removal","damage_taken":7,"max_hp_gain":0,"max_hp_loss":0,"event_name":"Golden Wing","floor":3,"gold_loss":0},{"damage_healed":0,"gold_gain":0,"player_choice":"Upgraded","damage_taken":0,"max_hp_gain":0,"max_hp_loss":0,"event_name":"Upgrade Shrine","floor":4,"gold_loss":0,"cards_upgraded":["Koishi:JumpScare"]},{"damage_healed":0,"gold_gain":0,"player_choice":"Success","damage_taken":3,"relics_obtained":["Singing Bowl"],"max_hp_gain":0,"max_hp_loss":0,"event_name":"Scrap Ooze","floor":10,"gold_loss":0}],"is_beta":false,"boss_relics":[{"not_picked":["Pandora\u0027s Box","Black Star"],"picked":"Empty Cage"}],"items_purged_floors":[19],"is_endless":false,"potions_floor_spawned":[5,7,8],"killed_by":"3 Cultists","ascension_level":0}}