{"host":"7jl4uf745pjtflnx","time":1612214057,"event":{"mods":["BaseMod","BetterRewards","Hubris","Minty Spire (QoL Compilation)","Replay The Spire","StSLib","SuperFastMode","The Construct"],"gold_per_floor":[112,129,148,158,158,192,192,192,219,219,274,284,313,332,332,407,407,422,17,31,31,44,44,73,73,73,100,112,127,143,160,160,237,237,253,268,268,293,308,334,334,346,423,437,464,111,144,204,204,204,204,204,204,165,190,190],"floor_reached":57,"language":"ENG","playtime":2291,"items_purged":["Strike_B","Strike_B","Strike_B","Strike_B","Languid"],"score":4337,"play_id":"e169b25b-fa28-466f-a260-d57af16bc211","local_time":"20210201161417","is_ascension_mode":true,"campfire_choices":[{"data":"ReplayTheSpireMod:Calculation Training","floor":7,"key":"SMITH"},{"data":"Chill","floor":7,"key":"SMITH"},{"data":"Buffer","floor":15,"key":"SMITH"},{"data":"Capacitor","floor":15,"key":"SMITH"},{"data":"Echo Form","floor":23,"key":"SMITH"},{"data":"Tempest","floor":23,"key":"SMITH"},{"floor":25,"key":"RECALL"},{"data":"Defragment","floor":32,"key":"SMITH"},{"data":"Multi-Cast","floor":32,"key":"SMITH"},{"data":"Echo Form","floor":41,"key":"SMITH"},{"data":"BasicCrystalCard","floor":41,"key":"SMITH"},{"data":"hubris:EnhanceAbility","floor":49,"key":"SMITH"},{"data":"Echo Form","floor":49,"key":"SMITH"},{"data":"Panache","floor":53,"key":"SMITH"},{"data":"ReplayTheSpireMod:System Scan","floor":53,"key":"SMITH"}],"circlet_count":0,"master_deck":["AscendersBane","Defend_B","Defend_B","Defend_B+1","Defend_B","Zap","Dualcast","Panache+1","Heatsinks","hubris:PowerSurge+1","Coolheaded","Conserve Battery","Heatsinks","Barrage+1","Flash of Steel+1","Hello World","hubris:PowerSurge+1","Leap","ReplayTheSpireMod:Calculation Training+1","FTL+1","Capacitor+1","Dramatic Entrance+1","BasicCrystalCard+1","Cold Snap+1","Buffer+1","Heatsinks","Echo Form+1","Defragment+1","Ball Lightning+1","ReplayTheSpireMod:Private Reserves+1","Tempest+1","Coolheaded+1","Multi-Cast+1","Echo Form+1","Coolheaded+1","hubris:DuctTapeCard","Capacitor","Echo Form+1","hubris:EnhanceAbility+1","Defragment+1","ReplayTheSpireMod:Splinters","ReplayTheSpireMod:System Scan+1","hubris:PowerSurge+1"],"relics":["Cracked Core","Lee\u0027s Waffle","PreservedInsect","Replay:Arrowhead","Chemical X","Molten Egg 2","Quantum Egg","BargainBundle","DataDisk","Replay:Towering Pillar of Hats","Replay:Bottled Flurry","ReplayTheSpireMod:TigerMarble","NlothsMask","Omamori","Replay:Bottled Eggs","Abe\u0027s Treasure","Runic Capacitor","HornCleat","Oddly Smooth Stone","Cursed Key","hubris:DuctTape","hubris:CrystalStatue","War Paint","hubris:Metronome","Replay:Rubber Ducky","Strawberry"],"acts_visited":["Exordium","TheCity","TheBeyond","TheEnding"],"potions_floor_usage":[56],"damage_taken":[{"damage":0,"enemies":"Small Slimes","floor":1,"turns":2},{"damage":0,"enemies":"Jaw Worm","floor":2,"turns":3},{"damage":0,"enemies":"Cultist","floor":3,"turns":3},{"damage":0,"enemies":"3 Louse","floor":4,"turns":2},{"damage":0,"enemies":"Gremlin Nob","floor":6,"turns":2},{"damage":0,"enemies":"3 Sentries","floor":11,"turns":3},{"damage":7,"enemies":"Red Slaver","floor":12,"turns":2},{"damage":0,"enemies":"Gremlin Nob","floor":13,"turns":2},{"damage":0,"enemies":"Large Slime","floor":14,"turns":4},{"damage":0,"enemies":"Slime Boss","floor":16,"turns":4},{"damage":0,"enemies":"Shell Parasite","floor":18,"turns":4},{"damage":0,"enemies":"3 Byrds","floor":20,"turns":3},{"damage":8,"enemies":"Snake Plant","floor":22,"turns":2},{"damage":0,"enemies":"Replay:Snechameleon","floor":24,"turns":2},{"damage":0,"enemies":"Book of Stabbing","floor":27,"turns":3},{"damage":0,"enemies":"3 Cultists","floor":28,"turns":2},{"damage":0,"enemies":"Centurion and Healer","floor":29,"turns":3},{"damage":0,"enemies":"Cultist and Chosen","floor":30,"turns":3},{"damage":0,"enemies":"Snake Plant","floor":31,"turns":2},{"damage":0,"enemies":"Automaton","floor":33,"turns":5},{"damage":7,"enemies":"3 Shapes","floor":35,"turns":3},{"damage":0,"enemies":"Orb Walker","floor":36,"turns":1},{"damage":0,"enemies":"Mind Bloom Boss Battle","floor":38,"turns":5},{"damage":0,"enemies":"3 Darklings","floor":39,"turns":3},{"damage":0,"enemies":"Giant Head","floor":40,"turns":5},{"damage":0,"enemies":"Jaw Worm Horde","floor":42,"turns":2},{"damage":0,"enemies":"Spire Growth","floor":44,"turns":3},{"damage":0,"enemies":"Nemesis","floor":45,"turns":3},{"damage":0,"enemies":"R_Hoarder","floor":47,"turns":4},{"damage":3,"enemies":"Awakened One","floor":50,"turns":7},{"damage":0,"enemies":"Donu and Deca","floor":51,"turns":4},{"damage":0,"enemies":"Shield and Spear","floor":55,"turns":3},{"damage":63,"enemies":"The Heart","floor":56,"turns":8}],"seed_played":"2465452818834203543","potions_obtained":[{"floor":1,"key":"FearPotion"},{"floor":4,"key":"Strength Potion"},{"floor":16,"key":"FairyPotion"},{"floor":27,"key":"Explosive Potion"},{"floor":39,"key":"FocusPotion"}],"is_trial":false,"path_per_floor":["M","M","M","M","$","E","R","?","T","?","E","M","E","M","R","B",null,"M","$","M","?","M","R","E","R","T","E","M","M","M","M","R","B",null,"M","M","T","?","M","E","R","M","T","M","E","$","E","?","R","B","B",null,"R","$","E","B",null],"character_chosen":"DEFECT","items_purchased":["Lee\u0027s Waffle","Panache","PreservedInsect","Heatsinks","Chill","hubris:PowerSurge","Replay:Arrowhead","Chemical X","Coolheaded","Conserve Battery","Molten Egg 2","Heatsinks","Barrage+1","Flash of Steel+1","Quantum Egg","Hello World","BargainBundle","hubris:PowerSurge","Leap","ReplayTheSpireMod:Calculation Training","FTL+1","DataDisk","Capacitor","Dramatic Entrance+1","BasicCrystalCard","Block Potion","Runic Capacitor","Defragment","Ball Lightning+1","ReplayTheSpireMod:Private Reserves","hubris:EnhanceAbility","hubris:PowerSurge"],"campfire_rested":0,"item_purchase_floors":[0,0,0,0,0,0,0,0,0,0,0,0,0,0,0,0,0,0,0,0,0,0,0,0,0,0,19,19,19,19,46,54],"current_hp_per_floor":[78,78,78,78,78,78,78,60,60,60,60,53,53,53,53,53,72,72,72,72,72,64,64,64,64,64,64,64,64,64,64,64,64,75,68,68,68,68,68,68,68,68,68,68,68,68,68,68,68,65,65,75,75,75,82,19],"gold":190,"neow_bonus":"","is_daily":false,"chose_seed":false,"campfire_upgraded":14,"win_rate":0.0,"timestamp":1612214057,"path_taken":["M","M","M","M","$","E","R","?","T","?","E","?","E","M","R","BOSS","M","$","M","?","M","R","E","R","T","E","M","M","M","M","R","BOSS","M","M","?","?","M","E","R","M","T","M","E","$","E","?","R","BOSS","BOSS","R","$","E","BOSS"],"items_purchased_type":["Relic","Card","Relic","Card","Card","Card","Relic","Relic","Card","Card","Relic","Card","Card","Card","Relic","Card","Relic","Card","Card","Card","Card","Relic","Card","Card","Card","Potion","Relic","Card","Card","Card","Card","Card"],"build_version":"2020-12-22","purchased_purges":5,"victory":true,"max_hp_per_floor":[78,78,78,78,78,78,78,78,78,78,78,78,78,78,78,78,78,78,78,78,78,78,78,78,78,78,78,78,78,78,78,78,78,78,78,78,78,78,78,78,78,78,78,78,78,78,78,78,78,78,78,78,78,78,85,85],"card_choices":[{"not_picked":["BasicCrystalCard","Conserve Battery"],"picked":"Cold Snap+1","floor":1},{"not_picked":["Rebound+1","Streamline+1","Steam Power"],"picked":"SKIP","floor":2},{"not_picked":["Redo","Streamline+1","Turbo"],"picked":"SKIP","floor":3},{"not_picked":["Conserve Battery","ReplayGash+1","Streamline+1"],"picked":"SKIP","floor":4},{"not_picked":["Barrage+1","ReplayTheSpireMod:Fabricate Wheel"],"picked":"Buffer","floor":6},{"not_picked":["Scrape+1","Recycle","Rebound+1"],"picked":"SKIP","floor":11},{"not_picked":["Go for the Eyes+1","Doom and Gloom+1"],"picked":"Heatsinks","floor":12},{"not_picked":["Stack","Rebound+1","Leap"],"picked":"SKIP","floor":13},{"not_picked":["Beam Cell+1","Conserve Battery","Scrape+1"],"picked":"SKIP","floor":14},{"not_picked":["hubris:DoWhile","Thunder Strike+1"],"picked":"Echo Form","floor":16},{"not_picked":["ReplaySort","Beam Cell+1","ReplayTheSpireMod:GoodbyeWorld"],"picked":"SKIP","floor":18},{"not_picked":["Ball Lightning+1","Stack"],"picked":"Tempest","floor":20},{"not_picked":["ReplayTheSpireMod:GoodbyeWorld","Hologram"],"picked":"Coolheaded+1","floor":22},{"not_picked":["Sweeping Beam+1","Conserve Battery"],"picked":"Multi-Cast","floor":24},{"not_picked":["Ball Lightning+1","Skim","Fusion"],"picked":"SKIP","floor":27},{"not_picked":["Time Bomb","Redo","Steam"],"picked":"SKIP","floor":28},{"not_picked":["Genetic Algorithm+1","Sweeping Beam+1"],"picked":"Defragment","floor":29},{"not_picked":["Rebound+1","Coolheaded","Streamline+1"],"picked":"SKIP","floor":30},{"not_picked":["BasicCrystalCard","Beam Cell+1","Stack"],"picked":"SKIP","floor":31},{"not_picked":["Hyperbeam+1","ReplayTheSpireMod:Fabricate Wheel"],"picked":"Echo Form","floor":33},{"not_picked":["Barrage+1","Ball Lightning+1"],"picked":"Coolheaded+1","floor":35},{"not_picked":["Ball Lightning+1","Go for the Eyes+1","Fusion"],"picked":"SKIP","floor":36},{"not_picked":["Beam Cell+1","Static Discharge"],"picked":"Capacitor","floor":39},{"not_picked":["Compile Driver+1","Stack","Hyperbeam+1"],"picked":"SKIP","floor":40},{"not_picked":["Steam+1","Hologram","Rebound+1"],"picked":"SKIP","floor":42},{"not_picked":["Barrage+1","Panic Button","Gash+1"],"picked":"SKIP","floor":44},{"not_picked":["Conserve Battery+1","FTL+1"],"picked":"Echo Form","floor":45},{"not_picked":["Static Discharge","Coolheaded"],"picked":"Defragment+1","floor":47},{"not_picked":["FIFO Queue+1","Rip and Tear+1"],"picked":"ReplayTheSpireMod:System Scan","floor":48},{"not_picked":["Rebound+1","Panic Button","Beam Cell+1"],"picked":"SKIP","floor":55}],"player_experience":753929,"relics_obtained":[{"floor":6,"key":"Replay:Towering Pillar of Hats"},{"floor":9,"key":"ReplayTheSpireMod:TigerMarble"},{"floor":11,"key":"Omamori"},{"floor":13,"key":"Replay:Bottled Eggs"},{"floor":24,"key":"HornCleat"},{"floor":27,"key":"Oddly Smooth Stone"},{"floor":37,"key":"hubris:DuctTape"},{"floor":40,"key":"hubris:CrystalStatue"},{"floor":45,"key":"War Paint"},{"floor":47,"key":"hubris:Metronome"},{"floor":48,"key":"Replay:Rubber Ducky"},{"floor":55,"key":"Strawberry"}],"event_choices":[{"damage_healed":0,"gold_gain":0,"player_choice":"Success","damage_taken":18,"relics_obtained":["Replay:Bottled Flurry"],"max_hp_gain":0,"max_hp_loss":0,"event_name":"Scrap Ooze","floor":8,"gold_loss":0},{"damage_healed":0,"gold_gain":0,"player_choice":"Trade","damage_taken":0,"relics_obtained":["NlothsMask"],"max_hp_gain":0,"max_hp_loss":0,"event_name":"FaceTrader","floor":10,"gold_loss":0},{"damage_healed":0,"gold_gain":0,"player_choice":"Forge","damage_taken":0,"max_hp_gain":0,"max_hp_loss":0,"event_name":"Accursed Blacksmith","floor":21,"gold_loss":0,"cards_upgraded":["Defragment"]},{"damage_healed":0,"gold_gain":0,"player_choice":"Fight","damage_taken":0,"max_hp_gain":0,"max_hp_loss":0,"event_name":"MindBloom","floor":38,"gold_loss":0}],"is_beta":false,"boss_relics":[{"not_picked":["Tiny House","hubris:RunicObelisk"],"picked":"Abe\u0027s Treasure"},{"not_picked":["Replay:Ancient Bell","ReplayTheSpireMod:DimensionalGlitch"],"picked":"Cursed Key"}],"items_purged_floors":[0,0,0,0,46],"is_endless":false,"potions_floor_spawned":[1,4,6,14,16,20,27,29,33,38,39,42,45],"ascension_level":20}}