{"host":"y3h3n3f7seyagppx","time":1612151311,"event":{"mods":["AlwaysNeverKeys","BaseMod","Better Vampires","Colored Powertips","DeckTracker","Emptier Cage","Minty Spire (QoL Compilation)","Permanent Neow","Quick Restart","Rare Cards Sparkle","Relic Sorter","Relic Stats","StSLib","Transform Curses"],"gold_per_floor":[209,223,234,102,116,148,148,174,248,276,4,4,4,22,22,94,94,113,123,173,173,8,8,36,59,59,79,104,120,140,165,165,236,236,247,122,140,160,170,205,217,249,249,268,280,280,280,308,320,332,344,356,368,56,82,82],"floor_reached":57,"language":"ENG","playtime":6605,"items_purged":["Strike_R","Strike_R","Strike_R"],"score":3023,"play_id":"f07026e7-a42c-4fe7-b10c-97d66270614a","local_time":"20210131224831","is_ascension_mode":true,"campfire_choices":[{"data":"Carnage","floor":7.0,"key":"SMITH"},{"data":"Armaments","floor":15.0,"key":"SMITH"},{"floor":23.0,"key":"REST"},{"data":"Strike_R","floor":32.0,"key":"PURGE"},{"data":"Bash","floor":46.0,"key":"PURGE"},{"data":"Defend_R","floor":49.0,"key":"PURGE"},{"data":"Dropkick+1","floor":53.0,"key":"PURGE"}],"circlet_count":0,"master_deck":["AscendersBane","Defend_R","Defend_R","Defend_R","Carnage+1","Armaments+1","Evolve","Shockwave","Reaper","Carnage","Clothesline+1","Thunderclap+1","Feel No Pain+1","Shrug It Off","Body Slam+1","Impervious","Power Through","Body Slam+1","Second Wind+1","Pommel Strike+1","Sentinel+1","Power Through+1","Thunderclap+1"],"relics":["Burning Blood","Peace Pipe","Gambling Chip","Sundial","Ancient Tea Set","Bag of Preparation","Fusion Hammer","Enchiridion","Sling","Molten Egg 2","Potion Belt","Gremlin Horn","Kunai","Du-Vu Doll","Coffee Dripper","Toy Ornithopter","Regal Pillow","Pantograph","MawBank","Membership Card","Mercury Hourglass","Centennial Puzzle"],"acts_visited":["Exordium","TheCity","TheBeyond","TheEnding"],"potions_floor_usage":[56,56,56],"damage_taken":[{"damage":1.0,"enemies":"Cultist","floor":1.0,"turns":3.0},{"damage":0.0,"enemies":"2 Louse","floor":2.0,"turns":4.0},{"damage":1.0,"enemies":"Small Slimes","floor":3.0,"turns":3.0},{"damage":8.0,"enemies":"Blue Slaver","floor":5.0,"turns":3.0},{"damage":30.0,"enemies":"3 Sentries","floor":6.0,"turns":8.0},{"damage":8.0,"enemies":"Gremlin Nob","floor":8.0,"turns":3.0},{"damage":26.0,"enemies":"Lagavulin","floor":10.0,"turns":7.0},{"damage":0.0,"enemies":"Exordium Wildlife","floor":14.0,"turns":3.0},{"damage":25.0,"enemies":"The Guardian","floor":16.0,"turns":9.0},{"damage":8.0,"enemies":"2 Thieves","floor":18.0,"turns":4.0},{"damage":21.0,"enemies":"3 Byrds","floor":19.0,"turns":5.0},{"damage":29.0,"enemies":"Slavers","floor":24.0,"turns":6.0},{"damage":9.0,"enemies":"Snake Plant","floor":27.0,"turns":4.0},{"damage":0.0,"enemies":"Gremlin Leader","floor":28.0,"turns":3.0},{"damage":10.0,"enemies":"Sentry and Sphere","floor":29.0,"turns":5.0},{"damage":11.0,"enemies":"Centurion and Healer","floor":30.0,"turns":10.0},{"damage":21.0,"enemies":"Slavers","floor":31.0,"turns":4.0},{"damage":68.0,"enemies":"Champ","floor":33.0,"turns":10.0},{"damage":2.0,"enemies":"3 Darklings","floor":35.0,"turns":3.0},{"damage":2.0,"enemies":"3 Shapes","floor":37.0,"turns":3.0},{"damage":7.0,"enemies":"Writhing Mass","floor":38.0,"turns":6.0},{"damage":18.0,"enemies":"Sphere and 2 Shapes","floor":39.0,"turns":10.0},{"damage":29.0,"enemies":"Giant Head","floor":40.0,"turns":8.0},{"damage":2.0,"enemies":"Transient","floor":41.0,"turns":6.0},{"damage":6.0,"enemies":"Reptomancer","floor":42.0,"turns":4.0},{"damage":6.0,"enemies":"Spire Growth","floor":44.0,"turns":4.0},{"damage":0.0,"enemies":"Jaw Worm Horde","floor":45.0,"turns":2.0},{"damage":0.0,"enemies":"Nemesis","floor":48.0,"turns":5.0},{"damage":7.0,"enemies":"Time Eater","floor":50.0,"turns":9.0},{"damage":0.0,"enemies":"Awakened One","floor":51.0,"turns":14.0},{"damage":24.0,"enemies":"Shield and Spear","floor":55.0,"turns":10.0},{"damage":56,"enemies":"The Heart","floor":56,"turns":11}],"seed_played":"-253999764179444098","potions_obtained":[{"floor":3.0,"key":"BlessingOfTheForge"},{"floor":5.0,"key":"BloodPotion"},{"floor":6.0,"key":"SneckoOil"},{"floor":8.0,"key":"Ancient Potion"},{"floor":24.0,"key":"LiquidMemories"},{"floor":29.0,"key":"Explosive Potion"},{"floor":30.0,"key":"SpeedPotion"},{"floor":31.0,"key":"DistilledChaos"},{"floor":33.0,"key":"Weak Potion"},{"floor":35.0,"key":"Dexterity Potion"},{"floor":38.0,"key":"Fire Potion"},{"floor":44.0,"key":"DuplicationPotion"}],"is_trial":false,"path_per_floor":["M","M","M","$","M","E","R","E","T","E","$","?","?","M","R","B",null,"M","M","?","?","$","R","E","T","T","M","E","M","M","E","R","B",null,"M","$","M","M","M","E","M","E","T","M","M","R","$","E","R","B","B",null,"R","$","E","B",null],"character_chosen":"IRONCLAD","items_purchased":["Armaments","Bag of Preparation","Sling","Membership Card","Mercury Hourglass","Thunderclap+1"],"campfire_rested":1,"item_purchase_floors":[4,11,22,54,54,54],"current_hp_per_floor":[73,75,75,75,73,64,64,62,62,42,42,42,35,41,41,22,62,74,65,65,44,44,66,51,51,51,54,75,71,72,67,67,11,59,64,64,75,75,69,64,75,75,75,75,75,75,75,75,75,75,75,75,75,75,66,33],"gold":82,"neow_bonus":"HUNDRED_GOLD","is_daily":false,"chose_seed":false,"campfire_upgraded":2,"win_rate":0.0,"timestamp":1612151311,"path_taken":["M","?","M","$","M","E","R","E","T","E","$","?","?","M","R","BOSS","M","M","?","?","$","R","E","?","T","?","E","M","M","E","R","BOSS","M","?","M","M","M","E","M","E","T","M","M","R","$","E","R","BOSS","BOSS","R","$","E","BOSS"],"items_purchased_type":["Card","Relic","Relic","Relic","Relic","Card"],"build_version":"2020-12-22","purchased_purges":3,"victory":true,"max_hp_per_floor":[75,75,75,75,75,75,75,75,75,75,75,75,75,75,75,75,75,75,75,75,75,75,75,75,75,75,75,75,75,75,75,75,75,75,75,75,75,75,75,75,75,75,75,75,75,75,75,75,75,75,75,75,75,75,75,75],"relic_stats":{"Regal Pillow":0,"Gremlin Horn":[24,24],"counters":[32,189],"Bag of Preparation":[50],"MawBank":72,"Burning Blood":141,"Mercury Hourglass":[51],"Peace Pipe":5,"Centennial Puzzle":[3],"Sundial":[48],"Gambling Chip":[109],"Pantograph":9,"Kunai":[38],"obtain_stats":[{"Potion Belt":25,"Regal Pillow":42,"Gremlin Horn":26,"Enchiridion":21,"Bag of Preparation":11,"Ancient Tea Set":10,"Sling":22,"MawBank":48,"Burning Blood":0,"Mercury Hourglass":54,"Peace Pipe":6,"Du-Vu Doll":31,"Centennial Puzzle":55,"Sundial":9,"Gambling Chip":8,"Pantograph":43,"Molten Egg 2":24,"Fusion Hammer":17,"Coffee Dripper":34,"Kunai":28,"Membership Card":54,"Toy Ornithopter":40},{"Potion Belt":12,"Regal Pillow":25,"Gremlin Horn":12,"Enchiridion":11,"Bag of Preparation":7,"Ancient Tea Set":7,"Sling":11,"MawBank":28,"Burning Blood":0,"Mercury Hourglass":30,"Peace Pipe":5,"Du-Vu Doll":17,"Centennial Puzzle":31,"Sundial":6,"Gambling Chip":6,"Pantograph":25,"Molten Egg 2":12,"Fusion Hammer":9,"Coffee Dripper":18,"Kunai":14,"Membership Card":30,"Toy Ornithopter":23},{"Potion Belt":58,"Regal Pillow":134,"Gremlin Horn":58,"Enchiridion":52,"Bag of Preparation":31,"Ancient Tea Set":31,"Sling":52,"MawBank":145,"Burning Blood":0,"Mercury Hourglass":168,"Peace Pipe":21,"Du-Vu Doll":84,"Centennial Puzzle":178,"Sundial":24,"Gambling Chip":24,"Pantograph":134,"Molten Egg 2":58,"Fusion Hammer":43,"Coffee Dripper":94,"Kunai":65,"Membership Card":168,"Toy Ornithopter":124}],"Toy Ornithopter":4},"card_choices":[{"not_picked":["Havoc","Bloodletting","Clash"],"picked":"SKIP","floor":1.0},{"not_picked":["Havoc","Metallicize"],"picked":"Carnage","floor":2.0},{"not_picked":["Clothesline","Sword Boomerang","Whirlwind"],"picked":"SKIP","floor":3.0},{"not_picked":["Dual Wield","Body Slam","Second Wind"],"picked":"SKIP","floor":5.0},{"not_picked":["Perfected Strike","Entrench","Pummel"],"picked":"SKIP","floor":6.0},{"not_picked":["Warcry","Disarm"],"picked":"Evolve","floor":8.0},{"not_picked":["Second Wind","Intimidate","Fire Breathing"],"picked":"SKIP","floor":10.0},{"not_picked":["True Grit","Thunderclap"],"picked":"Shockwave","floor":14.0},{"not_picked":["Berserk","Demon Form"],"picked":"Reaper","floor":16.0},{"not_picked":["Flex","Wild Strike"],"picked":"Carnage","floor":18.0},{"not_picked":["Evolve+1","Wild Strike","Body Slam"],"picked":"SKIP","floor":19.0},{"not_picked":["Havoc","Warcry"],"picked":"Clothesline+1","floor":24.0},{"not_picked":["Flex","Perfected Strike+1"],"picked":"Thunderclap+1","floor":27.0},{"not_picked":["Perfected Strike+1","Thunderclap+1"],"picked":"Feel No Pain+1","floor":28.0},{"not_picked":["Clothesline+1","Clash+1"],"picked":"Shrug It Off","floor":29.0},{"not_picked":["Immolate+1","Metallicize"],"picked":"Body Slam+1","floor":30.0},{"not_picked":["Body Slam+1","Seeing Red","Uppercut+1"],"picked":"SKIP","floor":31.0},{"not_picked":["Berserk","Juggernaut"],"picked":"Impervious","floor":33.0},{"not_picked":["Clothesline+1","Headbutt+1","True Grit"],"picked":"SKIP","floor":35.0},{"not_picked":["Evolve+1","Thunderclap+1"],"picked":"Power Through","floor":37.0},{"not_picked":["Headbutt+1","Anger+1","Perfected Strike+1"],"picked":"SKIP","floor":38.0},{"not_picked":["Headbutt+1","Anger+1","Perfected Strike+1"],"picked":"SKIP","floor":38.0},{"not_picked":["Clothesline+1","Carnage+1"],"picked":"Body Slam+1","floor":39.0},{"not_picked":["Pommel Strike+1","Wild Strike+1"],"picked":"Second Wind+1","floor":40.0},{"not_picked":["Reckless Charge+1","Anger+1"],"picked":"Pommel Strike+1","floor":41.0},{"not_picked":["Twin Strike+1","Combust","Infernal Blade"],"picked":"SKIP","floor":42.0},{"not_picked":["Twin Strike+1","Combust","Infernal Blade"],"picked":"SKIP","floor":42.0},{"not_picked":["Iron Wave+1","Bludgeon+1"],"picked":"Dropkick+1","floor":44.0},{"not_picked":["Infernal Blade+1","Cleave+1"],"picked":"Sentinel+1","floor":45.0},{"not_picked":["Uppercut+1","Carnage+1"],"picked":"Power Through+1","floor":48.0},{"not_picked":["Headbutt+1","Pommel Strike+1","Ghostly Armor"],"picked":"SKIP","floor":55.0}],"player_experience":21871181,"relics_obtained":[{"floor":6.0,"key":"Peace Pipe"},{"floor":8.0,"key":"Gambling Chip"},{"floor":9.0,"key":"Sundial"},{"floor":10.0,"key":"Ancient Tea Set"},{"floor":21.0,"key":"Enchiridion"},{"floor":24.0,"key":"Molten Egg 2"},{"floor":25.0,"key":"Potion Belt"},{"floor":26.0,"key":"Gremlin Horn"},{"floor":28.0,"key":"Kunai"},{"floor":31.0,"key":"Du-Vu Doll"},{"floor":40.0,"key":"Toy Ornithopter"},{"floor":42.0,"key":"Regal Pillow"},{"floor":43.0,"key":"Pantograph"},{"floor":48.0,"key":"MawBank"},{"floor":55.0,"key":"Centennial Puzzle"}],"event_choices":[{"damage_healed":0.0,"max_hp_gain":0.0,"max_hp_loss":0.0,"gold_gain":0.0,"event_name":"Liars Game","player_choice":"Ignored","floor":12.0,"gold_loss":0.0,"damage_taken":0.0},{"cards_removed":["Strike_R"],"damage_healed":0.0,"max_hp_gain":0.0,"max_hp_loss":0.0,"gold_gain":0.0,"event_name":"Golden Wing","player_choice":"Card Removal","floor":13.0,"gold_loss":0.0,"damage_taken":7.0},{"damage_healed":0.0,"max_hp_gain":0.0,"max_hp_loss":0.0,"gold_gain":50.0,"event_name":"Nest","player_choice":"Stole From Cult","floor":20.0,"gold_loss":0.0,"damage_taken":0.0},{"damage_healed":0.0,"max_hp_gain":0.0,"max_hp_loss":0.0,"gold_gain":0.0,"event_name":"Cursed Tome","player_choice":"Obtained Book","floor":21.0,"gold_loss":0.0,"damage_taken":21.0}],"is_beta":false,"boss_relics":[{"not_picked":["Ectoplasm","Sozu"],"picked":"Fusion Hammer"},{"not_picked":["Black Star","Runic Cube"],"picked":"Coffee Dripper"}],"items_purged_floors":[4,11,36],"is_endless":false,"potions_floor_spawned":[3,5,6,8,24,29,30,31,33,35,38,39,44,48],"ascension_level":20}}