{"host":"syozzdlzcqop4jia","time":1612215710,"event":{"mods":["BaseMod","Colored Map","Colored Powertips","Minty Spire (QoL Compilation)","Quick Restart"],"gold_per_floor":[115,115,115,126,141,141,141,141,166,191,191,201,201,216,216,315,315,329,429,441,455,455,455],"floor_reached":22,"language":"ENG","playtime":1120,"items_purged":[],"score":223,"play_id":"3426133f-9551-4f25-a7ec-e34d9190b64b","local_time":"20210201224150","is_ascension_mode":true,"campfire_choices":[{"data":"Juggernaut","floor":6,"key":"SMITH"},{"data":"Perfected Strike","floor":8,"key":"SMITH"},{"data":"Pommel Strike","floor":11,"key":"SMITH"},{"data":"Sword Boomerang","floor":15,"key":"SMITH"}],"circlet_count":0,"master_deck":["Strike_R","Strike_R","Strike_R+1","Strike_R","Strike_R+1","Defend_R","Defend_R+1","Defend_R","Defend_R+1","Bash","Juggernaut+1","Perfected Strike+1","Twin Strike","Pommel Strike+1","Cleave","Sword Boomerang+1","Pommel Strike","Fiend Fire","Sword Boomerang","Cleave","Shrug It Off"],"relics":["Burning Blood","War Paint","NlothsMask","Dream Catcher","Velvet Choker"],"acts_visited":["Exordium","TheCity"],"potions_floor_usage":[10,21,22],"damage_taken":[{"damage":3,"enemies":"2 Louse","floor":1,"turns":4},{"damage":4,"enemies":"Jaw Worm","floor":4,"turns":4},{"damage":7,"enemies":"Small Slimes","floor":5,"turns":3},{"damage":36,"enemies":"3 Sentries","floor":10,"turns":9},{"damage":5,"enemies":"Gremlin Gang","floor":12,"turns":3},{"damage":5,"enemies":"3 Louse","floor":14,"turns":2},{"damage":38,"enemies":"Slime Boss","floor":16,"turns":8},{"damage":2,"enemies":"Chosen","floor":18,"turns":3},{"damage":22,"enemies":"Shell Parasite","floor":20,"turns":3},{"damage":61,"enemies":"Centurion and Healer","floor":21,"turns":5},{"damage":11,"enemies":"Snake Plant","floor":22,"turns":3}],"seed_played":"1515190727027203462","potions_obtained":[{"floor":4,"key":"EssenceOfSteel"},{"floor":5,"key":"BloodPotion"},{"floor":20,"key":"LiquidMemories"},{"floor":21,"key":"Weak Potion"}],"is_trial":false,"path_per_floor":["M","?","T","M","M","R","?","R","T","E","R","M","?","M","R","B",null,"M","?","M","M","M"],"character_chosen":"IRONCLAD","items_purchased":[],"campfire_rested":0,"item_purchase_floors":[],"current_hp_per_floor":[80,80,80,80,79,79,79,79,79,65,65,66,50,51,51,19,80,80,80,64,9,0,0],"gold":455,"neow_bonus":"ONE_RANDOM_RARE_CARD","is_daily":false,"chose_seed":false,"campfire_upgraded":4,"win_rate":0.0,"timestamp":1612215710,"path_taken":["M","?","?","M","M","R","?","R","T","E","R","?","?","M","R","BOSS","M","?","?","M","M"],"items_purchased_type":[],"build_version":"2020-12-22","purchased_purges":0,"victory":false,"max_hp_per_floor":[80,80,80,80,80,80,80,80,80,80,80,80,80,80,80,80,80,80,80,80,80,80,80],"card_choices":[{"not_picked":["Iron Wave","Flame Barrier"],"picked":"Perfected Strike","floor":1},{"not_picked":["Havoc","Armaments"],"picked":"Twin Strike","floor":4},{"not_picked":["Fiend Fire","Iron Wave"],"picked":"Pommel Strike","floor":5},{"not_picked":["Evolve","Clothesline"],"picked":"Cleave","floor":10},{"not_picked":["Shrug It Off","Iron Wave"],"picked":"Sword Boomerang","floor":12},{"not_picked":["Iron Wave","Warcry"],"picked":"Pommel Strike","floor":14},{"not_picked":["Juggernaut","Brutality"],"picked":"Fiend Fire","floor":16},{"not_picked":["Infernal Blade","Wild Strike"],"picked":"Sword Boomerang","floor":18},{"not_picked":["True Grit","Thunderclap"],"picked":"Cleave","floor":20},{"not_picked":["Juggernaut","Power Through"],"picked":"Shrug It Off","floor":21}],"player_experience":496801,"relics_obtained":[{"floor":3,"key":"War Paint"},{"floor":10,"key":"Dream Catcher"}],"event_choices":[{"damage_healed":0,"gold_gain":0,"player_choice":"Ignored","damage_taken":0,"max_hp_gain":0,"max_hp_loss":0,"event_name":"Liars Game","floor":2,"gold_loss":0},{"damage_healed":0,"gold_gain":0,"player_choice":"Trade","damage_taken":0,"relics_obtained":["NlothsMask"],"max_hp_gain":0,"max_hp_loss":0,"event_name":"FaceTrader","floor":7,"gold_loss":0},{"damage_healed":0,"gold_gain":0,"player_choice":"Entered Light","damage_taken":16,"max_hp_gain":0,"max_hp_loss":0,"event_name":"Shining Light","floor":13,"gold_loss":0,"cards_upgraded":["Strike_R","Strike_R"]},{"damage_healed":0,"gold_gain":100,"player_choice":"Pray","damage_taken":0,"max_hp_gain":0,"max_hp_loss":0,"event_name":"Golden Shrine","floor":19,"gold_loss":0}],"is_beta":false,"boss_relics":[{"not_picked":["Ectoplasm","Black Star"],"picked":"Velvet Choker"}],"items_purged_floors":[],"is_endless":false,"potions_floor_spawned":[4,5,20,21],"killed_by":"Snake Plant","ascension_level":4}}