{"host":"zk71suw73lg2r165","time":1612199849,"event":{"mods":["BaseMod","Colored Map","Minty Spire (QoL Compilation)","Permanent Neow","Relic Stats","StSLib"],"gold_per_floor":[361,374,374,43,57,57,82,82,82,108,108,118,150,161,161,234,234,244,264,264,340,354,354,387,387,387,412,412,439,329,355,355,426,426,441,461,510,510,510,543,543,573,573,605,86,86,133,53,53,53,53,53,53,53,88,88,88],"floor_reached":56,"language":"ENG","playtime":2412,"items_purged":["Decay","Parasite"],"score":2125,"play_id":"ba631bea-883b-4b49-8314-566b60cf0b1c","local_time":"20210201121729","is_ascension_mode":true,"campfire_choices":[{"data":"Doom and Gloom","floor":6.0,"key":"SMITH"},{"data":"Reinforced Body","floor":8.0,"key":"SMITH"},{"data":"Cold Snap","floor":11.0,"key":"SMITH"},{"data":"Hello World","floor":15.0,"key":"SMITH"},{"data":"Biased Cognition","floor":23.0,"key":"SMITH"},{"data":"Biased Cognition","floor":25.0,"key":"SMITH"},{"floor":28.0,"key":"REST"},{"data":"1","floor":32.0,"key":"LIFT"},{"floor":41.0,"key":"RECALL"},{"data":"Creative AI","floor":49.0,"key":"SMITH"},{"data":"Machine Learning","floor":53.0,"key":"SMITH"}],"circlet_count":0,"master_deck":["AscendersBane","Strike_B","Defend_B","Defend_B","Defend_B","Zap+1","Dualcast","Reinforced Body+1","Hello World+1","Glacier+1","Doom and Gloom+1","Conserve Battery+1","Cold Snap+1","Coolheaded+1","Compile Driver+1","Stack+1","Biased Cognition+1","Undo+1","Compile Driver+1","Biased Cognition+1","Darkness+1","Chaos+1","Creative AI+1","Turbo+1","Panache","Machine Learning+1","Clumsy","White Noise+1"],"relics":["Cracked Core","Toxic Egg 2","Eternal Feather","Mercury Hourglass","Mango","Letter Opener","Cursed Key","The Courier","MealTicket","Bird Faced Urn","Centennial Puzzle","Cables","Girya","Busted Crown","WingedGreaves","Prayer Wheel","Whetstone","Dead Branch","OrangePellets","Art of War","Strawberry","Anchor","Nunchaku"],"acts_visited":["Exordium","TheCity","TheBeyond","TheEnding"],"potions_floor_usage":[56],"damage_taken":[{"damage":3.0,"enemies":"2 Louse","floor":1.0,"turns":2.0},{"damage":2.0,"enemies":"Jaw Worm","floor":2.0,"turns":3.0},{"damage":3.0,"enemies":"Small Slimes","floor":5.0,"turns":4.0},{"damage":0.0,"enemies":"3 Sentries","floor":7.0,"turns":5.0},{"damage":26.0,"enemies":"Lagavulin","floor":10.0,"turns":8.0},{"damage":10.0,"enemies":"Exordium Thugs","floor":12.0,"turns":3.0},{"damage":14.0,"enemies":"Gremlin Nob","floor":13.0,"turns":4.0},{"damage":0.0,"enemies":"3 Louse","floor":14.0,"turns":2.0},{"damage":18.0,"enemies":"The Guardian","floor":16.0,"turns":12.0},{"damage":1.0,"enemies":"Shell Parasite","floor":18.0,"turns":7.0},{"damage":0.0,"enemies":"Spheric Guardian","floor":19.0,"turns":4.0},{"damage":12.0,"enemies":"3 Cultists","floor":22.0,"turns":5.0},{"damage":17.0,"enemies":"Book of Stabbing","floor":24.0,"turns":8.0},{"damage":36.0,"enemies":"Slavers","floor":27.0,"turns":5.0},{"damage":28.0,"enemies":"Book of Stabbing","floor":29.0,"turns":5.0},{"damage":15.0,"enemies":"Gremlin Leader","floor":31.0,"turns":4.0},{"damage":42.0,"enemies":"Champ","floor":33.0,"turns":9.0},{"damage":11.0,"enemies":"Orb Walker","floor":35.0,"turns":3.0},{"damage":0.0,"enemies":"3 Shapes","floor":36.0,"turns":5.0},{"damage":26.0,"enemies":"2 Orb Walkers","floor":37.0,"turns":5.0},{"damage":0.0,"enemies":"Nemesis","floor":40.0,"turns":9.0},{"damage":45.0,"enemies":"Giant Head","floor":42.0,"turns":8.0},{"damage":14.0,"enemies":"Reptomancer","floor":44.0,"turns":6.0},{"damage":36.0,"enemies":"Time Eater","floor":50.0,"turns":11.0},{"damage":67.0,"enemies":"Awakened One","floor":51.0,"turns":10.0},{"damage":49.0,"enemies":"Shield and Spear","floor":55.0,"turns":6.0},{"damage":69,"enemies":"The Heart","floor":56,"turns":3}],"seed_played":"-8779680867242378255","potions_obtained":[{"floor":1.0,"key":"ColorlessPotion"},{"floor":2.0,"key":"EntropicBrew"},{"floor":7.0,"key":"Weak Potion"},{"floor":12.0,"key":"SteroidPotion"},{"floor":13.0,"key":"LiquidMemories"},{"floor":19.0,"key":"PotionOfCapacity"},{"floor":29.0,"key":"BlessingOfTheForge"},{"floor":33.0,"key":"PotionOfCapacity"},{"floor":37.0,"key":"SteroidPotion"},{"floor":42.0,"key":"DistilledChaos"},{"floor":55.0,"key":"SpeedPotion"}],"is_trial":false,"path_per_floor":["M","M","?","$","M","R","E","R","T","E","R","M","E","M","R","B",null,"M","M","?","T","M","R","E","R","T","E","R","E","?","E","R","B",null,"M","M","?","?","?","E","R","E","T","E","$","?","T","$","R","B","B",null,"R","$","E","B"],"character_chosen":"DEFECT","items_purchased":["Toxic Egg 2","Glacier+1","OrangePellets","Art of War","Strawberry","White Noise+1"],"campfire_rested":1,"item_purchase_floors":[4,4,45,45,45,45],"current_hp_per_floor":[61,59,52,52,49,49,49,58,58,46,55,45,31,31,40,22,64,63,63,63,63,51,63,46,58,58,28,63,41,41,32,44,6,60,53,69,49,49,49,78,78,39,39,47,69,69,69,82,82,69,22,67,82,82,49,0,0],"gold":88,"neow_bonus":"TWO_FIFTY_GOLD","is_daily":false,"chose_seed":false,"campfire_upgraded":8,"win_rate":0.0,"timestamp":1612199849,"path_taken":["M","M","?","$","M","R","E","R","T","E","R","M","E","M","R","BOSS","M","M","?","?","M","R","E","R","T","E","R","E","?","E","R","BOSS","M","M","?","?","?","E","R","E","T","E","$","?","?","$","R","BOSS","BOSS","R","$","E","BOSS"],"items_purchased_type":["Relic","Card","Relic","Relic","Relic","Card"],"build_version":"2020-12-22","purchased_purges":2,"victory":false,"max_hp_per_floor":[64,64,64,64,64,64,64,64,64,78,78,78,78,78,78,78,78,78,78,78,78,78,78,78,78,78,78,78,78,78,78,78,78,78,78,78,78,78,78,78,78,78,78,78,85,85,85,82,82,82,82,82,82,82,82,82,82],"relic_stats":{"counters":[27,156],"Dead Branch":[25],"Eternal Feather":90,"Letter Opener":[373],"Whetstone":["Compile Driver","Compile Driver"],"Cursed Key":4,"Mercury Hourglass":[507],"Cables":[74,25,31,17,1],"OrangePellets":[9],"Centennial Puzzle":[33],"Nunchaku":[0],"Busted Crown":16,"Bird Faced Urn":[170],"MealTicket":30,"Prayer Wheel":0,"Art of War":[9],"obtain_stats":[{"Girya":31,"Dead Branch":44,"Eternal Feather":7,"Mango":10,"The Courier":21,"Letter Opener":13,"Whetstone":42,"Cursed Key":17,"Mercury Hourglass":9,"Cables":29,"OrangePellets":45,"Centennial Puzzle":27,"Anchor":47,"Nunchaku":55,"Busted Crown":34,"Bird Faced Urn":26,"Strawberry":45,"MealTicket":24,"Prayer Wheel":40,"WingedGreaves":37,"Art of War":45,"Toxic Egg 2":4,"Cracked Core":0},{"Girya":16,"Dead Branch":23,"Eternal Feather":4,"Mango":5,"The Courier":11,"Letter Opener":7,"Whetstone":22,"Cursed Key":9,"Mercury Hourglass":4,"Cables":15,"OrangePellets":23,"Centennial Puzzle":14,"Anchor":23,"Nunchaku":26,"Busted Crown":17,"Bird Faced Urn":13,"Strawberry":23,"MealTicket":13,"Prayer Wheel":21,"WingedGreaves":20,"Art of War":23,"Toxic Egg 2":2,"Cracked Core":0},{"Girya":81,"Dead Branch":126,"Eternal Feather":14,"Mango":22,"The Courier":54,"Letter Opener":29,"Whetstone":120,"Cursed Key":43,"Mercury Hourglass":14,"Cables":77,"OrangePellets":126,"Centennial Puzzle":72,"Anchor":126,"Nunchaku":153,"Busted Crown":90,"Bird Faced Urn":67,"Strawberry":126,"MealTicket":67,"Prayer Wheel":112,"WingedGreaves":103,"Art of War":126,"Toxic Egg 2":5,"Cracked Core":0}]},"card_choices":[{"not_picked":["Turbo","Gash"],"picked":"Reinforced Body","floor":1.0},{"not_picked":["Hologram","Fusion"],"picked":"Hello World","floor":2.0},{"not_picked":["BootSequence+1","Recycle+1"],"picked":"Doom and Gloom","floor":5.0},{"not_picked":["Machine Learning","Redo+1"],"picked":"Conserve Battery+1","floor":7.0},{"not_picked":["Fusion+1","Gash"],"picked":"Cold Snap","floor":10.0},{"not_picked":["Sweeping Beam","Streamline"],"picked":"Coolheaded+1","floor":12.0},{"not_picked":["Steam+1","Force Field+1"],"picked":"Compile Driver","floor":13.0},{"not_picked":["Buffer","Auto Shields+1"],"picked":"Stack+1","floor":14.0},{"not_picked":["Fission+1","Machine Learning"],"picked":"Biased Cognition","floor":16.0},{"not_picked":["Melter","Reinforced Body+1","Compile Driver+1"],"picked":"SKIP","floor":18.0},{"not_picked":["Chaos+1","Redo+1"],"picked":"Undo+1","floor":19.0},{"not_picked":["Sweeping Beam","Chaos+1"],"picked":"Darkness+1","floor":22.0},{"not_picked":["Scrape","Sweeping Beam","Melter"],"picked":"SKIP","floor":24.0},{"not_picked":["Force Field+1","Recycle+1","Go for the Eyes"],"picked":"SKIP","floor":27.0},{"not_picked":["Aggregate+1","Steam+1","Barrage"],"picked":"SKIP","floor":29.0},{"not_picked":["Redo+1","Stack+1"],"picked":"Chaos+1","floor":31.0},{"not_picked":["Biased Cognition","Meteor Strike"],"picked":"Creative AI","floor":33.0},{"not_picked":["Cold Snap+1"],"picked":"SKIP","floor":35.0},{"not_picked":["BootSequence+1"],"picked":"SKIP","floor":36.0},{"not_picked":[],"picked":"Turbo+1","floor":37.0},{"not_picked":[],"picked":"Panache","floor":39.0},{"not_picked":["Turbo+1"],"picked":"SKIP","floor":40.0},{"not_picked":[],"picked":"Machine Learning","floor":42.0},{"not_picked":["Compile Driver"],"picked":"SKIP","floor":44.0},{"not_picked":["Darkness+1"],"picked":"SKIP","floor":55.0}],"player_experience":1435255,"relics_obtained":[{"floor":7.0,"key":"Eternal Feather"},{"floor":9.0,"key":"Mercury Hourglass"},{"floor":10.0,"key":"Mango"},{"floor":13.0,"key":"Letter Opener"},{"floor":21.0,"key":"The Courier"},{"floor":24.0,"key":"MealTicket"},{"floor":26.0,"key":"Bird Faced Urn"},{"floor":27.0,"key":"Centennial Puzzle"},{"floor":29.0,"key":"Cables"},{"floor":31.0,"key":"Girya"},{"floor":37.0,"key":"WingedGreaves"},{"floor":40.0,"key":"Prayer Wheel"},{"floor":42.0,"key":"Whetstone"},{"floor":44.0,"key":"Dead Branch"},{"floor":47.0,"key":"Anchor"},{"floor":55.0,"key":"Nunchaku"}],"event_choices":[{"cards_removed":["Strike_B"],"damage_healed":0.0,"max_hp_gain":0.0,"max_hp_loss":0.0,"gold_gain":0.0,"event_name":"Golden Wing","player_choice":"Card Removal","floor":3.0,"gold_loss":0.0,"damage_taken":7.0},{"damage_healed":0.0,"max_hp_gain":0.0,"max_hp_loss":0.0,"gold_gain":0.0,"cards_transformed":["Strike_B","Strike_B"],"event_name":"Drug Dealer","player_choice":"Became Test Subject","floor":20.0,"gold_loss":0.0,"damage_taken":0.0,"cards_obtained":["Compile Driver","Biased Cognition"]},{"cards_removed":["Normality"],"damage_healed":0.0,"max_hp_gain":0.0,"max_hp_loss":0.0,"gold_gain":0.0,"event_name":"Designer","player_choice":"Upgrade and Remove","floor":30.0,"gold_loss":110.0,"damage_taken":0.0,"cards_upgraded":["Zap"]},{"damage_healed":0.0,"max_hp_gain":0.0,"max_hp_loss":0.0,"gold_gain":0.0,"event_name":"Mysterious Sphere","player_choice":"Fight","floor":37.0,"gold_loss":0.0,"damage_taken":0.0},{"damage_healed":0.0,"max_hp_gain":0.0,"max_hp_loss":0.0,"gold_gain":0.0,"event_name":"Tomb of Lord Red Mask","player_choice":"Ignored","floor":38.0,"gold_loss":0.0,"damage_taken":0.0},{"damage_healed":0.0,"max_hp_gain":0.0,"max_hp_loss":0.0,"gold_gain":0.0,"event_name":"SensoryStone","player_choice":"Memory 1","floor":39.0,"gold_loss":0.0,"damage_taken":0.0},{"cards_removed":["Defend_B"],"damage_healed":0.0,"max_hp_gain":0.0,"max_hp_loss":0.0,"gold_gain":0.0,"event_name":"Falling","player_choice":"Removed Skill","floor":46.0,"gold_loss":0.0,"damage_taken":0.0}],"is_beta":false,"boss_relics":[{"not_picked":["Ectoplasm","SlaversCollar"],"picked":"Cursed Key"},{"not_picked":["Runic Dome","Calling Bell"],"picked":"Busted Crown"}],"items_purged_floors":[45,48],"is_endless":false,"potions_floor_spawned":[1,2,7,12,13,14,19,29,33,37,42,55],"killed_by":"The Heart","ascension_level":20}}