{"host":"3utruza25chulvet","time":1612188658,"event":{"mods":["2.2 Compatiblity","BaseMod","Colored Map","Colored Powertips","Duelist Mod","Minty Spire (QoL Compilation)","Quick Restart","StSLib","SuperFastMode"],"gold_per_floor":[142,12,12,12,24,51,79,79,79,111,61,81,81,94,137,137,263,263,278,297,318,333,333,333],"floor_reached":23,"language":"ENG","playtime":1213,"items_purged":["theDuelist:Sparks"],"score":295,"play_id":"8a5371a9-3c8d-4133-b9c8-6d5926806b27","local_time":"20210201081058","is_ascension_mode":true,"campfire_choices":[{"data":"Apotheosis","floor":8,"key":"SMITH"},{"floor":16,"key":"REST"}],"circlet_count":0,"master_deck":["theDuelist:CastleWalls","theDuelist:CastleWalls","theDuelist:MangaRyuRan","theDuelist:Sparks","theDuelist:ToonAncientGear","theDuelist:ToonMermaid","theDuelist:ToonSummonedSkull","theDuelist:ToonWorld","theDuelist:GracefulCharity","theDuelist:BlueEyesToon","theDuelist:RedEyesToon","Apotheosis+1","theDuelist:ToonAncientGear","theDuelist:BlueEyesToon","theDuelist:UltraPolymerization","theDuelist:ToonKingdom","Thinking Ahead","theDuelist:WingedKuribohLv10","theDuelist:ToonGeminiElf+1","theDuelist:PotGenerosity","theDuelist:MagicalStone","theDuelist:ToonGeminiElf"],"relics":["theDuelist:MillenniumPuzzle","theDuelist:CardPoolRelic","theDuelist:CardPoolBasicRelic","theDuelist:BoosterPackPoolRelic","theDuelist:CardPoolAddRelic","theDuelist:CardPoolMinusRelic","theDuelist:CardPoolSaveRelic","theDuelist:CardPoolOptionsRelic","NeowsBlessing","theDuelist:PointPass","theDuelist:DuelistOrichalcum","Happy Flower","Odd Mushroom","Bottled Flame","Self Forming Clay","Golden Idol","FossilizedHelix","Mark of Pain"],"acts_visited":["Exordium","TheCity"],"potions_floor_usage":[14,19,23,23],"damage_taken":[{"damage":0,"enemies":"Jaw Worm","floor":1,"turns":1},{"damage":2,"enemies":"2 Louse","floor":5,"turns":1},{"damage":1,"enemies":"Gremlin Nob","floor":6,"turns":2},{"damage":4,"enemies":"The Mushroom Lair","floor":7,"turns":3},{"damage":18,"enemies":"3 Sentries","floor":10,"turns":7},{"damage":2,"enemies":"Small Slimes","floor":12,"turns":1},{"damage":3,"enemies":"2 Fungi Beasts","floor":14,"turns":5},{"damage":20,"enemies":"Lagavulin","floor":15,"turns":3},{"damage":20,"enemies":"The Guardian","floor":17,"turns":6},{"damage":5,"enemies":"3 Byrds","floor":19,"turns":4},{"damage":12,"enemies":"Chosen","floor":20,"turns":3},{"damage":15,"enemies":"Centurion and Healer","floor":21,"turns":5},{"damage":19,"enemies":"Snecko","floor":22,"turns":5},{"damage":23,"enemies":"Snake Plant","floor":23,"turns":1}],"seed_played":"5943984535549131336","potions_obtained":[{"floor":6,"key":"GamblersBrew"},{"floor":10,"key":"SkillPotion"},{"floor":15,"key":"Explosive Potion"},{"floor":17,"key":"theDuelist:CoolBottle"},{"floor":20,"key":"FearPotion"},{"floor":21,"key":"Energy Potion"}],"is_trial":false,"path_per_floor":["M","$","?","?","M","E","?","R","T","E","?","M","?","M","E","R","B",null,"M","M","M","M","M"],"character_chosen":"THE_DUELIST","items_purchased":["theDuelist:BlueEyesToon","theDuelist:PointPass","theDuelist:RedEyesToon","Apotheosis"],"campfire_rested":1,"item_purchase_floors":[2,2,2,2],"current_hp_per_floor":[80,80,85,79,77,76,72,72,72,54,54,52,52,49,29,52,32,67,62,50,35,16,0,0],"gold":333,"neow_bonus":"THREE_ENEMY_KILL","is_daily":false,"chose_seed":false,"campfire_upgraded":1,"win_rate":0.0,"timestamp":1612188658,"path_taken":["M","$","?","?","?","E","?","R","T","E","?","M","?","?","E","R","BOSS","M","M","M","?","M"],"items_purchased_type":["Card","Relic","Card","Card"],"build_version":"2020-12-22","purchased_purges":1,"victory":false,"max_hp_per_floor":[80,80,85,85,85,85,85,85,85,85,85,85,79,79,79,79,79,79,79,79,79,79,79,79],"card_choices":[{"not_picked":["theDuelist:ToonMermaid","theDuelist:ToonAncientGear","theDuelist:ToonBarrelDragon","theDuelist:RedEyesToon"],"picked":"theDuelist:GracefulCharity","floor":1},{"not_picked":["theDuelist:EvilswarmHeliotrope","theDuelist:WormApocalypse","theDuelist:Jinzo","theDuelist:OneForOne","theDuelist:GemArmadillo"],"picked":"SKIP","floor":5},{"not_picked":["theDuelist:EarthquakeGiant","theDuelist:MillenniumGolem","theDuelist:MudGolem","theDuelist:WormKing","theDuelist:MudragonSwamp"],"picked":"SKIP","floor":6},{"not_picked":["theDuelist:SpellShatteringArrow","theDuelist:ToonMermaid","theDuelist:ToonGoblin","theDuelist:ToonDarkMagician"],"picked":"theDuelist:ToonAncientGear","floor":7},{"not_picked":["theDuelist:SpellShatteringArrow","theDuelist:MangaRyuRan","theDuelist:ToonMermaid","theDuelist:ToonBarrelDragon"],"picked":"theDuelist:BlueEyesToon","floor":10},{"not_picked":["theDuelist:Blockman","theDuelist:Metronome","theDuelist:SlotMachine","theDuelist:YamiForm"],"picked":"theDuelist:UltraPolymerization","floor":12},{"not_picked":["theDuelist:ComicHand","theDuelist:ToonMagic","theDuelist:ToonWorld","theDuelist:GracefulCharity"],"picked":"theDuelist:ToonKingdom","floor":14},{"not_picked":["Discovery","Jack Of All Trades","Panache"],"picked":"Thinking Ahead","floor":15},{"not_picked":["theDuelist:Blockman","theDuelist:MagicCylinder","theDuelist:MillenniumShield","theDuelist:RainbowJar"],"picked":"theDuelist:WingedKuribohLv10","floor":17},{"not_picked":["theDuelist:ToonSummonedSkull","theDuelist:ToonMaskedSorcerer","theDuelist:ToonMask","theDuelist:HeartUnderdog"],"picked":"theDuelist:ToonGeminiElf+1","floor":19},{"not_picked":["theDuelist:Mathematician","theDuelist:RainbowJar+1","theDuelist:SlotMachine","theDuelist:TheCreator"],"picked":"theDuelist:PotGenerosity","floor":20},{"not_picked":["theDuelist:MudGolem+1","theDuelist:BigEye","theDuelist:HeavyStorm+1","theDuelist:TimeSeal"],"picked":"theDuelist:MagicalStone","floor":21},{"not_picked":["theDuelist:BlueEyesToon","theDuelist:ToonDarkMagician","theDuelist:ToonAncientGear","theDuelist:ToonSummonedSkull+1"],"picked":"theDuelist:ToonGeminiElf","floor":22}],"player_experience":200445,"relics_obtained":[{"floor":6,"key":"Happy Flower"},{"floor":7,"key":"Odd Mushroom"},{"floor":9,"key":"Bottled Flame"},{"floor":10,"key":"Self Forming Clay"},{"floor":15,"key":"FossilizedHelix"}],"event_choices":[{"damage_healed":0,"gold_gain":0,"player_choice":"Donut","damage_taken":0,"max_hp_gain":5,"max_hp_loss":0,"event_name":"Big Fish","floor":3,"gold_loss":0},{"damage_healed":0,"gold_gain":0,"player_choice":"Dig - random Duelist relic","duelist":true,"damage_taken":0,"max_hp_gain":0,"max_hp_loss":0,"event_name":"Aknamkanon\u0027s Tomb","floor":4,"gold_loss":0},{"damage_healed":0,"gold_gain":0,"player_choice":"Fought Mushrooms","damage_taken":0,"max_hp_gain":0,"max_hp_loss":0,"event_name":"Mushrooms","floor":7,"gold_loss":0},{"cards_removed":["theDuelist:Sparks"],"damage_healed":0,"gold_gain":0,"player_choice":"Card Removal","damage_taken":0,"max_hp_gain":0,"max_hp_loss":0,"event_name":"The Cleric","floor":11,"gold_loss":50},{"damage_healed":0,"gold_gain":0,"player_choice":"Lose Max HP","damage_taken":0,"relics_obtained":["Golden Idol"],"max_hp_gain":0,"max_hp_loss":6,"event_name":"Golden Idol","floor":13,"gold_loss":0}],"is_beta":false,"boss_relics":[{"not_picked":["SlaversCollar","SacredBark"],"picked":"Mark of Pain"}],"items_purged_floors":[2],"is_endless":false,"potions_floor_spawned":[6,10,15,17,20,21,22],"killed_by":"Snake Plant","ascension_level":5}}