{"host":"9bcwdp8h7kwcxx90","time":1612141544,"event":{"mods":["2.2 Compatiblity","BaseMod","Colored Map","Colored Powertips","Downfall","Infinite Spire","Minty Spire (QoL Compilation)","Permanent Neow","Quick Restart","Random Character Button","Relic Sorter","Relic Stats","Reliquary","Robot Space Explorer","Shop Mod","StSLib","The Marked","Unknown Chances"],"gold_per_floor":[99,115,125,136,156,171,221,221,221,221],"floor_reached":8,"language":"ENG","playtime":547,"items_purged":[],"score":53,"play_id":"6e10375f-87e7-4fce-88ec-7dbad70f1597","local_time":"20210131190544","is_ascension_mode":true,"campfire_choices":[{"data":"bronze:Goto","floor":1,"key":"SMITH"}],"circlet_count":0,"master_deck":["bronze:Strike","bronze:Strike","bronze:Strike","bronze:Strike","bronze:Defend","bronze:Defend","bronze:Defend","bronze:Defend","bronze:Replicate","bronze:Goto+1","Regret","Panache","bronze:WildBeam","bronze:ItsAFeature","bronze:Terminator","bronze:Allocate","bronze:BugBarrage"],"relics":["bronze:BronzeCore","Juzu Bracelet"],"acts_visited":["Exordium"],"potions_floor_usage":[6,6],"damage_taken":[{"damage":27,"enemies":"infinitespire:Voidling","floor":2,"turns":5},{"damage":0,"enemies":"2 Louse","floor":3,"turns":2},{"damage":7,"enemies":"Jaw Worm","floor":4,"turns":3},{"damage":5,"enemies":"Exordium Wildlife","floor":5,"turns":3},{"damage":8,"enemies":"Large Slime","floor":6,"turns":3},{"damage":22,"enemies":"Lagavulin","floor":8,"turns":6}],"seed_played":"7801860633541457591","potions_obtained":[{"floor":3,"key":"Energy Potion"},{"floor":6,"key":"Fruit Juice"}],"is_trial":false,"path_per_floor":["R","M","M","M","M","M","T","E"],"character_chosen":"THE_AUTOMATON","items_purchased":[],"campfire_rested":0,"item_purchase_floors":[],"current_hp_per_floor":[70,43,43,36,31,28,28,6,6,6],"gold":221,"neow_bonus":"RANDOM_COLORLESS_2","is_daily":false,"chose_seed":false,"campfire_upgraded":1,"win_rate":0.0,"timestamp":1612141544,"path_taken":["R","M","M","M","?","M","T","E"],"items_purchased_type":[],"build_version":"2020-12-22","purchased_purges":0,"victory":false,"max_hp_per_floor":[70,70,70,70,70,75,75,75,75,75],"relic_stats":{"counters":[6,22],"Juzu Bracelet":0,"obtain_stats":[{"bronze:BronzeCore":0,"Juzu Bracelet":7},{"bronze:BronzeCore":0,"Juzu Bracelet":5},{"bronze:BronzeCore":0,"Juzu Bracelet":16}]},"card_choices":[{"not_picked":["Transmutation","Magnetism"],"picked":"Panache","floor":0},{"not_picked":["bronze:FineTuning","bronze:Overheat"],"picked":"bronze:WildBeam","floor":2},{"not_picked":["bronze:DelayedSlice","bronze:Overload"],"picked":"bronze:ItsAFeature","floor":3},{"not_picked":["bronze:Branch","bronze:Separator"],"picked":"bronze:Terminator","floor":4},{"not_picked":["bronze:BugBarrage","bronze:BitShift"],"picked":"bronze:Allocate","floor":5},{"not_picked":["bronze:DelayedGuard","bronze:Overheat"],"picked":"bronze:BugBarrage","floor":6}],"player_experience":281419,"relics_obtained":[{"floor":7,"key":"Juzu Bracelet"}],"event_choices":[],"is_beta":false,"boss_relics":[],"items_purged_floors":[],"is_endless":false,"potions_floor_spawned":[3,6],"killed_by":"Lagavulin","ascension_level":1}}