{"host":"mdczi372un7rsq30","time":1612146835,"event":{"mods":["BaseMod","Colored Map","Conspire","Downfall","Hubris","Infinite Spire","Minty Spire (QoL Compilation)","Replay The Spire","StSLib","The Animator","The Necromancer"],"gold_per_floor":[109,119,44,57,57,88,105,105,132,132,148,177,177,192,192,294,294,314,334,345,345,345],"floor_reached":21,"language":"ENG","playtime":1380,"items_purged":["Defend_P"],"score":193,"play_id":"c97fdab4-a17e-42c4-be61-e4c4cb5262aa","local_time":"20210201033355","is_ascension_mode":false,"campfire_choices":[{"floor":10,"key":"RECALL"},{"data":"DeusExMachina","floor":13,"key":"SMITH"},{"floor":15,"key":"REST"}],"circlet_count":0,"master_deck":["Strike_P","Strike_P","Strike_P","Strike_P","Defend_P","Defend_P","Eruption","Vigilance","Halt","Indignation","CrushJoints","Halt","FollowUp","Crescendo","DeusExMachina+1","SandsOfTime","DeusExMachina","Conclude"],"relics":["PureWater","Replay:Baseball","Toy Ornithopter","Centennial Puzzle","conspire:RoyalGoblet"],"acts_visited":["Exordium","TheCity"],"potions_floor_usage":[11,11,12,16,18,18],"damage_taken":[{"damage":0,"enemies":"2 Louse","floor":1,"turns":2},{"damage":0,"enemies":"Cultist","floor":2,"turns":3},{"damage":0,"enemies":"Small Slimes","floor":4,"turns":3},{"damage":21,"enemies":"3 Sentries","floor":6,"turns":9},{"damage":0,"enemies":"conspire:2 RoseBushes","floor":7,"turns":3},{"damage":3,"enemies":"Exordium Wildlife","floor":11,"turns":4},{"damage":10,"enemies":"Lagavulin","floor":12,"turns":4},{"damage":5,"enemies":"2 Fungi Beasts","floor":14,"turns":3},{"damage":18,"enemies":"Hexaghost","floor":16,"turns":6},{"damage":0,"enemies":"conspire:FuzzyDice","floor":18,"turns":5},{"damage":27,"enemies":"Shell Parasite","floor":19,"turns":3},{"damage":19,"enemies":"3 Cultists","floor":20,"turns":3},{"damage":35,"enemies":"Centurion and Healer","floor":21,"turns":2}],"seed_played":"2635595561768315314","potions_obtained":[{"floor":4,"key":"bronze:BurnAndBuffPotion"},{"floor":8,"key":"BottledMiracle"},{"floor":8,"key":"Swift Potion"},{"floor":8,"key":"Block Potion"},{"floor":12,"key":"BottledMiracle"},{"floor":14,"key":"Block Potion"},{"floor":16,"key":"FearPotion"}],"is_trial":false,"path_per_floor":["M","M","$","M","?","E","M","?","T","R","M","E","R","M","R","B",null,"M","M","M","M"],"character_chosen":"WATCHER","items_purchased":[],"campfire_rested":1,"item_purchase_floors":[],"current_hp_per_floor":[79,79,79,79,72,51,51,51,51,51,58,53,53,48,71,58,79,79,52,33,0,0],"gold":345,"neow_bonus":"TEN_PERCENT_HP_BONUS","is_daily":false,"chose_seed":false,"campfire_upgraded":1,"win_rate":0.0,"timestamp":1612146835,"path_taken":["M","M","$","M","?","E","M","?","T","R","?","E","R","M","R","BOSS","M","M","M","M"],"items_purchased_type":[],"build_version":"2020-12-22","purchased_purges":1,"victory":false,"max_hp_per_floor":[79,79,79,79,79,79,79,79,79,79,79,79,79,79,79,79,79,79,79,79,79,79],"card_choices":[{"not_picked":["ThirdEye","CrushJoints"],"picked":"Halt","floor":1},{"not_picked":["FlyingSleeves","Fasting2"],"picked":"Indignation","floor":2},{"not_picked":["Halt","EmptyBody"],"picked":"CrushJoints","floor":4},{"not_picked":["CutThroughFate","DeceiveReality"],"picked":"Halt","floor":6},{"not_picked":["FlurryOfBlows","Protect"],"picked":"FollowUp","floor":7},{"not_picked":["ClearTheMind","Replay:BluntJabs"],"picked":"Crescendo","floor":11},{"not_picked":["Swivel","Replay:BluntJabs"],"picked":"DeusExMachina","floor":12},{"not_picked":["Fasting2","SashWhip"],"picked":"SandsOfTime","floor":14},{"not_picked":["Replay:AllIn","Vault"],"picked":"DeusExMachina","floor":16},{"not_picked":["Crescendo","Replay:AtTheReady+1"],"picked":"Conclude","floor":18},{"not_picked":["TalkToTheHand+1","ThirdEye","Replay:Anticipation"],"picked":"SKIP","floor":19},{"not_picked":["Replay:ManipulateFuture","CrushJoints","FlurryOfBlows"],"picked":"SKIP","floor":20}],"player_experience":134243,"relics_obtained":[{"floor":6,"key":"Replay:Baseball"},{"floor":9,"key":"Toy Ornithopter"},{"floor":12,"key":"Centennial Puzzle"}],"event_choices":[{"cards_removed":["Defend_P"],"damage_healed":0,"gold_gain":0,"player_choice":"Card Removal","damage_taken":7,"max_hp_gain":0,"max_hp_loss":0,"event_name":"Golden Wing","floor":5,"gold_loss":0},{"damage_healed":0,"gold_gain":0,"player_choice":"Got Potions","damage_taken":0,"max_hp_gain":0,"max_hp_loss":0,"event_name":"Lab","floor":8,"gold_loss":0}],"is_beta":false,"boss_relics":[{"not_picked":["SacredBark","Replay:Ancient Bell"],"picked":"conspire:RoyalGoblet"}],"items_purged_floors":[3],"is_endless":false,"potions_floor_spawned":[4,12,14,16],"killed_by":"Centurion and Healer","ascension_level":0}}