{"host":"cd25ms2o8pjhjp7m","time":1612173168,"event":{"mods":["Aspiration","BaseMod","Bestiary","Better Third Choice","BetterRewards","Conspire","Curses Come First","Friendly Minions","GifTheSpireLib","Hubris","Minty Spire (QoL Compilation)","Rare Cards Sparkle","Relic Stats","Reliquary","Replay The Spire","Robot Space Explorer","StSLib","The Poker Player","Uncapped","[IsaacMod]????","??????REMEMod"],"gold_per_floor":[110,129,129,129,189,189,2,2,29,59,70,90,90,107,107,203,203,223,238,238,252,0,27,27,27,50,50,110,142,142,42,42,146,146,172,192,192,209,254,254],"floor_reached":39,"language":"DEU","playtime":2190,"items_purged":["hubris:Compulsion","hubris:Despair"],"score":421,"play_id":"e08538d4-9b46-40b3-95e5-84c7282e0eb3","local_time":"20210201105248","is_ascension_mode":false,"campfire_choices":[{"floor":6,"key":"REST"},{"data":"RobotSpaceExplorer:FreezingShield","floor":15,"key":"SMITH"},{"data":"RobotSpaceExplorer:PowerCollector","floor":24,"key":"SMITH"},{"floor":32,"key":"REST"}],"circlet_count":0,"master_deck":["RobotSpaceExplorer:Strike","RobotSpaceExplorer:Strike","RobotSpaceExplorer:Strike","RobotSpaceExplorer:Strike","RobotSpaceExplorer:Defend","RobotSpaceExplorer:Defend","RobotSpaceExplorer:Defend","RobotSpaceExplorer:Defend","RobotSpaceExplorer:Scan","RobotSpaceExplorer:MiniLasers","SuicideKing","RobotSpaceExplorer:Accelerator","RobotSpaceExplorer:LaserBurst","RobotSpaceExplorer:StarDust","RobotSpaceExplorer:ScrapMissile","RobotSpaceExplorer:Pulsar","RobotSpaceExplorer:PowerCollector+1","RobotSpaceExplorer:StarLightning","Infinite Blades","RobotSpaceExplorer:StarDust","Calculated Gamble","PokerPlayerMod:DartThrow","RobotSpaceExplorer:FreezingShield+1","Echo Form","Protect","Backflip+1","RobotSpaceExplorer:SlimeMissile","Apotheosis+1","RobotSpaceExplorer:ScrapMissile+1","Demon Form","REME_Repentance","REME_BuildACard","Leap+1","RobotSpaceExplorer:Blaster"],"relics":["RobotSpaceExplorer:RoboCore","REME_ComplimentaryCards","HushsDoor","Chaos","Prayer Wheel","Ring of Panic","ReplayTheSpireMod:Ring of Challenge","PrismaticShard","Quantum Egg","REME_HourglassOfDeath","reliquary:BallBearing","Snack Pack","Bottled Flame","Bottled Lightning","MomsKnife","reliquary:BrokenClock"],"acts_visited":["Exordium","TheCity","TheBeyond"],"potions_floor_usage":[29,33,36,38],"damage_taken":[{"damage":14,"enemies":"Jaw Worm","floor":1,"turns":6},{"damage":0,"enemies":"Small Slimes","floor":2,"turns":3},{"damage":22,"enemies":"2 Louse","floor":5,"turns":6},{"damage":17,"enemies":"Gremlin Nob","floor":10,"turns":4},{"damage":2,"enemies":"Exordium Wildlife","floor":11,"turns":3},{"damage":0,"enemies":"3 Louse","floor":12,"turns":3},{"damage":0,"enemies":"Exordium Thugs","floor":14,"turns":2},{"damage":15,"enemies":"The Guardian","floor":16,"turns":11},{"damage":8,"enemies":"Spheric Guardian","floor":18,"turns":4},{"damage":5,"enemies":"Shell Parasite","floor":19,"turns":4},{"damage":0,"enemies":"3 Cultists","floor":21,"turns":4},{"damage":17,"enemies":"conspire:SneckoGhost","floor":23,"turns":5},{"damage":0,"enemies":"Snecko","floor":28,"turns":4},{"damage":35,"enemies":"Slavers","floor":29,"turns":5},{"damage":25,"enemies":"Collector","floor":33,"turns":8},{"damage":20,"enemies":"3 Shapes","floor":35,"turns":6},{"damage":20,"enemies":"Orb Walker","floor":36,"turns":4},{"damage":17,"enemies":"Writhing Mass","floor":38,"turns":7},{"damage":29,"enemies":"4 Shapes","floor":39,"turns":2}],"seed_played":"-180280444589409006","potions_obtained":[{"floor":2,"key":"CultistPotion"},{"floor":5,"key":"SneckoOil"},{"floor":10,"key":"SpeedPotion"},{"floor":11,"key":"RobotSpaceExplorer:LiquidFusion"},{"floor":13,"key":"Toxic Potion"},{"floor":29,"key":"SpeedPotion"},{"floor":33,"key":"Doom Potion"},{"floor":36,"key":"FearPotion"}],"is_trial":false,"path_per_floor":["M","M","?","?","M","R","$","T","T","E","M","M","?","M","R","B",null,"M","M","?","M","?","E","R","$","T","$","M","E","?","$","R","B",null,"M","M","?","M","M"],"character_chosen":"RobotSpaceExplorer","items_purchased":["RobotSpaceExplorer:PowerCollector","RobotSpaceExplorer:StarLightning"],"campfire_rested":2,"item_purchase_floors":[7,7],"current_hp_per_floor":[61,61,61,61,39,61,61,61,61,44,42,42,42,42,42,27,75,67,64,64,68,68,53,53,53,53,53,53,20,20,20,42,23,75,55,37,37,24,0,0],"gold":254,"neow_bonus":"ONE_RANDOM_RARE_CARD","is_daily":false,"chose_seed":false,"campfire_upgraded":2,"win_rate":0.0,"timestamp":1612173168,"path_taken":["M","M","?","?","M","R","$","?","T","E","M","M","?","M","R","BOSS","M","M","?","M","?","E","R","?","T","$","?","E","?","?","R","BOSS","M","?","?","M","?"],"items_purchased_type":["Card","Card"],"build_version":"2020-12-22","purchased_purges":2,"victory":false,"max_hp_per_floor":[75,75,75,75,75,75,75,75,75,75,75,75,75,75,75,75,75,75,75,75,75,75,75,75,75,75,75,75,75,75,75,75,75,75,75,75,75,75,75,75],"relic_stats":{"counters":[19,91],"Prayer Wheel":13,"obtain_stats":[{"KeepersGift":0,"Chaos":0,"Quantum Egg":8,"RobotSpaceExplorer:RoboCore":0,"PrismaticShard":4,"MomsKnife":29,"Bottled Flame":23,"REME_HourglassOfDeath":9,"Prayer Wheel":1,"reliquary:BallBearing":10,"Snack Pack":17,"reliquary:BrokenClock":34,"Bottled Lightning":26,"Ring of Panic":3,"ReplayTheSpireMod:Ring of Challenge":3,"HushsDoor":0,"REME_ComplimentaryCards":0},{"KeepersGift":0,"Chaos":0,"Quantum Egg":3,"RobotSpaceExplorer:RoboCore":0,"PrismaticShard":2,"MomsKnife":14,"Bottled Flame":12,"REME_HourglassOfDeath":3,"Prayer Wheel":1,"reliquary:BallBearing":4,"Snack Pack":8,"reliquary:BrokenClock":15,"Bottled Lightning":12,"Ring of Panic":2,"ReplayTheSpireMod:Ring of Challenge":2,"HushsDoor":0,"REME_ComplimentaryCards":0},{"KeepersGift":0,"Chaos":0,"Quantum Egg":15,"RobotSpaceExplorer:RoboCore":0,"PrismaticShard":9,"MomsKnife":64,"Bottled Flame":55,"REME_HourglassOfDeath":15,"Prayer Wheel":3,"reliquary:BallBearing":19,"Snack Pack":38,"reliquary:BrokenClock":72,"Bottled Lightning":55,"Ring of Panic":9,"ReplayTheSpireMod:Ring of Challenge":9,"HushsDoor":0,"REME_ComplimentaryCards":0}]},"card_choices":[{"not_picked":[],"picked":"SuicideKing","floor":0},{"not_picked":["RobotSpaceExplorer:TurboDodge","RobotSpaceExplorer:Electroshield"],"picked":"RobotSpaceExplorer:LaserBurst","floor":1},{"not_picked":["Bomb","RobotSpaceExplorer:Reload"],"picked":"RobotSpaceExplorer:StarDust","floor":1},{"not_picked":["RobotSpaceExplorer:FranticSearch","RobotSpaceExplorer:TurboDodge"],"picked":"RobotSpaceExplorer:ScrapMissile","floor":2},{"not_picked":["RobotSpaceExplorer:ShockKick","RobotSpaceExplorer:PlasmaMissile"],"picked":"RobotSpaceExplorer:Pulsar","floor":2},{"not_picked":["RobotSpaceExplorer:ShovelStrike","CrushJoints","BasicCrystalCard"],"picked":"SKIP","floor":5},{"not_picked":["PokerPlayerMod:ClubsClub","Darkness","Uppercut"],"picked":"SKIP","floor":5},{"not_picked":["conspire:HitWhereItHurts","ReplayTheSpireMod:Strike From Hell"],"picked":"Infinite Blades","floor":10},{"not_picked":["Prepared","Shrug It Off"],"picked":"RobotSpaceExplorer:StarDust","floor":11},{"not_picked":["Prostrate","Bane","Clash"],"picked":"SKIP","floor":11},{"not_picked":["RobotSpaceExplorer:Jetpack","Turbo"],"picked":"Calculated Gamble","floor":12},{"not_picked":["RobotSpaceExplorer:ScrapToss","Fission","RobotSpaceExplorer:FranticSearch"],"picked":"SKIP","floor":12},{"not_picked":["Replay:AtTheReady","CrushJoints"],"picked":"PokerPlayerMod:DartThrow","floor":14},{"not_picked":["Flying Knee","Wild Strike"],"picked":"RobotSpaceExplorer:FreezingShield","floor":14},{"not_picked":["Chrysalis","RobotSpaceExplorer:ShockMissile"],"picked":"Echo Form","floor":16},{"not_picked":["Sucker Punch","RobotSpaceExplorer:PowerGlove"],"picked":"Protect","floor":18},{"not_picked":["hubris:Counter","Warcry","hubris:PowerSurge"],"picked":"SKIP","floor":18},{"not_picked":["Rebound+1","Prostrate"],"picked":"Backflip+1","floor":19},{"not_picked":["Sweeping Beam","RobotSpaceExplorer:SurgingStrike+1"],"picked":"RobotSpaceExplorer:SlimeMissile","floor":19},{"not_picked":["Backflip","PokerPlayerMod:DiamondStrike"],"picked":"RobotSpaceExplorer:ScrapMissile+1","floor":21},{"not_picked":["ReplayTheSpireMod:Trickstab","ThirdEye","Lockon"],"picked":"SKIP","floor":21},{"not_picked":["Reaper","PokerPlayerMod:Configure"],"picked":"Demon Form","floor":23},{"not_picked":["Evaluate","Feel No Pain+1","Perseverance"],"picked":"SKIP","floor":28},{"not_picked":["PokerPlayerMod:CloakAndDiamond","Twin Strike+1","Clothesline"],"picked":"SKIP","floor":28},{"not_picked":["TalkToTheHand","Endless Agony"],"picked":"REME_Repentance","floor":29},{"not_picked":["REME_MawOfCthun","RobotSpaceExplorer:Wormhole"],"picked":"REME_BuildACard","floor":33},{"not_picked":["Hologram+1","Trip","Perfected Strike"],"picked":"SKIP","floor":35},{"not_picked":["Scrape","Pommel Strike","Chaos+1"],"picked":"SKIP","floor":35},{"not_picked":["ThirdEye+1","SashWhip+1"],"picked":"Leap+1","floor":36},{"not_picked":["Riddle With Holes","RobotSpaceExplorer:Electropulse","EmptyBody+1"],"picked":"SKIP","floor":36},{"not_picked":["ReplayTheSpireMod:Reroute Power+1","Storm+1","hubris:ReadiedAction+1"],"picked":"SKIP","floor":38},{"not_picked":["RobotSpaceExplorer:Ammunition+1","Turbo","Heavy Blade"],"picked":"SKIP","floor":38}],"player_experience":449836,"relics_obtained":[{"floor":3,"key":"Ring of Panic"},{"floor":3,"key":"ReplayTheSpireMod:Ring of Challenge"},{"floor":8,"key":"Quantum Egg"},{"floor":9,"key":"REME_HourglassOfDeath"},{"floor":10,"key":"reliquary:BallBearing"},{"floor":23,"key":"Bottled Flame"},{"floor":26,"key":"Bottled Lightning"},{"floor":29,"key":"MomsKnife"}],"event_choices":[{"damage_healed":0,"gold_gain":0,"player_choice":"Got Potions","damage_taken":0,"max_hp_gain":0,"max_hp_loss":0,"event_name":"Lab","floor":13,"gold_loss":0},{"damage_healed":0,"gold_gain":0,"player_choice":"Paid Fearfully","damage_taken":0,"max_hp_gain":0,"max_hp_loss":0,"event_name":"Masked Bandits","floor":22,"gold_loss":252}],"is_beta":false,"boss_relics":[{"not_picked":["Replay:Bottled Flurry","conspire:RunicOctahedron"],"picked":"Snack Pack"},{"not_picked":[]},{"not_picked":["RobotSpaceExplorer:RingOfTheNewt","Onion Ring"],"picked":"reliquary:BrokenClock"},{"not_picked":[]}],"items_purged_floors":[7,31],"is_endless":false,"potions_floor_spawned":[2,5,10,11,18,19,28,29,33,36],"killed_by":"4 Shapes","ascension_level":0}}