{"host":"hjajo0rafoe1e6c4","time":1612151166,"event":{"mods":["AchievementEnabler","BaseMod","Bestiary","Colored Map","Colored Powertips","Downfall","Highlight Path","Minty Spire (QoL Compilation)","Relic Stats","StSLib"],"gold_per_floor":[99,119,294,294,304,304,304,137,37,51,51,81,81,95,111,215,215,215,228,248,84,284,301,301,316,330,356,356,371,387,487,506,506,506,506],"floor_reached":33,"language":"ENG","playtime":2540,"items_purged":["downfall:Malfunctioning","Doubt"],"score":271,"play_id":"0e9a5bd4-eb00-41b1-b164-d9e94ddc5986","local_time":"20210131224606","is_ascension_mode":false,"campfire_choices":[{"floor":1,"key":"RECALL"},{"data":"hexamod:FastForward","floor":9,"key":"SMITH"},{"data":"hexamod:InspiringFlames","floor":13,"key":"SMITH"},{"data":"hexamod:Firestarter","floor":18,"key":"SMITH"},{"floor":28,"key":"REST"}],"circlet_count":0,"master_deck":["hexamod:Strike+1","hexamod:Strike+1","hexamod:Defend+1","hexamod:Defend+1","hexamod:Defend+1","hexamod:Defend","hexamod:Sear+1","hexamod:Float+1","hexamod:FirstSeal","hexamod:SwordOfDarkness+1","hexamod:FastForward+1","hexamod:FourthSeal","hexamod:InspiringFlames+1","hexamod:GhostflameBarrier+1","hexamod:GhostLash","hexamod:ExtraCrispy+1","hexamod:Firestarter+1","hexamod:SixthSeal","hexamod:EmpoweredFlame+1","hexamod:Hexaguard","hexamod:GhostflameBarrier+1","hexamod:HauntingEcho+1","hexamod:GhostflameBarrier","Regret","hexamod:GhostShield+1","hexamod:ThermalTransfer","hexamod:HauntingEcho","hexamod:GhostOfSpireFuture","hexamod:StepThrough","hexamod:HeatMetal"],"relics":["hexamod:SpiritBrand","Mercury Hourglass","downfall:HeartBlessingRed","Pen Nib","Cursed Key","Mummified Hand","Boot","Pocketwatch","Singing Bowl"],"acts_visited":["Exordium","TheCity"],"potions_floor_usage":[16,27,27,29,33],"damage_taken":[{"damage":0,"enemies":"Small Slimes","floor":2,"turns":3},{"damage":6,"enemies":"Jaw Worm","floor":5,"turns":5},{"damage":5,"enemies":"downfall:FleeingMerchant","floor":8,"turns":4},{"damage":0,"enemies":"2 Louse","floor":10,"turns":2},{"damage":8,"enemies":"Lagavulin","floor":12,"turns":7},{"damage":3,"enemies":"Exordium Thugs","floor":14,"turns":5},{"damage":5,"enemies":"Red Slaver","floor":15,"turns":3},{"damage":40,"enemies":"DF_ARCHETYPE_STREAMLINE","floor":16,"turns":9},{"damage":1,"enemies":"Chosen","floor":19,"turns":6},{"damage":9,"enemies":"Spheric Guardian","floor":20,"turns":4},{"damage":0,"enemies":"downfall:FleeingMerchant","floor":21,"turns":4},{"damage":29,"enemies":"Cultist and Chosen","floor":23,"turns":7},{"damage":3,"enemies":"3 Cultists","floor":25,"turns":6},{"damage":13,"enemies":"Snake Plant","floor":26,"turns":3},{"damage":42,"enemies":"Gremlin Leader","floor":27,"turns":5},{"damage":9,"enemies":"Chosen and Byrds","floor":29,"turns":5},{"damage":0,"enemies":"Cultist and Chosen","floor":30,"turns":6},{"damage":4,"enemies":"WA_ARCHETYPE_RETAIN","floor":31,"turns":6},{"damage":4,"enemies":"Snecko","floor":32,"turns":6},{"damage":53,"enemies":"SI_MIRROR_ARCHETYPE","floor":33,"turns":8}],"seed_played":"1140667562799312515","potions_obtained":[{"floor":5,"key":"Weak Potion"},{"floor":12,"key":"EssenceOfSteel"},{"floor":12,"key":"Explosive Potion"},{"floor":14,"key":"CultistPotion"},{"floor":15,"key":"Block Potion"},{"floor":16,"key":"DistilledChaos"},{"floor":16,"key":"Explosive Potion"},{"floor":23,"key":"hexamod:InfernoChargePotion"},{"floor":25,"key":"hexamod:SoulburnPotion"},{"floor":25,"key":"Energy Potion"},{"floor":27,"key":"DuplicationPotion"},{"floor":27,"key":"Explosive Potion"},{"floor":29,"key":"SkillPotion"}],"is_trial":false,"path_per_floor":["R","M","?","?","M","?","T","$","R","M","?","E","R","M","M","B",null,"R","M","M","$","?","M","T","M","M","E","R","M","M","?","M","B"],"character_chosen":"THE_SPIRIT","items_purchased":["hexamod:FourthSeal","hexamod:HauntingEcho"],"campfire_rested":1,"item_purchase_floors":[8,21],"current_hp_per_floor":[77,77,77,77,77,77,77,77,77,77,77,76,76,73,75,42,77,77,77,68,75,75,53,53,57,44,9,32,30,37,42,45,0,0,0],"gold":506,"neow_bonus":"TEN_PERCENT_HP_BONUS","is_daily":false,"chose_seed":false,"campfire_upgraded":3,"win_rate":0.0,"timestamp":1612151166,"path_taken":["R","M","?","?","?","?","T","$","R","M","?","E","R","M","M","BOSS","R","M","M","$","?","M","T","M","M","E","R","M","?","?","M","BOSS"],"items_purchased_type":["Card","Card"],"build_version":"2020-12-22","purchased_purges":2,"victory":false,"max_hp_per_floor":[77,77,77,77,77,77,77,77,77,77,77,77,77,77,77,77,77,77,77,77,77,77,77,77,77,77,77,77,77,77,79,79,79,79,79],"relic_stats":{"Singing Bowl":2,"counters":[20,104],"Mummified Hand":[48],"Pen Nib":[9],"Cursed Key":1,"Boot":[5],"obtain_stats":[{"downfall:HeartBlessingRed":9,"Singing Bowl":31,"Mummified Hand":24,"Pen Nib":12,"Cursed Key":17,"Boot":27,"hexamod:SpiritBrand":0,"Mercury Hourglass":7,"Pocketwatch":31},{"downfall:HeartBlessingRed":3,"Singing Bowl":18,"Mummified Hand":12,"Pen Nib":5,"Cursed Key":8,"Boot":15,"hexamod:SpiritBrand":0,"Mercury Hourglass":2,"Pocketwatch":18},{"downfall:HeartBlessingRed":12,"Singing Bowl":90,"Mummified Hand":59,"Pen Nib":21,"Cursed Key":38,"Boot":73,"hexamod:SpiritBrand":0,"Mercury Hourglass":8,"Pocketwatch":90}],"Mercury Hourglass":[288],"Pocketwatch":[6]},"card_choices":[{"not_picked":["hexamod:BacktrackSmack","hexamod:GhostLash"],"picked":"hexamod:FirstSeal","floor":2},{"not_picked":["hexamod:ThermalTransfer","hexamod:BurningTouch"],"picked":"hexamod:SwordOfDarkness","floor":5},{"not_picked":["hexamod:HauntingEcho","hexamod:ParanormalForm"],"picked":"hexamod:FastForward","floor":8},{"not_picked":["hexamod:DynamicBlow","hexamod:NightmareStrike"],"picked":"hexamod:InspiringFlames","floor":10},{"not_picked":["hexamod:ThermalTransfer","hexamod:SpectralAdrenaline"],"picked":"hexamod:GhostLash","floor":12},{"not_picked":["hexamod:WildfireWeapon","hexamod:BurningTouch"],"picked":"hexamod:ExtraCrispy","floor":14},{"not_picked":["hexamod:HeatCrush","hexamod:NightmareStrike"],"picked":"hexamod:Firestarter","floor":15},{"not_picked":["hexamod:WildfireWeapon","hexamod:SearingWound"],"picked":"hexamod:SixthSeal","floor":16},{"not_picked":["hexamod:SwordOfDarkness+1","hexamod:AdvancingGuard+1"],"picked":"hexamod:EmpoweredFlame","floor":19},{"not_picked":["hexamod:PhantomFireball+1","hexamod:HeatCrush"],"picked":"hexamod:Hexaguard","floor":20},{"not_picked":["hexamod:GhostLash","hexamod:HexaLevel"],"picked":"hexamod:GhostflameBarrier","floor":21},{"not_picked":["hexamod:RainOfEmbers","hexamod:BacktrackSmack+1"],"picked":"hexamod:GhostflameBarrier","floor":23},{"not_picked":["hexamod:SwordOfDarkness","hexamod:HeatMetal"],"picked":"hexamod:GhostShield+1","floor":25},{"not_picked":["hexamod:NecessarySacrifice","hexamod:GhostflameBarrier"],"picked":"hexamod:ThermalTransfer","floor":26},{"not_picked":["hexamod:Again+1","hexamod:Firestarter"],"picked":"hexamod:HauntingEcho","floor":27},{"not_picked":["hexamod:Firestarter","hexamod:BacktrackSmack"],"picked":"hexamod:GhostOfSpireFuture","floor":29},{"not_picked":["hexamod:ShieldOfDarkness","hexamod:BacktrackSmack"],"picked":"hexamod:StepThrough","floor":30},{"not_picked":["hexamod:BurningTouch","hexamod:SpectralAdrenaline","hexamod:HauntingEcho"],"picked":"Singing Bowl","floor":31},{"not_picked":["hexamod:SpectersWail","hexamod:PhantomCloak"],"picked":"hexamod:HeatMetal","floor":32}],"player_experience":207826,"relics_obtained":[{"floor":7,"key":"Mercury Hourglass"},{"floor":12,"key":"Pen Nib"},{"floor":24,"key":"Mummified Hand"},{"floor":27,"key":"Boot"},{"floor":31,"key":"Pocketwatch"},{"floor":31,"key":"Singing Bowl"}],"event_choices":[],"is_beta":false,"boss_relics":[{"not_picked":["Fusion Hammer","Runic Dome"],"picked":"Cursed Key"}],"items_purged_floors":[8,21],"is_endless":false,"potions_floor_spawned":[5,12,15,16,20,25,27,29,30],"killed_by":"SI_MIRROR_ARCHETYPE","ascension_level":0}}