{"host":"83h5c79dzf5zv2a9","time":1612172586,"event":{"mods":["2.2 Compatiblity","BaseMod","Bestiary","Colored Map","Colored Powertips","Curses Come First","Highlight Path","Keyboard Shortcuts","Minty Spire (QoL Compilation)","Relic Stats","Slay the Relics Exporter","StSLib","SuperFastMode"],"gold_per_floor":[109,119,194,210,223,223,256,256,256,256,268,268,285,297,297,397,447,459,89,89,89,99,99,113,113,167,181,191,290,305,316,316,420,420,440,52,52,52,68,68,19,19,19,19,19,19,30,75,75,75,75],"floor_reached":50,"language":"ENG","playtime":2541,"items_purged":["Defend_G","Strike_G"],"score":569,"play_id":"b0eda1b1-0a7c-40a7-91cd-67c5099d1dd9","local_time":"20210201104306","is_ascension_mode":false,"campfire_choices":[{"data":"Poisoned Stab","floor":6,"key":"SMITH"},{"floor":8,"key":"REST"},{"data":"Deadly Poison","floor":15,"key":"SMITH"},{"data":"Deadly Poison","floor":23,"key":"SMITH"},{"data":"Deadly Poison","floor":32,"key":"SMITH"},{"data":"PiercingWail","floor":40,"key":"SMITH"},{"data":"Neutralize","floor":42,"key":"SMITH"},{"data":"Crippling Poison","floor":46,"key":"SMITH"},{"floor":49,"key":"REST"}],"circlet_count":0,"master_deck":["Strike_G","Strike_G","Strike_G","Defend_G","Defend_G","Defend_G+1","Survivor","Neutralize+1","Backstab","Sucker Punch","Poisoned Stab+1","Prepared","Bouncing Flask","Blade Dance","Deadly Poison+1","Deadly Poison+1","Venomology","Bane","Catalyst+1","PiercingWail+1","Backstab+1","Quick Slash+1","Crippling Poison+1","Backstab+1","Dodge and Roll+1","Dagger Throw+1","Deadly Poison+1","Deadly Poison+1","Doppelganger","All Out Attack+1","Poisoned Stab+1","Swift Strike+1","Outmaneuver+1","PiercingWail"],"relics":["Ring of the Snake","Thread and Needle","Mercury Hourglass","Question Card","Gremlin Horn","Tiny House","Molten Egg 2","Snake Skull","SlaversCollar","The Specimen","Pear","Torii"],"acts_visited":["Exordium","TheCity","TheBeyond"],"potions_floor_usage":[7,14,27,28,33,33,33,47,48,50],"damage_taken":[{"damage":0,"enemies":"Cultist","floor":1,"turns":4},{"damage":0,"enemies":"2 Louse","floor":2,"turns":1},{"damage":0,"enemies":"Small Slimes","floor":4,"turns":2},{"damage":1,"enemies":"Gremlin Gang","floor":5,"turns":6},{"damage":7,"enemies":"Lagavulin","floor":7,"turns":9},{"damage":0,"enemies":"Exordium Wildlife","floor":11,"turns":2},{"damage":0,"enemies":"3 Louse","floor":13,"turns":1},{"damage":6,"enemies":"Exordium Thugs","floor":14,"turns":3},{"damage":0,"enemies":"Slime Boss","floor":16,"turns":7},{"damage":10,"enemies":"Spheric Guardian","floor":18,"turns":4},{"damage":0,"enemies":"Chosen","floor":22,"turns":3},{"damage":8,"enemies":"Snecko","floor":24,"turns":4},{"damage":0,"enemies":"Chosen and Byrds","floor":27,"turns":4},{"damage":0,"enemies":"Cultist and Chosen","floor":28,"turns":4},{"damage":0,"enemies":"Shelled Parasite and Fungi","floor":30,"turns":4},{"damage":0,"enemies":"Chosen and Byrds","floor":31,"turns":4},{"damage":30,"enemies":"Automaton","floor":33,"turns":7},{"damage":17,"enemies":"3 Shapes","floor":35,"turns":3},{"damage":0,"enemies":"Orb Walker","floor":39,"turns":2},{"damage":28,"enemies":"Spire Growth","floor":47,"turns":4},{"damage":40,"enemies":"2 Orb Walkers","floor":48,"turns":5},{"damage":70,"enemies":"Awakened One","floor":50,"turns":8}],"seed_played":"9019834334782997932","potions_obtained":[{"floor":5,"key":"SkillPotion"},{"floor":13,"key":"Poison Potion"},{"floor":16,"key":"Swift Potion"},{"floor":17,"key":"AttackPotion"},{"floor":22,"key":"Fire Potion"},{"floor":28,"key":"FairyPotion"},{"floor":31,"key":"Fire Potion"},{"floor":33,"key":"EssenceOfSteel"},{"floor":47,"key":"Ancient Potion"}],"is_trial":false,"path_per_floor":["M","M","?","M","M","R","E","R","T","?","M","T","M","M","R","B",null,"M","$","?","?","M","R","M","?","T","M","M","?","M","M","R","B",null,"M","$","?","?","M","R","$","R","T","?","?","R","M","?","R","B"],"character_chosen":"THE_SILENT","items_purchased":["PiercingWail","Molten Egg 2","The Specimen","Poisoned Stab+1"],"campfire_rested":2,"item_purchase_floors":[19,19,36,41],"current_hp_per_floor":[49,49,38,38,37,37,30,51,51,51,51,51,51,45,45,45,75,65,65,65,65,65,65,57,57,57,57,57,57,57,57,57,27,75,58,58,58,58,58,58,58,58,68,68,68,68,40,24,48,0,0],"gold":75,"neow_bonus":"ONE_RARE_RELIC","is_daily":false,"chose_seed":false,"campfire_upgraded":7,"win_rate":0.0,"timestamp":1612172586,"path_taken":["M","?","?","M","M","R","E","R","T","?","?","?","M","M","R","BOSS","M","$","?","?","?","R","?","?","T","M","M","?","M","M","R","BOSS","M","$","?","?","?","R","?","R","T","?","?","R","M","?","R","BOSS"],"items_purchased_type":["Card","Relic","Relic","Card"],"build_version":"2020-12-22","purchased_purges":2,"victory":false,"max_hp_per_floor":[70,70,70,70,70,70,70,70,70,70,70,70,70,70,70,70,75,75,75,75,75,75,75,75,75,75,75,75,75,75,75,75,75,75,75,75,75,75,75,75,75,75,85,81,81,81,81,81,81,81,81],"relic_stats":{"Gremlin Horn":[16,16],"Torii":16,"counters":[22,91],"Snake Skull":[77],"Question Card":18,"obtain_stats":[{"SlaversCollar":34,"Tiny House":17,"Pear":43,"Gremlin Horn":12,"The Specimen":36,"Torii":48,"Thread and Needle":0,"Molten Egg 2":19,"Snake Skull":26,"Question Card":9,"Ring of the Snake":0,"Mercury Hourglass":7},{"SlaversCollar":17,"Tiny House":9,"Pear":19,"Gremlin Horn":6,"The Specimen":18,"Torii":21,"Thread and Needle":0,"Molten Egg 2":10,"Snake Skull":12,"Question Card":5,"Ring of the Snake":0,"Mercury Hourglass":5},{"SlaversCollar":69,"Tiny House":35,"Pear":74,"Gremlin Horn":24,"The Specimen":72,"Torii":83,"Thread and Needle":0,"Molten Egg 2":39,"Snake Skull":46,"Question Card":22,"Ring of the Snake":0,"Mercury Hourglass":22}],"Ring of the Snake":[44],"Mercury Hourglass":[289]},"card_choices":[{"not_picked":["Sucker Punch","Blade Dance"],"picked":"Backstab","floor":1},{"not_picked":["Outmaneuver","All Out Attack"],"picked":"Sucker Punch","floor":2},{"not_picked":["Well Laid Plans","All Out Attack"],"picked":"Poisoned Stab","floor":4},{"not_picked":["Dagger Throw","Escape Plan"],"picked":"Prepared","floor":5},{"not_picked":["Predator","Masterful Stab"],"picked":"Bouncing Flask","floor":7},{"not_picked":["PiercingWail","All Out Attack","Slice"],"picked":"Deadly Poison","floor":11},{"not_picked":["Poisoned Stab","Envenom","Quick Slash"],"picked":"Deadly Poison","floor":13},{"not_picked":["Escape Plan","Caltrops","Deflect"],"picked":"Noxious Fumes","floor":14},{"not_picked":["Unload","Glass Knife","Burst"],"picked":"Venomology","floor":16},{"not_picked":["Expertise","Distraction","Prepared"],"picked":"Bane","floor":17},{"not_picked":["Quick Slash+1","Sucker Punch","Dodge and Roll"],"picked":"Catalyst+1","floor":18},{"not_picked":["Backflip","Masterful Stab+1","Blade Dance"],"picked":"Backstab+1","floor":22},{"not_picked":["Blade Dance","Riddle With Holes+1","Slice+1"],"picked":"Quick Slash+1","floor":24},{"not_picked":["Prepared+1","Poisoned Stab+1","Terror"],"picked":"Backstab+1","floor":27},{"not_picked":["Flechettes+1","Leg Sweep","Choke+1"],"picked":"Dodge and Roll+1","floor":28},{"not_picked":["Backflip","Crippling Poison","Adrenaline"],"picked":"Dagger Throw+1","floor":30},{"not_picked":["Noxious Fumes","Dagger Throw+1","Outmaneuver"],"picked":"Deadly Poison","floor":31},{"not_picked":["Blade Dance+1","Riddle With Holes+1","Calculated Gamble"],"picked":"Deadly Poison+1","floor":35},{"not_picked":["Dagger Spray+1","Quick Slash+1","Dagger Throw+1"],"picked":"All Out Attack+1","floor":39},{"not_picked":["Discovery","Panache","Mayhem"],"picked":"Swift Strike+1","floor":45},{"not_picked":["Bane+1","Bouncing Flask","Reflex"],"picked":"Outmaneuver+1","floor":47},{"not_picked":["Blade Dance+1","Backflip","Deadly Poison"],"picked":"PiercingWail","floor":48}],"player_experience":12243,"relics_obtained":[{"floor":7,"key":"Mercury Hourglass"},{"floor":9,"key":"Question Card"},{"floor":12,"key":"Gremlin Horn"},{"floor":26,"key":"Snake Skull"},{"floor":43,"key":"Pear"},{"floor":48,"key":"Torii"}],"event_choices":[{"damage_healed":0,"gold_gain":75,"player_choice":"Gather Gold","damage_taken":11,"max_hp_gain":0,"max_hp_loss":0,"event_name":"World of Goop","floor":3,"gold_loss":0},{"damage_healed":0,"gold_gain":0,"cards_transformed":["Strike_G"],"player_choice":"Transformed","damage_taken":0,"max_hp_gain":0,"max_hp_loss":0,"event_name":"Transmorgrifier","floor":10,"gold_loss":0,"cards_obtained":["Blade Dance"]},{"cards_removed":["Defend_G"],"damage_healed":0,"gold_gain":0,"player_choice":"Elegance","damage_taken":0,"max_hp_gain":0,"max_hp_loss":0,"event_name":"Back to Basics","floor":20,"gold_loss":0},{"damage_healed":0,"gold_gain":0,"player_choice":"Ignored","damage_taken":0,"max_hp_gain":0,"max_hp_loss":0,"event_name":"Vampires","floor":21,"gold_loss":0},{"damage_healed":0,"gold_gain":0,"player_choice":"Read","damage_taken":0,"max_hp_gain":0,"max_hp_loss":0,"event_name":"The Library","floor":25,"gold_loss":0,"cards_obtained":["Crippling Poison"]},{"damage_healed":0,"gold_gain":99,"player_choice":"Stole From Cult","damage_taken":0,"max_hp_gain":0,"max_hp_loss":0,"event_name":"Nest","floor":29,"gold_loss":0},{"cards_removed":["Noxious Fumes"],"damage_healed":0,"gold_gain":0,"player_choice":"Removed Power","damage_taken":0,"max_hp_gain":0,"max_hp_loss":0,"event_name":"Falling","floor":37,"gold_loss":0},{"damage_healed":0,"gold_gain":0,"player_choice":"1 cards matched","damage_taken":0,"max_hp_gain":0,"max_hp_loss":0,"event_name":"Match and Keep!","floor":38,"gold_loss":0,"cards_obtained":["Doppelganger"]},{"damage_healed":0,"gold_gain":0,"player_choice":"Max HP","damage_taken":0,"max_hp_gain":0,"max_hp_loss":4,"event_name":"Winding Halls","floor":44,"gold_loss":0},{"damage_healed":0,"gold_gain":0,"player_choice":"Memory 1","damage_taken":0,"max_hp_gain":0,"max_hp_loss":0,"event_name":"SensoryStone","floor":45,"gold_loss":0},{"damage_healed":0,"gold_gain":0,"player_choice":"Fight","damage_taken":0,"max_hp_gain":0,"max_hp_loss":0,"event_name":"Mysterious Sphere","floor":48,"gold_loss":0}],"is_beta":false,"boss_relics":[{"not_picked":["Ectoplasm","SacredBark"],"picked":"Tiny House"},{"not_picked":["Sozu","Coffee Dripper"],"picked":"SlaversCollar"}],"items_purged_floors":[19,36],"is_endless":false,"potions_floor_spawned":[5,13,16,22,28,31,33,39,47],"killed_by":"Awakened One","ascension_level":0}}