{"host":"4gr5irrdjh39ysed","time":1612142332,"event":{"mods":["AchievementEnabler","BaseMod","Colored Map","Downfall","Hermit","Minty Spire (QoL Compilation)","Random Character Button","StSLib","The Construct","The Cursed","The Disciple","The Hierophant","The Mystic","The Necromancer","The Runesmith"],"gold_per_floor":[99,113,23,35,54,81,106,106,122,22,34,54,154,2,13,114,114,14,28,47,66,66,76,76,76,7,18,36,381,481,491,501,604,604,604,621,177,193,217,267,317,14,14,60,75,95,95,114,128,128],"floor_reached":51,"language":"ENG","playtime":3455,"items_purged":["Slimebound:Defend_Slimebound","Slimebound:Defend_Slimebound+1"],"score":732,"play_id":"9aa74c31-c0cd-457c-a798-2a508768ebae","local_time":"20210131181852","is_ascension_mode":false,"campfire_choices":[{"floor":1,"key":"RECALL"},{"data":"Slimebound:FirmFortitude","floor":10,"key":"SMITH"},{"data":"Slimebound:PrepareCrush","floor":18,"key":"SMITH"},{"data":"Slimebound:DuplicatedForm","floor":25,"key":"SMITH"},{"data":"Slimebound:PrepareCrush","floor":35,"key":"SMITH"},{"data":"Slimebound:CheckThePlaybook","floor":47,"key":"SMITH"}],"circlet_count":0,"master_deck":["Slimebound:Strike_Slimebound","Slimebound:Strike_Slimebound","Slimebound:Strike_Slimebound","Slimebound:Tackle","Slimebound:Split","Slimebound:CorrosiveSpit","Slimebound:ComboTackle","Slimebound:MegaLick","Slimebound:Recollect","Slimebound:GoopTackle","Slimebound:SplitBruiser","Slimebound:FinishingTackle","Slimebound:PrepareCrush+1","Slimebound:Equalize","Slimebound:BestDefense","Slimebound:SlimeSlap","Slimebound:DuplicatedForm+1","Slimebound:MegaLick+1","Slimebound:AcidTongue","Slimebound:PressTheAttack+1","Slimebound:LivingWall","Slimebound:Repurpose","Slimebound:HauntingLick","Slimebound:PrepareCrush+1","Slimebound:ComboTackle+1","Slimebound:Repurpose","Slimebound:MegaLick","Slimebound:ServeAndProtect","J.A.X.","Slimebound:RainOfGoop","Slimebound:FinishingTackle","Slimebound:CheckThePlaybook","Slimebound:HungryTackle+1","Slimebound:MinionMaster","Slimebound:ForwardTackle","Slimebound:PrepareCrush","Slimebound:SplitAcid+1","Slimebound:CheckThePlaybook+1","Slimebound:Darklings","Slimebound:RejuvenatingLick+1","Slimebound:PressTheAttack+1","Slimebound:GoopTackle+1","Slimebound:MassRepurpose"],"relics":["Slimebound:AbsorbEndCombat","Oddly Smooth Stone","Pen Nib","Blue Candle","downfall:HeartBlessingRed","Slimebound:TarBlob","downfall:HeartBlessingGreen","Gremlin Horn","MutagenicStrength","Sozu","TungstenRod","Akabeko","Bronze Scales","Peace Pipe"],"acts_visited":["Exordium","TheCity","TheBeyond"],"potions_floor_usage":[16,26,29,29,33,50,50],"damage_taken":[{"damage":6,"enemies":"Small Slimes","floor":2,"turns":2},{"damage":20,"enemies":"downfall:FleeingMerchant","floor":3,"turns":4},{"damage":10,"enemies":"Cultist","floor":4,"turns":3},{"damage":6,"enemies":"Jaw Worm","floor":5,"turns":3},{"damage":46,"enemies":"Gremlin Nob","floor":6,"turns":4},{"damage":14,"enemies":"3 Louse","floor":9,"turns":2},{"damage":9,"enemies":"2 Fungi Beasts","floor":11,"turns":2},{"damage":12,"enemies":"Exordium Thugs","floor":12,"turns":3},{"damage":19,"enemies":"downfall:FleeingMerchant","floor":14,"turns":4},{"damage":38,"enemies":"Large Slime","floor":15,"turns":3},{"damage":55,"enemies":"IC_STATUS_ARCHETYPE","floor":16,"turns":5},{"damage":33,"enemies":"Shell Parasite","floor":19,"turns":3},{"damage":36,"enemies":"Spheric Guardian","floor":20,"turns":4},{"damage":41,"enemies":"Centurion and Healer","floor":21,"turns":5},{"damage":23,"enemies":"3 Cultists","floor":23,"turns":4},{"damage":40,"enemies":"downfall:FleeingMerchant","floor":26,"turns":4},{"damage":9,"enemies":"Snecko","floor":27,"turns":2},{"damage":50,"enemies":"Centurion and Healer","floor":28,"turns":6},{"damage":26,"enemies":"downfall:FleeingMerchant","floor":29,"turns":3},{"damage":47,"enemies":"downfall:Augmenter","floor":30,"turns":6},{"damage":38,"enemies":"3 Cultists","floor":31,"turns":4},{"damage":40,"enemies":"Cultist and Chosen","floor":32,"turns":5},{"damage":126,"enemies":"DF_ARCHETYPE_CLAW","floor":33,"turns":7},{"damage":6,"enemies":"Orb Walker","floor":36,"turns":3},{"damage":63,"enemies":"3 Darklings","floor":38,"turns":3},{"damage":39,"enemies":"3 Darklings","floor":40,"turns":5},{"damage":71,"enemies":"2 Orb Walkers","floor":44,"turns":4},{"damage":52,"enemies":"Sphere and 2 Shapes","floor":45,"turns":3},{"damage":44,"enemies":"Jaw Worm Horde","floor":46,"turns":3},{"damage":32,"enemies":"Spire Growth","floor":48,"turns":3},{"damage":64,"enemies":"Transient","floor":49,"turns":5},{"damage":141,"enemies":"SI_POISON_ARCHETYPE","floor":50,"turns":6}],"seed_played":"-1095673456511981167","potions_obtained":[{"floor":2,"key":"SkillPotion"},{"floor":4,"key":"EssenceOfSteel"},{"floor":6,"key":"Slimebound:SlimyTonguePotion"},{"floor":12,"key":"Slimebound:SlimyTonguePotion"},{"floor":23,"key":"LiquidBronze"},{"floor":28,"key":"Swift Potion"},{"floor":30,"key":"Guardian:BlockOnCardUsePotion"},{"floor":32,"key":"Explosive Potion"},{"floor":33,"key":"Slimebound:ThreeZeroPotion"}],"is_trial":false,"path_per_floor":["R","M","$","M","M","E","T","?","M","R","M","M","?","$","M","B",null,"R","M","M","M","?","M","T","R","$","M","M","$","?","M","M","B",null,"R","M","$","M","?","?","T","$","?","?","M","M","R","M","M","B",null],"character_chosen":"SLIMEBOUND","items_purchased":["Slimebound:SlimeSlap","Slimebound:HauntingLick","Slimebound:MinionMaster","Slimebound:ForwardTackle","Slimebound:PrepareCrush","Slimebound:CheckThePlaybook","Bronze Scales"],"campfire_rested":0,"item_purchase_floors":[14,26,37,37,37,42,42],"current_hp_per_floor":[65,2059,2045,2041,2039,2001,2001,1996,1982,1982,1979,1969,1969,1958,1922,1875,2065,2065,2047,2028,2001,1993,1982,1982,1982,1965,1962,1943,1938,1922,1907,1888,1793,2065,2065,2062,2062,2030,2030,1999,1999,1999,1999,1959,1924,1899,1899,1869,1828,1718],"gold":128,"neow_bonus":"THREE_CARDS","is_daily":false,"chose_seed":false,"campfire_upgraded":5,"win_rate":0.0,"timestamp":1612142332,"path_taken":["R","M","$","M","M","E","T","?","M","R","M","M","?","$","M","BOSS","R","M","M","M","?","M","T","R","$","M","?","$","?","M","M","BOSS","R","M","$","M","?","?","T","$","?","?","M","M","R","M","M","BOSS"],"items_purchased_type":["Card","Card","Card","Card","Card","Card","Relic"],"build_version":"2020-12-22","purchased_purges":2,"victory":true,"max_hp_per_floor":[65,2065,2065,2065,2065,2065,2065,2065,2065,2065,2065,2065,2065,2065,2065,2065,2065,2065,2065,2065,2065,2065,2065,2065,2065,2065,2065,2065,2065,2065,2065,2065,2065,2065,2065,2065,2065,2065,2065,2065,2065,2065,2065,2065,2065,2065,2065,2065,2065,2065],"card_choices":[{"not_picked":["Slimebound:ForwardTackle","Slimebound:LeadByExample"],"picked":"Slimebound:ComboTackle","floor":0},{"not_picked":["Slimebound:FinishingTackle","Slimebound:Gluttony"],"picked":"Slimebound:MegaLick","floor":2},{"not_picked":["Slimebound:FlameTackle","Slimebound:HauntingLick"],"picked":"Slimebound:FirmFortitude","floor":3},{"not_picked":["Slimebound:SplitBruiser","Slimebound:HauntingLick"],"picked":"Slimebound:Recollect","floor":4},{"not_picked":["Slimebound:GoopSpray","Slimebound:Replication"],"picked":"Slimebound:GoopTackle","floor":5},{"not_picked":["Slimebound:Prepare","Slimebound:LivingWall"],"picked":"Slimebound:SplitBruiser","floor":6},{"not_picked":["Slimebound:Gluttony","Slimebound:SplitAcid"],"picked":"Slimebound:FinishingTackle","floor":9},{"not_picked":["Slimebound:ViciousTackle","Slimebound:SamplingLick"],"picked":"Slimebound:PrepareCrush","floor":11},{"not_picked":["Slimebound:FinishingTackle","Slimebound:SplitAcid"],"picked":"Slimebound:Equalize","floor":12},{"not_picked":["Slimebound:GoopSpray","Slimebound:Schlurp"],"picked":"Slimebound:BestDefense","floor":14},{"not_picked":["Slimebound:RollThrough","Slimebound:LeechEnergy"],"picked":"Slimebound:Grow","floor":15},{"not_picked":["Slimebound:FirmFortitude","Slimebound:PrepareCrush"],"picked":"Slimebound:DuplicatedForm","floor":16},{"not_picked":["Slimebound:PressTheAttack","Slimebound:RainOfGoop"],"picked":"Slimebound:MegaLick+1","floor":19},{"not_picked":["Slimebound:SplitMire","Slimebound:ServeAndProtect"],"picked":"Slimebound:AcidTongue","floor":20},{"not_picked":["Slimebound:SpikyOuterGoop+1","Slimebound:LeechingTouch"],"picked":"Slimebound:PressTheAttack+1","floor":21},{"not_picked":["Slimebound:ComboTackle","Slimebound:SplitAcid"],"picked":"Slimebound:LivingWall","floor":23},{"not_picked":["Slimebound:SlimeTap","Slimebound:GoopSpray"],"picked":"Slimebound:Repurpose","floor":26},{"not_picked":["Slimebound:GoopSpray","Slimebound:FlameTackle"],"picked":"Slimebound:PrepareCrush","floor":27},{"not_picked":["Slimebound:LeechEnergy","Slimebound:BestDefense"],"picked":"Slimebound:ComboTackle+1","floor":28},{"not_picked":["Slimebound:Dissolve","Slimebound:GoopTackle"],"picked":"Slimebound:Repurpose","floor":29},{"not_picked":[],"picked":"J.A.X.","floor":30},{"not_picked":["Slimebound:FlameTackle+1","Slimebound:SplitLeeching"],"picked":"Slimebound:RainOfGoop","floor":30},{"not_picked":["Slimebound:LeechingTouch","Slimebound:SplitMire","Slimebound:GoopSpray"],"picked":"SKIP","floor":31},{"not_picked":["Slimebound:Prepare","Slimebound:Schlurp"],"picked":"Slimebound:FinishingTackle","floor":32},{"not_picked":["Slimebound:MassFeed","Slimebound:DouseInSlime"],"picked":"Slimebound:CheckThePlaybook","floor":33},{"not_picked":["Slimebound:LeadByExample","Slimebound:GrowthPunch+1"],"picked":"Slimebound:HungryTackle+1","floor":36},{"not_picked":["Slimebound:LivingWall","Slimebound:LeechingTouch+1","Slimebound:Prepare"],"picked":"SKIP","floor":38},{"not_picked":["Slimebound:Prepare","Slimebound:ServeAndProtect"],"picked":"Slimebound:SplitAcid+1","floor":40},{"not_picked":["Slimebound:Schlurp","Slimebound:SplitBruiser"],"picked":"Slimebound:RejuvenatingLick+1","floor":44},{"not_picked":["Slimebound:Equalize+1","Slimebound:Gluttony+1"],"picked":"Slimebound:PressTheAttack+1","floor":45},{"not_picked":["Slimebound:SplitAcid+1","Slimebound:Prepare+1"],"picked":"Slimebound:GoopTackle+1","floor":46},{"not_picked":["Slimebound:Prepare","Slimebound:SplitBruiser+1"],"picked":"Slimebound:MassRepurpose","floor":48},{"not_picked":["Slimebound:FinishingTackle+1","Slimebound:ItLooksTasty","Slimebound:HauntingLick"],"picked":"SKIP","floor":49}],"player_experience":271774,"relics_obtained":[{"floor":6,"key":"Oddly Smooth Stone"},{"floor":7,"key":"Pen Nib"},{"floor":24,"key":"Gremlin Horn"},{"floor":30,"key":"MutagenicStrength"},{"floor":40,"key":"TungstenRod"},{"floor":41,"key":"Akabeko"},{"floor":44,"key":"Peace Pipe"}],"event_choices":[{"damage_healed":0,"gold_gain":100,"player_choice":"Gold","damage_taken":0,"max_hp_gain":0,"max_hp_loss":0,"event_name":"Wheel of Change","floor":13,"gold_loss":0},{"damage_healed":0,"gold_gain":0,"player_choice":"Fight","damage_taken":0,"max_hp_gain":0,"max_hp_loss":0,"event_name":"Mysterious Sphere","floor":44,"gold_loss":0}],"is_beta":false,"boss_relics":[{"not_picked":["Empty Cage","bronze:MakeshiftBattery"],"picked":"Slimebound:TarBlob"},{"not_picked":["construct:WeddingRing","Fusion Hammer"],"picked":"Sozu"}],"items_purged_floors":[3,37],"is_endless":false,"potions_floor_spawned":[2,4,6,12,15,23,28,30,32,33,36,45,49],"ascension_level":0}}