{"host":"pi8b3ffzwvxqztac","time":1612157431,"event":{"mods":["BaseMod","Colored Map","Custom Start","Downfall","Minty Spire (QoL Compilation)","StSLib"],"gold_per_floor":[219,229,249,249,260,260,291,291,371,371,406,418,593,135,135,234,234,250,250,26,26,43,68,68,100,100,100,131,149,149,166,166,265,265,275,255,155,30,0,0,25,42,42,42,61,79,114,124,124,124],"floor_reached":51,"language":"ENG","playtime":2877,"items_purged":["Doubt","Strike_P","Strike_P"],"score":1054,"play_id":"752cd8f2-4039-432c-8a45-c6285a2df213","local_time":"20210201183031","is_ascension_mode":true,"campfire_choices":[{"data":"Eruption","floor":6,"key":"SMITH"},{"data":"Vigilance","floor":8,"key":"SMITH"},{"data":"Meditate","floor":10,"key":"SMITH"},{"data":"LikeWater","floor":15,"key":"SMITH"},{"data":"LessonLearned","floor":24,"key":"SMITH"},{"data":"Evaluate","floor":27,"key":"SMITH"},{"floor":32,"key":"REST"},{"data":"Vault","floor":40,"key":"SMITH"},{"data":"FollowUp","floor":44,"key":"SMITH"},{"floor":49,"key":"REST"}],"circlet_count":0,"master_deck":["Defend_P+1","Defend_P+1","Defend_P","Defend_P","Eruption+1","Vigilance+1","FearNoEvil+1","Meditate+1","FollowUp+1","Tantrum+1","DevaForm+1","FlurryOfBlows","FlurryOfBlows+1","LikeWater+1","LessonLearned+1","DeceiveReality","Evaluate+1","Consecrate","FlurryOfBlows","SandsOfTime+1","LikeWater+1","Vault+1","Protect+1","FearNoEvil+1","Establishment","ThirdEye+1","SandsOfTime","EmptyBody+1","FlurryOfBlows"],"relics":["PureWater","champ:DuelingGlove","PreservedInsect","Pantograph","Art of War","bronze:DecasWashers","Empty Cage","Enchiridion","Guardian:PocketSentry","Potion Belt","Letter Opener","Meat on the Bone","Bottled Lightning","Cursed Key","Red Mask","Dream Catcher","Mummified Hand"],"acts_visited":["Exordium","TheCity","TheBeyond"],"potions_floor_usage":[7,23,28,29,50],"damage_taken":[{"damage":0,"enemies":"Jaw Worm","floor":1,"turns":4},{"damage":0,"enemies":"2 Louse","floor":2,"turns":3},{"damage":0,"enemies":"Small Slimes","floor":3,"turns":2},{"damage":3,"enemies":"Blue Slaver","floor":5,"turns":4},{"damage":0,"enemies":"Lagavulin","floor":7,"turns":3},{"damage":0,"enemies":"Gremlin Nob","floor":11,"turns":2},{"damage":0,"enemies":"Large Slime","floor":12,"turns":3},{"damage":30,"enemies":"Hexaghost","floor":16,"turns":6},{"damage":7,"enemies":"Chosen","floor":18,"turns":3},{"damage":0,"enemies":"Shell Parasite","floor":22,"turns":2},{"damage":0,"enemies":"Gremlin Leader","floor":23,"turns":2},{"damage":0,"enemies":"Book of Stabbing","floor":25,"turns":2},{"damage":14,"enemies":"Gremlin Leader","floor":28,"turns":5},{"damage":8,"enemies":"3 Cultists","floor":29,"turns":5},{"damage":1,"enemies":"Cultist and Chosen","floor":31,"turns":7},{"damage":11,"enemies":"Champ","floor":33,"turns":8},{"damage":1,"enemies":"Orb Walker","floor":35,"turns":2},{"damage":5,"enemies":"Nemesis","floor":41,"turns":6},{"damage":0,"enemies":"3 Shapes","floor":42,"turns":5},{"damage":3,"enemies":"Jaw Worm Horde","floor":45,"turns":6},{"damage":6,"enemies":"Sphere and 2 Shapes","floor":46,"turns":5},{"damage":0,"enemies":"Giant Head","floor":47,"turns":5},{"damage":0,"enemies":"Transient","floor":48,"turns":6},{"damage":11,"enemies":"Time Eater","floor":50,"turns":12}],"seed_played":"-6265115024782124632","potions_obtained":[{"floor":1,"key":"Fire Potion"},{"floor":7,"key":"sneckomod:MuddlingPotion"},{"floor":12,"key":"champ:CounterPotion"},{"floor":22,"key":"SteroidPotion"},{"floor":25,"key":"Energy Potion"},{"floor":28,"key":"StancePotion"},{"floor":30,"key":"SneckoOil"},{"floor":30,"key":"FearPotion"},{"floor":30,"key":"Strength Potion"},{"floor":31,"key":"sneckomod:MuddlingPotion"},{"floor":33,"key":"SmokeBomb"},{"floor":36,"key":"bronze:BurnAndBuffPotion"},{"floor":41,"key":"DuplicationPotion"},{"floor":42,"key":"DistilledChaos"},{"floor":46,"key":"AttackPotion"}],"is_trial":false,"path_per_floor":["M","M","M","?","M","R","E","R","T","R","E","M","?","$","R","B",null,"M","?","$","?","M","E","R","E","T","R","E","M","?","M","R","B",null,"M","?","$","$","?","R","E","M","T","R","M","M","E","M","R","B",null],"character_chosen":"WATCHER","items_purchased":["FlurryOfBlows","bronze:DecasWashers","LikeWater","Guardian:PocketSentry","Evaluate","Consecrate"],"campfire_rested":2,"item_purchase_floors":[14,14,14,20,20,20],"current_hp_per_floor":[72,72,72,69,66,66,66,66,66,66,66,66,66,66,66,42,72,65,49,49,49,49,49,49,49,49,49,47,39,39,38,59,61,72,71,71,71,71,71,71,66,66,66,66,63,57,57,57,72,61],"gold":124,"neow_bonus":"HUNDRED_GOLD","is_daily":false,"chose_seed":false,"campfire_upgraded":8,"win_rate":0.0,"timestamp":1612157431,"path_taken":["M","M","M","?","M","R","E","R","T","R","E","M","?","$","R","BOSS","M","?","$","?","M","E","R","E","T","R","E","M","?","M","R","BOSS","M","?","?","$","?","R","E","M","T","R","M","M","E","M","R","BOSS"],"items_purchased_type":["Card","Relic","Card","Relic","Card","Card"],"build_version":"2020-12-22","purchased_purges":3,"victory":true,"max_hp_per_floor":[72,72,72,72,72,72,72,72,72,72,72,72,72,72,72,72,72,72,72,72,72,72,72,72,72,72,72,72,72,72,72,72,72,72,72,72,72,72,72,72,72,72,72,72,72,72,72,72,72,72],"card_choices":[{"not_picked":["CutThroughFate","JustLucky"],"picked":"FearNoEvil","floor":1},{"not_picked":["Evaluate","LikeWater"],"picked":"Meditate","floor":2},{"not_picked":["Nirvana","ThirdEye"],"picked":"FollowUp","floor":3},{"not_picked":["WheelKick","FlyingSleeves"],"picked":"Tantrum","floor":5},{"not_picked":["ForeignInfluence","SashWhip","CutThroughFate"],"picked":"SKIP","floor":7},{"not_picked":["SandsOfTime","Conclude"],"picked":"DevaForm","floor":11},{"not_picked":["Protect","WindmillStrike"],"picked":"FlurryOfBlows","floor":12},{"not_picked":["Blasphemy","Judgement"],"picked":"LessonLearned","floor":16},{"not_picked":["SashWhip","EmptyFist"],"picked":"DeceiveReality","floor":18},{"not_picked":["LikeWater+1","FlyingSleeves"],"picked":"FlurryOfBlows","floor":22},{"not_picked":["CrushJoints","CarveReality"],"picked":"SandsOfTime+1","floor":23},{"not_picked":["FlyingSleeves","EmptyBody+1"],"picked":"LikeWater+1","floor":25},{"not_picked":["TalkToTheHand","Wireheading+1"],"picked":"Vault","floor":28},{"not_picked":["ClearTheMind+1","SashWhip"],"picked":"Protect+1","floor":29},{"not_picked":["EmptyFist","Halt"],"picked":"FearNoEvil+1","floor":31},{"not_picked":["Judgement","ConjureBlade"],"picked":"Establishment","floor":33},{"not_picked":["ForeignInfluence","Perseverance","CutThroughFate+1"],"picked":"SKIP","floor":35},{"not_picked":["WreathOfFlame","Alpha"],"picked":"ThirdEye+1","floor":41},{"not_picked":["Evaluate","SignatureMove+1"],"picked":"SandsOfTime","floor":42},{"not_picked":["BattleHymn+1","FlyingSleeves","Vengeance"],"picked":"SKIP","floor":45},{"not_picked":["Consecrate+1","Halt"],"picked":"EmptyBody+1","floor":46},{"not_picked":["ThirdEye+1","Halt+1"],"picked":"FlurryOfBlows","floor":47},{"not_picked":["JustLucky+1","Wireheading+1","SashWhip"],"picked":"SKIP","floor":48}],"player_experience":683291,"relics_obtained":[{"floor":7,"key":"PreservedInsect"},{"floor":9,"key":"Pantograph"},{"floor":11,"key":"Art of War"},{"floor":19,"key":"Enchiridion"},{"floor":23,"key":"Potion Belt"},{"floor":25,"key":"Letter Opener"},{"floor":26,"key":"Meat on the Bone"},{"floor":28,"key":"Bottled Lightning"},{"floor":41,"key":"Dream Catcher"},{"floor":47,"key":"Mummified Hand"}],"event_choices":[{"damage_healed":0,"gold_gain":0,"player_choice":"Success","damage_taken":3,"relics_obtained":["champ:DuelingGlove"],"max_hp_gain":0,"max_hp_loss":0,"event_name":"Scrap Ooze","floor":4,"gold_loss":0},{"damage_healed":0,"gold_gain":175,"player_choice":"AGREE","damage_taken":0,"max_hp_gain":0,"max_hp_loss":0,"event_name":"Liars Game","floor":13,"gold_loss":0,"cards_obtained":["Doubt"]},{"damage_healed":0,"gold_gain":0,"player_choice":"Obtained Book","damage_taken":16,"max_hp_gain":0,"max_hp_loss":0,"event_name":"Cursed Tome","floor":19,"gold_loss":0},{"damage_healed":0,"gold_gain":0,"player_choice":"Ignored","damage_taken":0,"max_hp_gain":0,"max_hp_loss":0,"event_name":"Vampires","floor":21,"gold_loss":0},{"damage_healed":0,"gold_gain":0,"player_choice":"Got Potions","damage_taken":0,"max_hp_gain":0,"max_hp_loss":0,"event_name":"Lab","floor":30,"gold_loss":0},{"damage_healed":0,"gold_gain":0,"player_choice":"Bought 1 Potion","damage_taken":0,"max_hp_gain":0,"max_hp_loss":0,"event_name":"The Woman in Blue","floor":36,"gold_loss":0},{"damage_healed":0,"gold_gain":0,"player_choice":"Paid","damage_taken":0,"relics_obtained":["Red Mask"],"max_hp_gain":0,"max_hp_loss":0,"event_name":"Tomb of Lord Red Mask","floor":39,"gold_loss":30}],"is_beta":false,"boss_relics":[{"not_picked":["VioletLotus","Pandora\u0027s Box"],"picked":"Empty Cage"},{"not_picked":["SacredBark","Astrolabe"],"picked":"Cursed Key"}],"items_purged_floors":[14,37,38],"is_endless":false,"potions_floor_spawned":[1,7,12,22,25,28,31,33,41,42,46,48],"ascension_level":3}}