{"host":"5e7lnmjco9qzk5dh","time":1612157287,"event":{"mods":["2.2 Compatiblity","AYAYA","AchievementEnabler","BaseMod","Colored Map","Colored Powertips","DeckTracker","Googly Eyes","Highlight Path","Minty Spire (QoL Compilation)","Permanent Neow","Quick Restart","Rare Cards Sparkle","StSLib","Unceasing Turn Reminder","everything is the same but u backflip on backflip","slay the spire mod where everything is the same but ironclad has a cowboy hat"],"gold_per_floor":[109,109,125,90,90,125,142,170,170,185,215,60,76,89,89,185,185,169,16,33,43,57,57,83,83,83,99,99,99,99,125,125,223,223,240,256,268,279,291,321,68,102,102,115,115,146,146,160,160,160],"floor_reached":51,"language":"ENG","playtime":4206,"items_purged":["Defend_B"],"score":867,"play_id":"f98e5aa1-6b2d-43ee-8cb0-fe76428b28a6","local_time":"20210131232807","is_ascension_mode":true,"campfire_choices":[{"floor":15.0,"key":"REST"},{"floor":23.0,"key":"REST"},{"floor":25.0,"key":"REST"},{"data":"Defragment","floor":29.0,"key":"SMITH"},{"floor":32.0,"key":"REST"},{"floor":45,"key":"DIG"},{"data":"Defragment","floor":47,"key":"SMITH"},{"floor":49,"key":"REST"}],"circlet_count":0,"master_deck":["Strike_B","Strike_B","Strike_B","Strike_B+1","Defend_B","Defend_B","Zap+1","Dualcast","Cold Snap+1","Redo","Defragment+1","White Noise","Conserve Battery","Capacitor","BootSequence","Coolheaded","Redo","Core Surge","Cold Snap","Coolheaded","Double Energy+1","Self Repair","Biased Cognition","Self Repair","Machine Learning","Barrage+1","Defragment","Blizzard+1","Steam+1","Core Surge","Conserve Battery","Defragment+1","Coolheaded+1","Reboot+1"],"relics":["Cracked Core","NeowsBlessing","Shovel","InkBottle","Mummified Hand","Gremlin Horn","Sling","SlaversCollar","Membership Card","Dream Catcher","Unceasing Top","Empty Cage","Shuriken","DollysMirror","Whetstone","Oddly Smooth Stone","Toxic Egg 2","Pocketwatch","Prayer Wheel"],"acts_visited":["Exordium","TheCity","TheBeyond"],"potions_floor_usage":[39],"damage_taken":[{"damage":0.0,"enemies":"Cultist","floor":1.0,"turns":1.0},{"damage":0.0,"enemies":"Small Slimes","floor":3.0,"turns":1.0},{"damage":0.0,"enemies":"3 Sentries","floor":6.0,"turns":1.0},{"damage":8.0,"enemies":"2 Louse","floor":7.0,"turns":3.0},{"damage":21.0,"enemies":"Lagavulin","floor":8.0,"turns":7.0},{"damage":5.0,"enemies":"2 Fungi Beasts","floor":10.0,"turns":4.0},{"damage":25.0,"enemies":"Gremlin Nob","floor":11.0,"turns":4.0},{"damage":10.0,"enemies":"Gremlin Gang","floor":13.0,"turns":3.0},{"damage":3.0,"enemies":"Red Slaver","floor":14.0,"turns":4.0},{"damage":10.0,"enemies":"The Guardian","floor":16.0,"turns":15.0},{"damage":10.0,"enemies":"2 Thieves","floor":18.0,"turns":5.0},{"damage":17.0,"enemies":"Spheric Guardian","floor":20.0,"turns":4.0},{"damage":10.0,"enemies":"Centurion and Healer","floor":21.0,"turns":17.0},{"damage":12.0,"enemies":"Shelled Parasite and Fungi","floor":22.0,"turns":13.0},{"damage":12.0,"enemies":"Slavers","floor":24.0,"turns":7.0},{"damage":5.0,"enemies":"Snake Plant","floor":27.0,"turns":8.0},{"damage":31.0,"enemies":"Book of Stabbing","floor":31.0,"turns":7.0},{"damage":10.0,"enemies":"Champ","floor":33.0,"turns":17.0},{"damage":2.0,"enemies":"3 Shapes","floor":35.0,"turns":8.0},{"damage":0.0,"enemies":"Orb Walker","floor":36.0,"turns":4.0},{"damage":53.0,"enemies":"4 Shapes","floor":37.0,"turns":6.0},{"damage":33.0,"enemies":"3 Darklings","floor":38.0,"turns":5.0},{"damage":7,"enemies":"Jaw Worm Horde","floor":39,"turns":16},{"damage":0,"enemies":"Reptomancer","floor":40,"turns":6},{"damage":0,"enemies":"Giant Head","floor":42,"turns":8},{"damage":6,"enemies":"Transient","floor":44,"turns":5},{"damage":11,"enemies":"Nemesis","floor":46,"turns":5},{"damage":30,"enemies":"4 Shapes","floor":48,"turns":5},{"damage":33,"enemies":"Time Eater","floor":50,"turns":13}],"seed_played":"-4147769465391619249","potions_obtained":[{"floor":2.0,"key":"Explosive Potion"},{"floor":2.0,"key":"LiquidBronze"},{"floor":2.0,"key":"Fire Potion"},{"floor":3.0,"key":"LiquidMemories"},{"floor":14.0,"key":"BlessingOfTheForge"},{"floor":16.0,"key":"SteroidPotion"},{"floor":21.0,"key":"PowerPotion"},{"floor":27.0,"key":"Dexterity Potion"},{"floor":33.0,"key":"DistilledChaos"},{"floor":39,"key":"Strength Potion"},{"floor":42,"key":"BlessingOfTheForge"}],"is_trial":false,"path_per_floor":["M","?","M","$","?","E","M","E","T","M","E","$","M","M","R","B",null,"M","$","M","M","M","R","E","R","T","M","?","R","?","E","R","B",null,"M","M","M","M","M","E","$","E","T","M","R","E","R","M","R","B",null],"character_chosen":"DEFECT","items_purchased":["Defragment","Sling","Membership Card","DollysMirror","Conserve Battery","Defragment","Whetstone"],"campfire_rested":5,"item_purchase_floors":[4,12,19,41,41,41,41],"current_hp_per_floor":[75,75,75,75,75,75,67,46,46,41,16,16,6,3,25,15,75,65,65,48,38,26,48,36,58,58,60,60,60,60,36,58,62,75,75,75,36,17,24,38,38,52,52,60,60,63,63,47,69,50],"gold":160,"neow_bonus":"THREE_ENEMY_KILL","is_daily":false,"chose_seed":false,"campfire_upgraded":2,"win_rate":0.0,"timestamp":1612157287,"path_taken":["M","?","?","?","?","E","M","E","T","?","E","$","M","M","R","BOSS","M","$","M","M","M","R","E","R","T","M","?","R","?","E","R","BOSS","M","M","?","M","M","E","$","E","T","M","R","E","R","?","R","BOSS"],"items_purchased_type":["Card","Relic","Relic","Relic","Card","Card","Relic"],"build_version":"2020-12-22","purchased_purges":1,"victory":true,"max_hp_per_floor":[75,75,75,75,75,75,75,75,75,75,75,75,75,75,75,75,75,75,75,75,75,75,75,75,75,75,75,75,75,75,75,75,75,75,75,75,75,75,75,75,75,75,75,75,75,75,75,75,75,75],"card_choices":[{"not_picked":["Go for the Eyes","Sunder"],"picked":"Cold Snap","floor":1.0},{"not_picked":["Sunder","Go for the Eyes"],"picked":"Redo","floor":3.0},{"not_picked":["Sunder","Heatsinks"],"picked":"White Noise","floor":6.0},{"not_picked":["Barrage","Stack"],"picked":"Conserve Battery","floor":7.0},{"not_picked":["Skim","Rebound","Leap"],"picked":"SKIP","floor":8.0},{"not_picked":["Auto Shields","Fission"],"picked":"Capacitor","floor":10.0},{"not_picked":["Steam Power","Melter"],"picked":"BootSequence","floor":11.0},{"not_picked":["Go for the Eyes","Blizzard"],"picked":"Coolheaded","floor":13.0},{"not_picked":["Steam","Hello World"],"picked":"Redo","floor":14.0},{"not_picked":["All For One","Fission"],"picked":"Core Surge","floor":16.0},{"not_picked":["Leap+1","Gash","Force Field+1"],"picked":"SKIP","floor":18.0},{"not_picked":["Gash","Scrape+1"],"picked":"Cold Snap","floor":20.0},{"not_picked":["Capacitor+1","Aggregate+1"],"picked":"Coolheaded","floor":21.0},{"not_picked":["Ball Lightning+1","Go for the Eyes","Hologram"],"picked":"SKIP","floor":22.0},{"not_picked":["Scrape+1","FTL"],"picked":"Double Energy+1","floor":24.0},{"not_picked":["Stack","FTL"],"picked":"Self Repair","floor":25.0},{"not_picked":["Compile Driver+1","Undo+1"],"picked":"Biased Cognition","floor":27.0},{"not_picked":["Barrage","Gash+1"],"picked":"Turbo","floor":31.0},{"not_picked":["Melter+1","Barrage"],"picked":"Self Repair","floor":32.0},{"not_picked":["Multi-Cast","Echo Form"],"picked":"Machine Learning","floor":33.0},{"not_picked":["Auto Shields","Hologram+1"],"picked":"Barrage+1","floor":35.0},{"not_picked":["Force Field+1","Redo"],"picked":"Defragment","floor":36.0},{"not_picked":["Lockon+1","Capacitor"],"picked":"Blizzard+1","floor":37.0},{"not_picked":["Go for the Eyes","Rip and Tear","Doom and Gloom+1"],"picked":"SKIP","floor":38.0},{"not_picked":["Leap+1","Capacitor+1"],"picked":"Steam+1","floor":39},{"not_picked":["Melter+1","Self Repair","All For One"],"picked":"SKIP","floor":40},{"not_picked":["Sweeping Beam","Barrage"],"picked":"Coolheaded+1","floor":42},{"not_picked":["Go for the Eyes","Steam Power+1","Steam+1"],"picked":"SKIP","floor":44},{"not_picked":["Hologram+1","Gash","Compile Driver+1"],"picked":"SKIP","floor":46},{"not_picked":["Redo+1","Fusion+1"],"picked":"Reboot+1","floor":48},{"not_picked":["Turbo+1","Steam Power+1","Darkness+1"],"picked":"SKIP","floor":48}],"player_experience":50643,"relics_obtained":[{"floor":6.0,"key":"Shovel"},{"floor":8.0,"key":"InkBottle"},{"floor":9.0,"key":"Mummified Hand"},{"floor":11.0,"key":"Gremlin Horn"},{"floor":24.0,"key":"Dream Catcher"},{"floor":31.0,"key":"Unceasing Top"},{"floor":40,"key":"Shuriken"},{"floor":42,"key":"Oddly Smooth Stone"},{"floor":43,"key":"Toxic Egg 2"},{"floor":45,"key":"Pocketwatch"},{"floor":46,"key":"Prayer Wheel"}],"event_choices":[{"damage_healed":0.0,"max_hp_gain":0.0,"max_hp_loss":0.0,"gold_gain":0.0,"event_name":"Lab","player_choice":"Got Potions","floor":2.0,"gold_loss":0.0,"damage_taken":0.0},{"damage_healed":0.0,"max_hp_gain":0.0,"max_hp_loss":0.0,"gold_gain":0.0,"event_name":"The Woman in Blue","player_choice":"Bought 0 Potions","floor":5.0,"gold_loss":0.0,"damage_taken":0.0},{"damage_healed":0.0,"max_hp_gain":0.0,"max_hp_loss":0.0,"gold_gain":0.0,"event_name":"Upgrade Shrine","player_choice":"Upgraded","floor":30.0,"gold_loss":0.0,"damage_taken":0.0,"cards_upgraded":["Zap"]}],"is_beta":false,"boss_relics":[{"not_picked":["Velvet Choker","Tiny House"],"picked":"SlaversCollar"},{"not_picked":["Calling Bell","Philosopher\u0027s Stone"],"picked":"Empty Cage"}],"items_purged_floors":[41],"is_endless":false,"potions_floor_spawned":[3,6,10,14,16,21,27,31,33,36,39,42,44],"ascension_level":1}}