{"host":"6p0attdrtjqaih7v","time":1612158952,"event":{"mods":["2.2 Compatiblity","AchievementEnabler","Bard","BaseMod","Better Skull","Better Third Choice","Colored Powertips","Downfall","Hermit","Highlight Path","Key Reminder","Minty Spire (QoL Compilation)","Permanent Neow","Quick Restart","Random Character Button","Relic Stats","Replay The Spire","Robot Space Explorer","StSLib","The Witch"],"gold_per_floor":[16,27,117,182,194,194,11,29,29,45,77,77,111,126,126,205,205,224,237,253,253,153,183,210,210,210,242,267,286,304,96,96,167,167,184,203,203,220,220,220,248,248,248,248,263,278,278,16,16,16,16],"floor_reached":52,"language":"ENG","playtime":2458,"items_purged":["RobotSpaceExplorer:Defend","RobotSpaceExplorer:Strike","RobotSpaceExplorer:Strike","RobotSpaceExplorer:Strike"],"score":2144,"play_id":"62e4ef9b-e479-4b29-8488-2c0be5909b73","local_time":"20210201005552","is_ascension_mode":true,"campfire_choices":[{"data":"RobotSpaceExplorer:MiniLasers","floor":6,"key":"SMITH"},{"data":"RobotSpaceExplorer:MiniBoosters","floor":15,"key":"SMITH"},{"data":"RobotSpaceExplorer:IronShell","floor":25,"key":"SMITH"},{"data":"RobotSpaceExplorer:StarLightning","floor":32,"key":"SMITH"},{"data":"RobotSpaceExplorer:PlasmaMissile","floor":40,"key":"SMITH"},{"data":"RobotSpaceExplorer:Fix","floor":42,"key":"SMITH"},{"data":"RobotSpaceExplorer:Arsenal","floor":44,"key":"SMITH"},{"floor":49,"key":"REST"}],"circlet_count":0,"master_deck":["AscendersBane","RobotSpaceExplorer:Strike","RobotSpaceExplorer:Defend","RobotSpaceExplorer:Defend","RobotSpaceExplorer:Defend","RobotSpaceExplorer:Scan","RobotSpaceExplorer:MiniLasers+1","Master of Strategy","RobotSpaceExplorer:PlasmaMissile+1","RobotSpaceExplorer:Probe","RobotSpaceExplorer:MiniDrones","RobotSpaceExplorer:ShovelStrike+1","RobotSpaceExplorer:JunkDive","RobotSpaceExplorer:MiniDrones","RobotSpaceExplorer:Accelerator","RobotSpaceExplorer:LuckyStrike","RobotSpaceExplorer:StarLightning+1","RobotSpaceExplorer:MiniBoosters+1","RobotSpaceExplorer:MiniDrones","RobotSpaceExplorer:Arsenal+1","RobotSpaceExplorer:LuckyStrike","RobotSpaceExplorer:IronShell+1","RobotSpaceExplorer:MetalStrike+1","RobotSpaceExplorer:StarLightning+1","RobotSpaceExplorer:ScrapToss+1","RobotSpaceExplorer:Blaster+1","RobotSpaceExplorer:MetalStrike+1","RobotSpaceExplorer:ShovelStrike+1","RobotSpaceExplorer:Fix+1","RobotSpaceExplorer:DualCore+1","RobotSpaceExplorer:MiniBoosters+1"],"relics":["RobotSpaceExplorer:RoboCore","RobotSpaceExplorer:FoglandsKnife","Ornamental Fan","WingedGreaves","Orichalcum","SlaversCollar","Dream Catcher","Replay:WaspNest","Replay:Wax Seal","Molten Egg 2","Turnip","Honey Jar","Thread and Needle","Question Card","downfall:ExtraCursedKey"],"acts_visited":["Exordium","TheCity","TheBeyond"],"potions_floor_usage":[16,20,21,24,27,29,33,41,46,51,51],"damage_taken":[{"damage":0,"enemies":"Small Slimes","floor":1,"turns":5},{"damage":0,"enemies":"Jaw Worm","floor":2,"turns":4},{"damage":2,"enemies":"2 Louse","floor":5,"turns":2},{"damage":8,"enemies":"Large Slime","floor":8,"turns":3},{"damage":1,"enemies":"Exordium Thugs","floor":10,"turns":3},{"damage":1,"enemies":"Lagavulin","floor":11,"turns":5},{"damage":0,"enemies":"3 Sentries","floor":13,"turns":4},{"damage":2,"enemies":"Red Slaver","floor":14,"turns":4},{"damage":0,"enemies":"Slime Boss","floor":16,"turns":4},{"damage":0,"enemies":"Chosen","floor":18,"turns":3},{"damage":0,"enemies":"2 Thieves","floor":19,"turns":3},{"damage":6,"enemies":"Snecko","floor":20,"turns":3},{"damage":0,"enemies":"Gremlin Leader","floor":23,"turns":4},{"damage":10,"enemies":"Replay:Snechameleon","floor":24,"turns":5},{"damage":2,"enemies":"Gremlin Leader","floor":27,"turns":4},{"damage":5,"enemies":"Book of Stabbing","floor":28,"turns":5},{"damage":0,"enemies":"Shelled Parasite and Fungi","floor":29,"turns":2},{"damage":8,"enemies":"Sentry and Sphere","floor":30,"turns":4},{"damage":23,"enemies":"Automaton","floor":33,"turns":7},{"damage":0,"enemies":"3 Darklings","floor":35,"turns":3},{"damage":0,"enemies":"Orb Walker","floor":36,"turns":2},{"damage":18,"enemies":"Writhing Mass","floor":38,"turns":6},{"damage":0,"enemies":"Reptomancer","floor":41,"turns":4},{"damage":0,"enemies":"3 Darklings","floor":45,"turns":3},{"damage":9,"enemies":"Spire Growth","floor":46,"turns":4},{"damage":5,"enemies":"Donu and Deca","floor":50,"turns":6},{"damage":16,"enemies":"Awakened One","floor":51,"turns":7}],"seed_played":"-4285252426692949268","potions_obtained":[{"floor":2,"key":"Fire Potion"},{"floor":5,"key":"Elixir"},{"floor":10,"key":"Fruit Juice"},{"floor":16,"key":"SneckoOil"},{"floor":21,"key":"Explosive Potion"},{"floor":21,"key":"DuplicationPotion"},{"floor":24,"key":"Explosive Potion"},{"floor":27,"key":"DistilledChaos"},{"floor":28,"key":"Dexterity Potion"},{"floor":35,"key":"AttackPotion"},{"floor":36,"key":"LiquidMemories"},{"floor":38,"key":"ColorlessPotion"}],"is_trial":false,"path_per_floor":["M","M","?","?","M","R","$","M","T","M","E","?","E","M","R","B",null,"M","M","M","?","$","E","E","R","T","E","E","M","M","$","R","B",null,"M","M","?","M","?","R","E","R","T","R","M","M","?","$","R","B","B",null],"character_chosen":"RobotSpaceExplorer","items_purchased":["RobotSpaceExplorer:MiniDrones","Fire Potion","Regen Potion","Strength Potion","SpeedPotion"],"campfire_rested":1,"item_purchase_floors":[7,7,31,48,48],"current_hp_per_floor":[64,64,41,41,39,39,39,31,31,30,29,29,29,27,27,27,60,60,60,54,59,59,59,49,49,49,47,42,42,34,34,34,26,64,64,64,64,46,48,48,48,48,48,48,54,51,51,51,73,74,60],"gold":16,"neow_bonus":"RANDOM_COLORLESS_2","is_daily":false,"chose_seed":false,"campfire_upgraded":7,"win_rate":0.0,"timestamp":1612158952,"path_taken":["M","M","?","?","M","R","$","M","T","M","E","?","E","M","R","BOSS","M","M","M","?","?","E","E","R","T","E","E","M","M","$","R","BOSS","M","M","?","M","?","R","E","R","T","R","M","?","?","$","R","BOSS","BOSS"],"items_purchased_type":["Card","Potion","Potion","Potion","Potion"],"build_version":"2020-12-22","purchased_purges":4,"victory":true,"max_hp_per_floor":[71,71,71,71,71,71,71,71,71,71,71,71,71,71,71,71,71,71,71,71,76,76,76,76,76,76,76,76,76,76,76,76,76,76,76,76,76,76,76,76,76,76,76,76,76,76,76,76,76,76,76],"relic_stats":{"Dream Catcher":1,"counters":[27,109],"Ornamental Fan":[492],"Turnip":[7],"Orichalcum":[0],"Question Card":3,"obtain_stats":[{"RobotSpaceExplorer:RoboCore":0,"Thread and Needle":41,"Replay:WaspNest":24,"Orichalcum":13,"Question Card":43,"RobotSpaceExplorer:FoglandsKnife":3,"SlaversCollar":17,"Dream Catcher":23,"Ornamental Fan":9,"Honey Jar":34,"Molten Egg 2":27,"WingedGreaves":11,"Turnip":28,"downfall:ExtraCursedKey":47,"Replay:Wax Seal":26},{"RobotSpaceExplorer:RoboCore":0,"Thread and Needle":23,"Replay:WaspNest":14,"Orichalcum":7,"Question Card":23,"RobotSpaceExplorer:FoglandsKnife":2,"SlaversCollar":9,"Dream Catcher":13,"Ornamental Fan":4,"Honey Jar":19,"Molten Egg 2":15,"WingedGreaves":6,"Turnip":16,"downfall:ExtraCursedKey":25,"Replay:Wax Seal":14},{"RobotSpaceExplorer:RoboCore":0,"Thread and Needle":89,"Replay:WaspNest":52,"Orichalcum":26,"Question Card":89,"RobotSpaceExplorer:FoglandsKnife":9,"SlaversCollar":34,"Dream Catcher":47,"Ornamental Fan":14,"Honey Jar":74,"Molten Egg 2":56,"WingedGreaves":22,"Turnip":61,"downfall:ExtraCursedKey":96,"Replay:Wax Seal":52}]},"card_choices":[{"not_picked":["Secret Technique","Secret Weapon"],"picked":"Master of Strategy","floor":0},{"not_picked":["RobotSpaceExplorer:GlueShot","RobotSpaceExplorer:Ammunition"],"picked":"RobotSpaceExplorer:PlasmaMissile","floor":1},{"not_picked":["RobotSpaceExplorer:FranticSearch","RobotSpaceExplorer:SurgingShield"],"picked":"RobotSpaceExplorer:Probe","floor":2},{"not_picked":["RobotSpaceExplorer:FreezingShield","RobotSpaceExplorer:SurgingShield"],"picked":"RobotSpaceExplorer:MiniDrones","floor":3},{"not_picked":["RobotSpaceExplorer:ImprovisedAttack","RobotSpaceExplorer:Ammunition"],"picked":"RobotSpaceExplorer:ShovelStrike","floor":3},{"not_picked":["RobotSpaceExplorer:PowerCollector","RobotSpaceExplorer:ScrapMissile"],"picked":"RobotSpaceExplorer:JunkDive","floor":5},{"not_picked":["RobotSpaceExplorer:FranticSearch","RobotSpaceExplorer:SurgingStrike"],"picked":"RobotSpaceExplorer:Accelerator","floor":8},{"not_picked":["RobotSpaceExplorer:FranticSearch","RobotSpaceExplorer:SelfCleaning"],"picked":"RobotSpaceExplorer:LuckyStrike","floor":10},{"not_picked":["RobotSpaceExplorer:SurgingShield","RobotSpaceExplorer:Blitz"],"picked":"RobotSpaceExplorer:StarLightning","floor":11},{"not_picked":["RobotSpaceExplorer:StunGrenade","RobotSpaceExplorer:JunkDive"],"picked":"RobotSpaceExplorer:MiniBoosters","floor":13},{"not_picked":["RobotSpaceExplorer:Reload","RobotSpaceExplorer:MetalStrike"],"picked":"RobotSpaceExplorer:MiniDrones","floor":14},{"not_picked":["RobotSpaceExplorer:BlastShield","RobotSpaceExplorer:Multitool"],"picked":"RobotSpaceExplorer:Arsenal","floor":16},{"not_picked":["RobotSpaceExplorer:GlueShot","RobotSpaceExplorer:Counterblock","RobotSpaceExplorer:Reload"],"picked":"SKIP","floor":18},{"not_picked":["RobotSpaceExplorer:StarDust","RobotSpaceExplorer:ImprovisedAttack","RobotSpaceExplorer:Reload+1"],"picked":"SKIP","floor":19},{"not_picked":["RobotSpaceExplorer:SurgingShield","RobotSpaceExplorer:RigExplosive"],"picked":"RobotSpaceExplorer:LuckyStrike","floor":20},{"not_picked":["RobotSpaceExplorer:Probe+1","RobotSpaceExplorer:LuckyStrike"],"picked":"RobotSpaceExplorer:IronShell","floor":23},{"not_picked":["RobotSpaceExplorer:SurgingShield","RobotSpaceExplorer:FreezeRay","RobotSpaceExplorer:ShovelStrike"],"picked":"SKIP","floor":24},{"not_picked":["RobotSpaceExplorer:BigMissile+1","RobotSpaceExplorer:TurboDodge"],"picked":"RobotSpaceExplorer:MetalStrike+1","floor":27},{"not_picked":["RobotSpaceExplorer:MakeshiftVolley+1","RobotSpaceExplorer:Electropulse+1","RobotSpaceExplorer:PowerGlove"],"picked":"SKIP","floor":28},{"not_picked":["RobotSpaceExplorer:ShockKick+1","RobotSpaceExplorer:StarDust"],"picked":"RobotSpaceExplorer:StarLightning+1","floor":29},{"not_picked":["RobotSpaceExplorer:ScrapMissile+1","RobotSpaceExplorer:FranticSearch"],"picked":"RobotSpaceExplorer:ScrapToss+1","floor":30},{"not_picked":["RobotSpaceExplorer:ShockMissile+1","RobotSpaceExplorer:Exploration"],"picked":"RobotSpaceExplorer:Blaster+1","floor":33},{"not_picked":["RobotSpaceExplorer:Ammunition","RobotSpaceExplorer:FreezingShield"],"picked":"RobotSpaceExplorer:MetalStrike+1","floor":35},{"not_picked":["RobotSpaceExplorer:StunGrenade+1","RobotSpaceExplorer:SlimeMissile+1"],"picked":"RobotSpaceExplorer:ShovelStrike+1","floor":36},{"not_picked":["RobotSpaceExplorer:SelfCleaning","RobotSpaceExplorer:HighVoltage+1"],"picked":"RobotSpaceExplorer:Fix","floor":38},{"not_picked":["RobotSpaceExplorer:Probe+1","RobotSpaceExplorer:SurgingStrike+1"],"picked":"RobotSpaceExplorer:DualCore+1","floor":41},{"not_picked":["RobotSpaceExplorer:MakeshiftVolley+1","RobotSpaceExplorer:GlueShot+1","RobotSpaceExplorer:Discharger"],"picked":"RobotSpaceExplorer:MiniBoosters+1","floor":45}],"player_experience":1012630,"relics_obtained":[{"floor":3,"key":"RobotSpaceExplorer:FoglandsKnife"},{"floor":9,"key":"Ornamental Fan"},{"floor":11,"key":"WingedGreaves"},{"floor":13,"key":"Orichalcum"},{"floor":23,"key":"Dream Catcher"},{"floor":24,"key":"Replay:WaspNest"},{"floor":26,"key":"Replay:Wax Seal"},{"floor":27,"key":"Molten Egg 2"},{"floor":28,"key":"Turnip"},{"floor":41,"key":"Thread and Needle"},{"floor":43,"key":"Question Card"}],"event_choices":[{"damage_healed":0,"gold_gain":65,"player_choice":"Gained Gold","damage_taken":0,"max_hp_gain":0,"max_hp_loss":0,"event_name":"Golden Wing","floor":4,"gold_loss":0},{"damage_healed":0,"gold_gain":0,"player_choice":"Grow","damage_taken":0,"max_hp_gain":0,"max_hp_loss":0,"event_name":"Living Wall","floor":12,"gold_loss":0,"cards_upgraded":["RobotSpaceExplorer:ShovelStrike"]},{"damage_healed":0,"gold_gain":0,"player_choice":"Got Potions","damage_taken":0,"max_hp_gain":0,"max_hp_loss":0,"event_name":"Lab","floor":21,"gold_loss":0},{"damage_healed":0,"gold_gain":0,"player_choice":"Memory 1","damage_taken":0,"max_hp_gain":0,"max_hp_loss":0,"event_name":"SensoryStone","floor":37,"gold_loss":0},{"damage_healed":2,"gold_gain":0,"player_choice":"LEAVE ","damage_taken":0,"relics_obtained":[],"max_hp_gain":0,"max_hp_loss":0,"event_name":"betterSkull:BetterSkull","floor":39,"gold_loss":0,"cards_upgraded":[]}],"is_beta":false,"boss_relics":[{"not_picked":["Replay:Wanted Poster","expansioncontent:StudyCardRelic"],"picked":"SlaversCollar"},{"not_picked":["Velvet Choker","Coffee Dripper"],"picked":"Honey Jar"}],"items_purged_floors":[7,22,31,48],"is_endless":false,"potions_floor_spawned":[2,5,8,10,16,23,24,27,28,35,36,38],"ascension_level":20}}