{"host":"zk71suw73lg2r165","time":1612200280,"event":{"mods":["BaseMod","Colored Map","Minty Spire (QoL Compilation)","Permanent Neow","Relic Stats","StSLib"],"gold_per_floor":[118,134,134,146,221,221,16,16,16],"floor_reached":8,"language":"ENG","playtime":234,"items_purged":[],"score":92,"play_id":"9d923d99-4be3-4851-bfd9-4ecd177aa0ef","local_time":"20210201122440","is_ascension_mode":true,"campfire_choices":[{"floor":6,"key":"REST"}],"circlet_count":0,"master_deck":["AscendersBane","Strike_G","Strike_G","Strike_G","Strike_G","Defend_G","Defend_G","Defend_G","Defend_G","Defend_G","Survivor","Neutralize","Deadly Poison","Backflip","Acrobatics","Predator"],"relics":["Ring of the Snake","WingedGreaves","Membership Card"],"acts_visited":["Exordium"],"potions_floor_usage":[8],"damage_taken":[{"damage":0,"enemies":"Jaw Worm","floor":1,"turns":6},{"damage":0,"enemies":"Small Slimes","floor":2,"turns":3},{"damage":0,"enemies":"2 Louse","floor":4,"turns":5},{"damage":35,"enemies":"Lagavulin","floor":8,"turns":4}],"seed_played":"7876660753849349270","potions_obtained":[{"floor":4,"key":"Swift Potion"}],"is_trial":false,"path_per_floor":["M","M","?","M","?","R","$","E"],"character_chosen":"THE_SILENT","items_purchased":["Membership Card","Predator"],"campfire_rested":1,"item_purchase_floors":[7,7],"current_hp_per_floor":[44,44,37,37,26,45,45,10,10],"gold":16,"neow_bonus":"ONE_RARE_RELIC","is_daily":false,"chose_seed":false,"campfire_upgraded":0,"win_rate":0.0,"timestamp":1612200280,"path_taken":["M","M","?","M","?","R","?","E"],"items_purchased_type":["Relic","Card"],"build_version":"2020-12-22","purchased_purges":0,"victory":false,"max_hp_per_floor":[66,66,66,66,66,66,66,66,66],"relic_stats":{"counters":[4,18],"obtain_stats":[{"WingedGreaves":0,"Membership Card":7,"Ring of the Snake":0},{"WingedGreaves":0,"Membership Card":3,"Ring of the Snake":0},{"WingedGreaves":0,"Membership Card":14,"Ring of the Snake":0}],"Ring of the Snake":[8]},"card_choices":[{"not_picked":["Dagger Spray","Endless Agony"],"picked":"Deadly Poison","floor":1},{"not_picked":["Sucker Punch","Prepared"],"picked":"Backflip","floor":2},{"not_picked":["Concentrate","PiercingWail"],"picked":"Acrobatics","floor":4}],"player_experience":1437667,"relics_obtained":[],"event_choices":[{"cards_removed":["Strike_G"],"damage_healed":0,"gold_gain":0,"player_choice":"Card Removal","damage_taken":7,"max_hp_gain":0,"max_hp_loss":0,"event_name":"Golden Wing","floor":3,"gold_loss":0},{"damage_healed":0,"gold_gain":75,"player_choice":"Gather Gold","damage_taken":11,"max_hp_gain":0,"max_hp_loss":0,"event_name":"World of Goop","floor":5,"gold_loss":0}],"is_beta":false,"boss_relics":[],"items_purged_floors":[],"is_endless":false,"potions_floor_spawned":[4],"killed_by":"Lagavulin","ascension_level":20}}