{"host":"8g198xe1n7br41jb","time":1612213676,"event":{"mods":["BaseMod","Downfall","Minty Spire (QoL Compilation)","StSLib","SuperFastMode"],"gold_per_floor":[99,99,99,111,21,21,21,21,21,31,31,59,59,78,90,193,193,93,104,124,124,124,124],"floor_reached":21,"language":"ENG","playtime":844,"items_purged":["Regret"],"score":212,"play_id":"631bfa08-932f-4213-a640-f40e9c082576","local_time":"20210201220756","is_ascension_mode":true,"campfire_choices":[{"floor":1,"key":"RECALL"},{"data":"Slimebound:Split","floor":6,"key":"SMITH"},{"data":"Regret","floor":9,"key":"PURGE"},{"data":"Parasite","floor":11,"key":"PURGE"},{"data":"Slimebound:Strike_Slimebound","floor":18,"key":"PURGE"}],"circlet_count":0,"master_deck":["Slimebound:Strike_Slimebound","Slimebound:Strike_Slimebound","Slimebound:Tackle","Slimebound:Defend_Slimebound","Slimebound:Defend_Slimebound","Slimebound:Defend_Slimebound","Slimebound:Defend_Slimebound","Slimebound:Split+1","Slimebound:CorrosiveSpit","Mayhem","Slimebound:SlimeBrawl","Slimebound:AcidTongue","Slimebound:RollThrough","Slimebound:Prepare","Slimebound:GoopTackle","Slimebound:BestDefense","Slimebound:LeechLife","Slimebound:LivingWall"],"relics":["Slimebound:AbsorbEndCombat","Bronze Scales","downfall:BrokenWingStatue","Peace Pipe","Letter Opener","Slimebound:TarBlob","downfall:HeartBlessingRed"],"acts_visited":["Exordium","TheCity"],"potions_floor_usage":[12,16,16,16],"damage_taken":[{"damage":9,"enemies":"2 Louse","floor":4,"turns":3},{"damage":16,"enemies":"downfall:FleeingMerchant","floor":5,"turns":4},{"damage":15,"enemies":"Jaw Worm","floor":10,"turns":3},{"damage":15,"enemies":"Lagavulin","floor":12,"turns":5},{"damage":13,"enemies":"Small Slimes","floor":14,"turns":4},{"damage":3,"enemies":"Exordium Wildlife","floor":15,"turns":3},{"damage":22,"enemies":"WA_ARCHETYPE_RETAIN","floor":16,"turns":6},{"damage":23,"enemies":"Spheric Guardian","floor":19,"turns":4},{"damage":33,"enemies":"Snake Plant","floor":20,"turns":4},{"damage":9,"enemies":"downfall:FleeingMerchant","floor":21,"turns":3}],"seed_played":"-935226917826237210","potions_obtained":[{"floor":4,"key":"SpeedPotion"},{"floor":10,"key":"FearPotion"},{"floor":12,"key":"ColorlessPotion"},{"floor":14,"key":"champ:CounterPotion"},{"floor":20,"key":"FearPotion"}],"is_trial":false,"path_per_floor":["R","?","?","M","$","R","T","?","R","M","R","E","T","M","M","B",null,"R","M","M","$"],"character_chosen":"SLIMEBOUND","items_purchased":[],"campfire_rested":0,"item_purchase_floors":[],"current_hp_per_floor":[65,65,65,56,40,40,40,56,56,41,41,32,32,21,18,4,62,62,39,6,0,0,0],"gold":124,"neow_bonus":"RANDOM_COLORLESS_2","is_daily":false,"chose_seed":false,"campfire_upgraded":1,"win_rate":0.0,"timestamp":1612213676,"path_taken":["R","?","?","M","$","R","T","?","R","M","R","E","?","M","M","BOSS","R","M","M","$"],"items_purchased_type":[],"build_version":"2020-12-22","purchased_purges":1,"victory":false,"max_hp_per_floor":[65,65,65,65,65,65,65,65,65,65,62,62,62,62,62,62,62,62,62,62,62,62,62],"card_choices":[{"not_picked":["Violence","Secret Technique"],"picked":"Mayhem","floor":0},{"not_picked":["Slimebound:MegaLick","Slimebound:SlimeSpikes"],"picked":"Slimebound:SlimeBrawl","floor":4},{"not_picked":["Slimebound:SamplingLick","Slimebound:ItLooksTasty"],"picked":"Slimebound:AcidTongue","floor":5},{"not_picked":["Slimebound:RejuvenatingLick","Slimebound:HauntingLick"],"picked":"Slimebound:RollThrough","floor":10},{"not_picked":["Slimebound:SlimeSpikes","Slimebound:RallyTheTroops"],"picked":"Slimebound:Prepare","floor":12},{"not_picked":["Slimebound:SplitMire","Slimebound:Nibble"],"picked":"Slimebound:GoopTackle","floor":14},{"not_picked":["Slimebound:SlimeSpikes","Slimebound:GrowthPunch"],"picked":"Slimebound:BestDefense","floor":15},{"not_picked":["Slimebound:Recycling","Slimebound:WasteNot"],"picked":"Slimebound:LeechLife","floor":16},{"not_picked":["Slimebound:LevelUp","Slimebound:ItLooksTasty","Slimebound:SplitSpecialist+1"],"picked":"SKIP","floor":19},{"not_picked":["Slimebound:SlimeSpikes+1","Slimebound:SplitAcid"],"picked":"Slimebound:LivingWall","floor":20}],"player_experience":1249692,"relics_obtained":[{"floor":7,"key":"Peace Pipe"},{"floor":12,"key":"Letter Opener"}],"event_choices":[{"damage_healed":0,"gold_gain":0,"player_choice":"Box","damage_taken":0,"relics_obtained":["Bronze Scales"],"max_hp_gain":0,"max_hp_loss":0,"event_name":"Big Fish","floor":2,"gold_loss":0,"cards_obtained":["Regret"]},{"damage_healed":16,"gold_gain":0,"player_choice":"Healed and dodged fight","damage_taken":0,"max_hp_gain":0,"max_hp_loss":0,"event_name":"Mushrooms","floor":8,"gold_loss":0,"cards_obtained":["Parasite"]}],"is_beta":false,"boss_relics":[{"not_picked":["SlaversCollar","Pandora\u0027s Box"],"picked":"Slimebound:TarBlob"}],"items_purged_floors":[5],"is_endless":false,"potions_floor_spawned":[4,10,12,14,15,20],"killed_by":"downfall:FleeingMerchant","ascension_level":4}}