{"host":"knspyp6dy614fx6e","time":1612164507,"event":{"mods":["ATMod(°¢èªMod)","Aspiration","BaseMod","Better Altar","Better Skull","Better Third Choice","Card Filter","DeckTracker","Dota2Spire","Energized Spire","Jedi Mod","Minty Spire (QoL Compilation)","Quick Restart","Relic Filter Mod","Relic Stats","Reliquary","Shop Mod","Spicy Shops","StSLib","TestMod","Waifu the Spire","¡¾ÒÅÎï¿¨ÅÆ¡¿REMEMod"],"gold_per_floor":[364,31,31,31,43,68,84,84,130,157,177,205,205,222,222,222,222],"floor_reached":16,"language":"ZHS","playtime":573,"items_purged":[],"score":240,"play_id":"af074b04-9545-48fd-ab71-26a3ad82c94c","local_time":"20210201152827","is_ascension_mode":true,"campfire_choices":[{"data":"Uppercut","floor":8.0,"key":"SMITH"},{"floor":13,"key":"REST"},{"data":"Armaments","floor":15,"key":"SMITH"}],"circlet_count":0,"master_deck":["AscendersBane","Strike_R","Strike_R","Strike_R","Strike_R","Strike_R","Defend_R","Defend_R","Defend_R","Defend_R","Bash","Havoc","Uppercut+1","Feel No Pain","Twin Strike","Body Slam","Fire Breathing","Pommel Strike","Barricade","Armaments+1"],"relics":["Burning Blood","AT_ATBox","testmod-TestBox","REME_ComplimentaryCards","PreservedInsect","jedi:shrinkray","Kunai","reliquary:Stiletto","reliquary:PartyBalloon","Regal Pillow"],"acts_visited":["Exordium"],"potions_floor_usage":[12],"damage_taken":[{"damage":11.0,"enemies":"Small Slimes","floor":1.0,"turns":4.0},{"damage":0.0,"enemies":"2 Louse","floor":5.0,"turns":3.0},{"damage":25.0,"enemies":"Lagavulin","floor":6.0,"turns":5.0},{"damage":11.0,"enemies":"Jaw Worm","floor":7.0,"turns":4.0},{"damage":12.0,"enemies":"3 Sentries","floor":10.0,"turns":4.0},{"damage":13,"enemies":"3 Louse","floor":11,"turns":3},{"damage":6,"enemies":"Gremlin Nob","floor":12,"turns":3},{"damage":36,"enemies":"Lots of Slimes","floor":14,"turns":6},{"damage":29,"enemies":"Hexaghost","floor":16,"turns":9}],"seed_played":"3707616808161104700","potions_obtained":[{"floor":1.0,"key":"jedi:hoardpotion"},{"floor":5.0,"key":"Explosive Potion"},{"floor":11,"key":"jedi:StrikingPotion"}],"is_trial":false,"path_per_floor":["M","$","?","$","M","E","M","R","T","E","M","E","R","M","R","B"],"character_chosen":"IRONCLAD","items_purchased":["PreservedInsect","jedi:shrinkray"],"campfire_rested":1,"item_purchase_floors":[2,2],"current_hp_per_floor":[45,45,50,50,56,37,32,32,32,26,19,19,58,28,28,0,0],"gold":222,"neow_bonus":"TWO_FIFTY_GOLD","is_daily":false,"chose_seed":false,"campfire_upgraded":2,"win_rate":0.0,"timestamp":1612164507,"path_taken":["M","$","?","$","M","E","M","R","T","E","M","E","R","M","R","BOSS"],"items_purchased_type":["Relic","Relic"],"build_version":"2020-12-22","purchased_purges":0,"victory":false,"max_hp_per_floor":[75,75,80,80,80,80,80,80,80,80,80,80,80,80,80,80,80],"relic_stats":{"Regal Pillow":15,"counters":[9,41],"PreservedInsect":90,"Kunai":[4],"obtain_stats":[{"Regal Pillow":12,"AT_ATBox":0,"testmod-TestBox":0,"reliquary:PartyBalloon":10,"PreservedInsect":2,"reliquary:Stiletto":9,"Kunai":6,"Burning Blood":0,"REME_ComplimentaryCards":0,"jedi:shrinkray":2},{"Regal Pillow":7,"AT_ATBox":0,"testmod-TestBox":0,"reliquary:PartyBalloon":5,"PreservedInsect":1,"reliquary:Stiletto":4,"Kunai":3,"Burning Blood":0,"REME_ComplimentaryCards":0,"jedi:shrinkray":1},{"Regal Pillow":26,"AT_ATBox":0,"testmod-TestBox":0,"reliquary:PartyBalloon":20,"PreservedInsect":4,"reliquary:Stiletto":16,"Kunai":12,"Burning Blood":0,"REME_ComplimentaryCards":0,"jedi:shrinkray":4}],"Burning Blood":48},"card_choices":[{"not_picked":["Perfected Strike","Clothesline"],"picked":"Twin Strike","floor":5.0},{"not_picked":["True Grit","Sword Boomerang"],"picked":"Body Slam","floor":6.0},{"not_picked":["REME_FearOfPain","Wild Strike","Ghostly Armor"],"picked":"SKIP","floor":7.0},{"not_picked":["Dropkick","Pummel"],"picked":"Fire Breathing","floor":10.0},{"not_picked":["Heavy Blade","Sentinel"],"picked":"Pommel Strike","floor":11},{"not_picked":["Wild Strike","Perfected Strike"],"picked":"Barricade","floor":12},{"not_picked":["Wild Strike","Iron Wave"],"picked":"Armaments","floor":14}],"player_experience":284839,"relics_obtained":[{"floor":6.0,"key":"Kunai"},{"floor":9.0,"key":"reliquary:Stiletto"},{"floor":10.0,"key":"reliquary:PartyBalloon"},{"floor":12,"key":"Regal Pillow"}],"event_choices":[{"damage_healed":0.0,"max_hp_gain":5.0,"max_hp_loss":0.0,"gold_gain":0.0,"event_name":"Big Fish","player_choice":"Donut","floor":3.0,"gold_loss":0.0,"damage_taken":0.0}],"is_beta":false,"boss_relics":[],"items_purged_floors":[],"is_endless":false,"potions_floor_spawned":[1,5,11],"killed_by":"Hexaghost","ascension_level":20}}