{"host":"o6rpelx2jpc8yies","time":1612137797,"event":{"mods":["BaseMod","Downfall","Minty Spire (QoL Compilation)","StSLib"],"gold_per_floor":[99,111,124,135,146,131,179,79,96,96,114,147,47,61,77,77,77,77],"floor_reached":16,"language":"ENG","playtime":908,"items_purged":[],"score":212,"play_id":"67ff7c93-ac9e-4f8f-9f3c-aa8c2f505d2a","local_time":"20210131170317","is_ascension_mode":true,"campfire_choices":[{"floor":1.0,"key":"RECALL"},{"data":"bronze:Branch","floor":8.0,"key":"SMITH"},{"data":"bronze:BuggyMess","floor":10.0,"key":"SMITH"},{"floor":13.0,"key":"REST"}],"circlet_count":0,"master_deck":["AscendersBane","bronze:Strike","bronze:Strike","bronze:Strike","bronze:Strike","bronze:Defend","bronze:Defend","bronze:Defend","bronze:Defend","bronze:Replicate","bronze:Goto","bronze:BuggyMess+1","bronze:DelayedGuard","bronze:Shield","bronze:Branch+1","bronze:Invalidate","bronze:OilSpill","bronze:Iterate","bronze:Optimize","bronze:BugBarrage","bronze:FollowUp"],"relics":["bronze:BronzeCore","Toy Ornithopter","downfall:HeartBlessingRed","sneckomod:BlankCard","downfall:HeartBlessingGreen"],"acts_visited":["Exordium"],"potions_floor_usage":[16],"damage_taken":[{"damage":2.0,"enemies":"Cultist","floor":2.0,"turns":4.0},{"damage":9.0,"enemies":"Small Slimes","floor":3.0,"turns":5.0},{"damage":3.0,"enemies":"2 Louse","floor":4.0,"turns":4.0},{"damage":12.0,"enemies":"Large Slime","floor":5.0,"turns":11.0},{"damage":0.0,"enemies":"downfall:FleeingMerchant","floor":6.0,"turns":4.0},{"damage":5.0,"enemies":"3 Louse","floor":9.0,"turns":4.0},{"damage":0.0,"enemies":"Exordium Wildlife","floor":11.0,"turns":3.0},{"damage":23.0,"enemies":"3 Sentries","floor":12.0,"turns":11.0},{"damage":13,"enemies":"Large Slime","floor":14,"turns":6},{"damage":7,"enemies":"Exordium Thugs","floor":15,"turns":3},{"damage":38,"enemies":"DF_ARCHETYPE_STREAMLINE","floor":16,"turns":7}],"seed_played":"8540139273671361786","potions_obtained":[{"floor":5.0,"key":"Explosive Potion"},{"floor":9.0,"key":"Energy Potion"},{"floor":11.0,"key":"EntropicBrew"}],"is_trial":false,"path_per_floor":["R","M","M","M","M","$","T","R","M","R","M","E","R","M","M","B"],"character_chosen":"THE_AUTOMATON","items_purchased":[],"campfire_rested":1,"item_purchase_floors":[],"current_hp_per_floor":[63,61,52,49,37,37,37,37,37,37,37,29,49,36,29,0,0,0],"gold":77,"neow_bonus":"TEN_PERCENT_HP_BONUS","is_daily":false,"chose_seed":false,"campfire_upgraded":2,"win_rate":0.0,"timestamp":1612137797,"path_taken":["R","M","M","?","M","$","T","R","M","R","M","E","R","M","M","BOSS"],"items_purchased_type":[],"build_version":"2020-12-22","purchased_purges":0,"victory":false,"max_hp_per_floor":[69,69,69,69,69,69,69,69,69,69,69,69,69,69,69,69,69,69],"card_choices":[{"not_picked":["bronze:BitShift","bronze:CutThrough"],"picked":"bronze:BuggyMess","floor":2.0},{"not_picked":["bronze:Invalidate","bronze:CutThrough"],"picked":"bronze:DelayedGuard","floor":3.0},{"not_picked":["bronze:BugBarrage","bronze:Refactor"],"picked":"bronze:Shield","floor":4.0},{"not_picked":["bronze:ForLoop","bronze:Return"],"picked":"bronze:Branch","floor":5.0},{"not_picked":["bronze:BuggyMess","bronze:Frontload"],"picked":"bronze:Invalidate","floor":6.0},{"not_picked":["bronze:NullPointer","bronze:CutThrough"],"picked":"bronze:OilSpill","floor":9.0},{"not_picked":["bronze:CutThrough","bronze:Hardcode"],"picked":"bronze:Iterate","floor":11.0},{"not_picked":["bronze:ForLoop","bronze:DelayedSlice"],"picked":"bronze:Optimize","floor":12.0},{"not_picked":["bronze:ClassDefault","bronze:Backtrace"],"picked":"bronze:BugBarrage","floor":14},{"not_picked":["bronze:BuggyMess","bronze:Invalidate"],"picked":"bronze:FollowUp","floor":15}],"player_experience":1902745,"relics_obtained":[{"floor":7.0,"key":"Toy Ornithopter"},{"floor":12.0,"key":"sneckomod:BlankCard"}],"event_choices":[],"is_beta":false,"boss_relics":[],"items_purged_floors":[],"is_endless":false,"potions_floor_spawned":[5,9,11],"killed_by":"DF_ARCHETYPE_STREAMLINE","ascension_level":20}}