{"host":"f0gpob8hq9vgebej","time":1612155283,"event":{"mods":["AchievementEnabler","BaseMod","Minty Spire (QoL Compilation)","Quick Restart","SuperFastMode"],"gold_per_floor":[20,38,55,72,86,86,114,114,138,138,173,193,204,221,221,297,297,307,324,335,207,207,207],"floor_reached":22,"language":"KOR","playtime":845,"items_purged":["Strike_R"],"score":364,"play_id":"b5367da0-f4dd-478b-82ce-88ba78046c0d","local_time":"20210201135443","is_ascension_mode":true,"campfire_choices":[{"data":"Perfected Strike","floor":6.0,"key":"SMITH"},{"data":"Body Slam","floor":15.0,"key":"SMITH"}],"circlet_count":0,"master_deck":["AscendersBane","Strike_R","Strike_R","Strike_R","Strike_R","Defend_R","Defend_R","Defend_R","Bash","Shockwave","Perfected Strike+1","Battle Trance","Shrug It Off","Impervious","Impervious","Body Slam+1","Shrug It Off","Double Tap","Pommel Strike+1","Perfected Strike","Perfected Strike","Shrug It Off"],"relics":["Burning Blood","Magic Flower","Omamori","Oddly Smooth Stone","Boot","Runic Cube"],"acts_visited":["Exordium","TheCity"],"potions_floor_usage":[22],"damage_taken":[{"damage":8.0,"enemies":"Jaw Worm","floor":1.0,"turns":5.0},{"damage":1.0,"enemies":"Small Slimes","floor":2.0,"turns":5.0},{"damage":2.0,"enemies":"2 Louse","floor":3.0,"turns":3.0},{"damage":18.0,"enemies":"Blue Slaver","floor":4.0,"turns":6.0},{"damage":10.0,"enemies":"Large Slime","floor":5.0,"turns":9.0},{"damage":15.0,"enemies":"Lagavulin","floor":7.0,"turns":6.0},{"damage":5.0,"enemies":"3 Sentries","floor":11.0,"turns":8.0},{"damage":4.0,"enemies":"Exordium Thugs","floor":12.0,"turns":4.0},{"damage":6.0,"enemies":"Lots of Slimes","floor":13.0,"turns":3.0},{"damage":3.0,"enemies":"3 Louse","floor":14.0,"turns":4.0},{"damage":39.0,"enemies":"The Guardian","floor":16.0,"turns":17.0},{"damage":20.0,"enemies":"Spheric Guardian","floor":18.0,"turns":6.0},{"damage":35.0,"enemies":"Shell Parasite","floor":19.0,"turns":7.0},{"damage":17.0,"enemies":"Centurion and Healer","floor":20.0,"turns":5.0},{"damage":22,"enemies":"Shelled Parasite and Fungi","floor":22,"turns":8}],"seed_played":"300560174229880328","potions_obtained":[{"floor":1.0,"key":"Fire Potion"},{"floor":3.0,"key":"ColorlessPotion"},{"floor":11.0,"key":"EssenceOfSteel"},{"floor":19.0,"key":"FearPotion"}],"is_trial":false,"path_per_floor":["M","M","M","M","M","R","E","?","T","?","E","M","M","M","R","B",null,"M","M","M","$","M"],"character_chosen":"IRONCLAD","items_purchased":["Shrug It Off"],"campfire_rested":0,"item_purchase_floors":[21],"current_hp_per_floor":[69,75,75,66,65,65,59,59,59,64,68,73,76,80,80,50,73,62,36,28,28,6,6],"gold":207,"neow_bonus":"ONE_RARE_RELIC","is_daily":false,"chose_seed":false,"campfire_upgraded":2,"win_rate":0.0,"timestamp":1612155283,"path_taken":["M","M","M","M","M","R","E","?","T","?","E","M","M","M","R","BOSS","M","M","M","$","M"],"items_purchased_type":["Card"],"build_version":"2020-12-22","purchased_purges":1,"victory":false,"max_hp_per_floor":[75,75,75,75,75,75,75,75,75,80,80,80,80,80,80,80,80,80,80,80,80,80,80],"card_choices":[{"not_picked":["Pommel Strike","Metallicize"],"picked":"Shockwave","floor":1.0},{"not_picked":["Rupture","Searing Blow"],"picked":"Perfected Strike","floor":2.0},{"not_picked":["Clash","Anger"],"picked":"Battle Trance","floor":3.0},{"not_picked":["Hemokinesis","Headbutt"],"picked":"Shrug It Off","floor":4.0},{"not_picked":["Shrug It Off","Flex"],"picked":"Impervious","floor":5.0},{"not_picked":["Wild Strike","Battle Trance"],"picked":"Impervious","floor":7.0},{"not_picked":["Armaments","Sword Boomerang"],"picked":"Body Slam","floor":11.0},{"not_picked":["Pummel","Searing Blow","Thunderclap"],"picked":"SKIP","floor":12.0},{"not_picked":["Clothesline","Cleave"],"picked":"Shrug It Off","floor":13.0},{"not_picked":["Sword Boomerang","Battle Trance","Clash"],"picked":"SKIP","floor":14.0},{"not_picked":["Feed","Brutality"],"picked":"Double Tap","floor":16.0},{"not_picked":["Cleave","Spot Weakness"],"picked":"Pommel Strike+1","floor":18.0},{"not_picked":["Clash","Body Slam"],"picked":"Perfected Strike","floor":19.0},{"not_picked":["Thunderclap","Clash"],"picked":"Perfected Strike","floor":20.0}],"player_experience":339495,"relics_obtained":[{"floor":7.0,"key":"Omamori"},{"floor":9.0,"key":"Oddly Smooth Stone"},{"floor":11.0,"key":"Boot"}],"event_choices":[{"cards_removed":["Defend_R"],"damage_healed":0.0,"max_hp_gain":0.0,"max_hp_loss":0.0,"gold_gain":0.0,"event_name":"Living Wall","player_choice":"Forget","floor":8.0,"gold_loss":0.0,"damage_taken":0.0},{"damage_healed":0.0,"max_hp_gain":5.0,"max_hp_loss":0.0,"gold_gain":0.0,"event_name":"Big Fish","player_choice":"Donut","floor":10.0,"gold_loss":0.0,"damage_taken":0.0}],"is_beta":false,"boss_relics":[{"not_picked":["Philosopher\u0027s Stone","Tiny House"],"picked":"Runic Cube"}],"items_purged_floors":[21],"is_endless":false,"potions_floor_spawned":[1,3,4,7,11,19],"killed_by":"Shelled Parasite and Fungi","ascension_level":16}}