{"host":"5dhwd44u3dydylwe","time":1612167302,"event":{"mods":["AchievementEnabler","BaseMod","BetterRewards","Dota2Spire","Hubris","Minty Spire (QoL Compilation)","Shop Mod","StSLib","Wandering Minibosses"],"gold_per_floor":[109,124,124,124,135,166,166,192,192,209,244,244,256,272,297,297,393,393,412,337,337,349,205,237,237,269,269,269,350,63,63,63,73,73,177,177,274,274,290,290,290,304,324,355,355,381,406,406,436,14,27,302,321,321,321,321,321,10,38,38],"floor_reached":61,"language":"ENG","playtime":2747,"items_purged":["Strike_B","Strike_B","Defend_B","Defend_B","Strike_B"],"score":2729,"play_id":"69e57022-e78a-4c7d-b90c-0f3da2dc58da","local_time":"20210201161502","is_ascension_mode":true,"campfire_choices":[{"floor":7,"key":"RECALL"},{"data":"Barrage","floor":16,"key":"SMITH"},{"data":"Loop","floor":25,"key":"SMITH"},{"data":"Coolheaded","floor":28,"key":"SMITH"},{"data":"Defragment","floor":31,"key":"SMITH"},{"floor":34,"key":"REST"},{"data":"Electrodynamics","floor":36,"key":"SMITH"},{"data":"Coolheaded","floor":48,"key":"SMITH"},{"data":"Defragment","floor":54,"key":"SMITH"},{"data":"Glacier","floor":57,"key":"SMITH"}],"circlet_count":0,"master_deck":["Defend_B","Defend_B","Zap","Dualcast","Self Repair","Defragment+1","Tempest","Leap","Coolheaded+1","Hologram","Capacitor+1","Leap","Barrage+1","Coolheaded+1","Capacitor","Loop+1","Cold Snap","Electrodynamics+1","Hologram+1","White Noise+1","Defragment+1","Hologram+1","Meteor Strike","Echo Form","Glacier+1","Defragment+1","Regret","Echo Form"],"relics":["Cracked Core","Runic Capacitor","Meat on the Bone","Dota2Spire:EtherealBlade","Dota2Spire:DrumOfEndurance","hubris:BallOfYels","hubris:TenFootPole","Dota2Spire:LotusOrb","Dota2Spire:ArcaneBoots","hubris:Backtick","Mummified Hand","ClockworkSouvenir","Dota2Spire:AssaultCuirass","Juzu Bracelet","hubris:CrystalStatue","Dota2Spire:AghanimScepter","hubris:MysteriousPyramids","wanderingMiniBosses:OtherGremlinHorn","Dota2Spire:RefresherOrb","Orichalcum","Dead Branch","Centennial Puzzle","Dota2Spire:MaskOfMadness","DataDisk","hubris:PeanutButter","TungstenRod","Vajra"],"acts_visited":["Exordium","TheCity","TheBeyond","TheEnding"],"potions_floor_usage":[8,15,39,55,60,60],"damage_taken":[{"damage":4,"enemies":"2 Louse","floor":1,"turns":3},{"damage":0,"enemies":"Jaw Worm","floor":2,"turns":5},{"damage":0,"enemies":"Cultist","floor":5,"turns":4},{"damage":3,"enemies":"Lagavulin","floor":6,"turns":6},{"damage":10,"enemies":"3 Sentries","floor":8,"turns":6},{"damage":1,"enemies":"Blue Slaver","floor":10,"turns":3},{"damage":7,"enemies":"Lagavulin","floor":11,"turns":5},{"damage":11,"enemies":"Looter","floor":13,"turns":3},{"damage":1,"enemies":"2 Fungi Beasts","floor":14,"turns":4},{"damage":0,"enemies":"3 Sentries","floor":15,"turns":5},{"damage":8,"enemies":"Slime Boss","floor":17,"turns":6},{"damage":3,"enemies":"Spheric Guardian","floor":19,"turns":4},{"damage":7,"enemies":"2 Thieves","floor":22,"turns":3},{"damage":17,"enemies":"Gremlin Leader","floor":24,"turns":4},{"damage":6,"enemies":"Slavers","floor":26,"turns":3},{"damage":0,"enemies":"Chosen and Byrds","floor":33,"turns":4},{"damage":0,"enemies":"Automaton","floor":35,"turns":4},{"damage":0,"enemies":"Automaton","floor":37,"turns":4},{"damage":0,"enemies":"3 Darklings","floor":39,"turns":2},{"damage":0,"enemies":"3 Shapes","floor":42,"turns":1},{"damage":0,"enemies":"Spire Growth","floor":43,"turns":2},{"damage":0,"enemies":"Giant Head","floor":44,"turns":4},{"damage":0,"enemies":"Reptomancer","floor":46,"turns":2},{"damage":0,"enemies":"Nemesis","floor":49,"turns":3},{"damage":0,"enemies":"4 Shapes","floor":51,"turns":1},{"damage":0,"enemies":"Sphere and 2 Shapes","floor":53,"turns":1},{"damage":0,"enemies":"Donu and Deca","floor":55,"turns":5},{"damage":0,"enemies":"Shield and Spear","floor":59,"turns":3},{"damage":0,"enemies":"The Heart","floor":60,"turns":5}],"seed_played":"-4368267448551362918","potions_obtained":[{"floor":2,"key":"Energy Potion"},{"floor":6,"key":"DistilledChaos"},{"floor":11,"key":"LiquidBronze"},{"floor":15,"key":"Swift Potion"},{"floor":35,"key":"FocusPotion"},{"floor":42,"key":"GamblersBrew"},{"floor":44,"key":"AttackPotion"},{"floor":59,"key":"DuplicationPotion"}],"is_trial":false,"path_per_floor":["M","M","?","?","M","E","R","E","T","M","E","?","M","M","E","R","B",null,"M","?","?","M","$","E","R","E","T","R","T","$","R","?","M","R","B","R","B",null,"M","?","?","M","M","E","?","E","T","R","E","$","M","?","M","R","B",null,"R","$","E","B",null],"character_chosen":"DEFECT","items_purchased":["Self Repair","Runic Capacitor","Defragment","Meat on the Bone","Tempest","Leap","Coolheaded","Dota2Spire:EtherealBlade","Hologram","Capacitor","Ball Lightning","Leap","Dota2Spire:HealingSalve","ClockworkSouvenir","Defragment","hubris:MysteriousPyramids","hubris:PeanutButter","TungstenRod"],"campfire_rested":1,"item_purchase_floors":[0,0,0,0,0,0,0,0,0,0,0,0,0,23,30,30,50,58],"current_hp_per_floor":[42,49,46,46,53,57,57,54,54,60,60,60,49,55,62,62,54,70,74,74,74,74,74,64,64,58,58,58,58,58,58,75,75,75,75,75,75,75,75,75,75,75,75,75,71,71,71,71,71,71,71,71,71,71,71,71,71,71,71,71],"gold":38,"neow_bonus":"","is_daily":false,"chose_seed":false,"campfire_upgraded":8,"win_rate":0.0,"timestamp":1612167302,"path_taken":["M","M","?","?","M","E","R","E","T","M","E","?","M","M","E","R","BOSS","M","?","?","M","$","E","R","E","T","R","?","$","R","?","M","R","BOSS","R","BOSS","M","?","?","M","M","E","?","E","T","R","E","$","M","?","M","R","BOSS","R","$","E","BOSS"],"items_purchased_type":["Card","Relic","Card","Relic","Card","Card","Card","Relic","Card","Card","Card","Card","Potion","Relic","Card","Relic","Relic","Relic"],"build_version":"2020-12-22","purchased_purges":5,"victory":true,"max_hp_per_floor":[75,75,75,75,75,75,75,75,75,75,75,75,75,75,75,75,75,75,75,75,75,75,75,75,75,75,75,75,75,75,75,75,75,75,75,75,75,75,75,75,75,75,75,75,71,71,71,71,71,71,71,71,71,71,71,71,71,71,71,71],"card_choices":[{"not_picked":["Go for the Eyes","Redo"],"picked":"Barrage","floor":1},{"not_picked":["Self Repair","Beam Cell"],"picked":"Coolheaded","floor":2},{"not_picked":["Buffer","Heatsinks"],"picked":"Capacitor","floor":5},{"not_picked":["Compile Driver","Streamline","Turbo"],"picked":"SKIP","floor":6},{"not_picked":["Barrage","hubris:DoWhile","Beam Cell"],"picked":"SKIP","floor":8},{"not_picked":["Go for the Eyes","Coolheaded","Turbo"],"picked":"SKIP","floor":10},{"not_picked":["Rebound","Beam Cell","Ball Lightning"],"picked":"SKIP","floor":11},{"not_picked":["Gash","Storm"],"picked":"Loop","floor":13},{"not_picked":["Barrage","Leap"],"picked":"Cold Snap","floor":14},{"not_picked":["Multi-Cast","Conserve Battery","Hologram"],"picked":"SKIP","floor":15},{"not_picked":["Biased Cognition","Seek"],"picked":"Electrodynamics","floor":17},{"not_picked":["Auto Shields","Darkness","Force Field"],"picked":"SKIP","floor":19},{"not_picked":["Genetic Algorithm","Beam Cell"],"picked":"Hologram+1","floor":22},{"not_picked":["Leap","BootSequence"],"picked":"White Noise+1","floor":24},{"not_picked":["Barrage","BootSequence","Gash"],"picked":"SKIP","floor":26},{"not_picked":["Scrape","Sweeping Beam"],"picked":"Hologram+1","floor":33},{"not_picked":["Creative AI","Reboot"],"picked":"Meteor Strike","floor":35},{"not_picked":["Core Surge","hubris:SpecializedCircuitry"],"picked":"Echo Form","floor":37},{"not_picked":["hubris:PowerSurge","Conserve Battery","Beam Cell+1"],"picked":"SKIP","floor":39},{"not_picked":["Rebound+1","White Noise+1"],"picked":"Glacier","floor":42},{"not_picked":["Tempest+1","Turbo","Double Energy"],"picked":"SKIP","floor":43},{"not_picked":["Force Field","hubris:PowerSurge+1","Auto Shields+1"],"picked":"SKIP","floor":44},{"not_picked":["Double Energy+1","Scrape+1","Gash+1"],"picked":"SKIP","floor":46},{"not_picked":["Coolheaded+1","Steam"],"picked":"Defragment","floor":49},{"not_picked":["Tempest","Aggregate","Sweeping Beam+1"],"picked":"SKIP","floor":51},{"not_picked":["Stack","Go for the Eyes+1","Cold Snap"],"picked":"SKIP","floor":53},{"not_picked":["Chaos","Heatsinks"],"picked":"Echo Form","floor":59}],"player_experience":144797,"relics_obtained":[{"floor":6,"key":"hubris:BallOfYels"},{"floor":8,"key":"hubris:TenFootPole"},{"floor":11,"key":"Dota2Spire:LotusOrb"},{"floor":15,"key":"Dota2Spire:ArcaneBoots"},{"floor":24,"key":"Dota2Spire:AssaultCuirass"},{"floor":26,"key":"Juzu Bracelet"},{"floor":27,"key":"hubris:CrystalStatue"},{"floor":29,"key":"Dota2Spire:AghanimScepter"},{"floor":33,"key":"wanderingMiniBosses:OtherGremlinHorn"},{"floor":44,"key":"Dead Branch"},{"floor":46,"key":"Centennial Puzzle"},{"floor":47,"key":"Dota2Spire:MaskOfMadness"},{"floor":49,"key":"DataDisk"},{"floor":59,"key":"Vajra"}],"event_choices":[{"damage_healed":0,"gold_gain":0,"player_choice":"Success","damage_taken":3,"relics_obtained":["Dota2Spire:DrumOfEndurance"],"max_hp_gain":0,"max_hp_loss":0,"event_name":"Scrap Ooze","floor":3,"gold_loss":0},{"damage_healed":0,"gold_gain":0,"player_choice":"Grow","damage_taken":0,"max_hp_gain":0,"max_hp_loss":0,"event_name":"Living Wall","floor":4,"gold_loss":0,"cards_upgraded":["Defragment"]},{"damage_healed":0,"gold_gain":175,"player_choice":"AGREE","damage_taken":0,"max_hp_gain":0,"max_hp_loss":0,"event_name":"Liars Game","floor":12,"gold_loss":0,"cards_obtained":["Doubt"]},{"cards_removed":["Strike_B"],"damage_healed":0,"gold_gain":0,"player_choice":"Gave Gold","damage_taken":0,"max_hp_gain":0,"max_hp_loss":0,"event_name":"Beggar","floor":20,"gold_loss":75},{"damage_healed":25,"gold_gain":0,"player_choice":"Heal","damage_taken":0,"max_hp_gain":0,"max_hp_loss":0,"event_name":"The Library","floor":32,"gold_loss":0},{"cards_removed":["Ball Lightning"],"damage_healed":0,"gold_gain":0,"player_choice":"Removed Attack","damage_taken":0,"max_hp_gain":0,"max_hp_loss":0,"event_name":"Falling","floor":40,"gold_loss":0},{"damage_healed":0,"gold_gain":0,"player_choice":"Gave Potion","damage_taken":0,"relics_obtained":["Orichalcum"],"max_hp_gain":0,"max_hp_loss":0,"event_name":"WeMeetAgain","floor":41,"gold_loss":0},{"damage_healed":0,"gold_gain":0,"player_choice":"Max HP","damage_taken":0,"max_hp_gain":0,"max_hp_loss":4,"event_name":"Winding Halls","floor":45,"gold_loss":0},{"damage_healed":0,"gold_gain":275,"player_choice":"Desecrate","damage_taken":0,"max_hp_gain":0,"max_hp_loss":0,"event_name":"Golden Shrine","floor":52,"gold_loss":0,"cards_obtained":["Regret"]}],"is_beta":false,"boss_relics":[{"not_picked":["SacredBark","Philosopher\u0027s Stone"],"picked":"hubris:Backtick"},{"not_picked":["Nuclear Battery","Cursed Key"],"picked":"Dota2Spire:RefresherOrb"}],"items_purged_floors":[0,0,0,0,50],"is_endless":false,"potions_floor_spawned":[2,6,10,11,13,15,19,22,35,42,44,53,59],"ascension_level":5}}