{"host":"rk1e5mmpnpniq13w","time":1612213853,"event":{"mods":["BaseMod","Colored Powertips","Downfall","Hubris","Minty Spire (QoL Compilation)","Replay The Spire","StSLib","The Bug Knight"],"gold_per_floor":[0,18,18,28,48,65,65,81,81,111,131,131,131,231,242,347,347,434,452,468,42,42,61,61,61,80,80,93,93,111,126,141,237,237,237,255,105,116,116,116,116,116,116,116,116,116],"floor_reached":44,"language":"ENG","playtime":2736,"items_purged":["Slimebound:Strike_Slimebound"],"score":464,"play_id":"c4f0777c-53d0-4215-a783-a176d19c5dc8","local_time":"20210201161053","is_ascension_mode":false,"campfire_choices":[{"floor":1,"key":"DIG"},{"data":"Slimebound:LevelUp","floor":9,"key":"SMITH"},{"floor":13,"key":"REST"},{"data":"Slimebound:DuplicatedForm","floor":25,"key":"SMITH"},{"data":"Slimebound:Split","floor":27,"key":"SMITH"},{"data":"Slimebound:Teamwork","floor":29,"key":"SMITH"},{"floor":35,"key":"RECALL"},{"data":"Slimebound:RallyTheTroops","floor":40,"key":"SMITH"},{"data":"Slimebound:GoopTackle","floor":43,"key":"SMITH"}],"circlet_count":0,"master_deck":["Slimebound:Tackle","Slimebound:Defend_Slimebound","Slimebound:Defend_Slimebound","Slimebound:Defend_Slimebound","Slimebound:Defend_Slimebound","Slimebound:Split+1","Slimebound:CorrosiveSpit","Slimebound:MassFeed+1","Slimebound:SplitLeeching","Slimebound:SplitAcid","Slimebound:GoopTackle+1","Slimebound:LevelUp+1","Slimebound:SplitBruiser","Slimebound:SpikyOuterGoop","Slimebound:LeechLife","Slimebound:RollThrough","Slimebound:DuplicatedForm+1","Slimebound:SamplingLick+1","Slimebound:SlimeTap","Slimebound:GoopSpray+1","Slimebound:Gluttony+1","Slimebound:FormOfPuddle+1","Slimebound:LeechingTouch+1","Slimebound:RollThrough+1","expansioncontent:AwakenDeath+1","expansioncontent:QuickStudy+1","Slimebound:SplitMire+1","Slimebound:Prepare","Slimebound:Teamwork+1","Slimebound:BestDefense","Slimebound:RallyTheTroops+1","Slimebound:Gluttony+1"],"relics":["Slimebound:AbsorbEndCombat","hubris:FunFungus","HollowMod:StagPassRelic","hubris:MedicalManual","hubris:Backtick","Ice Cream","BargainBundle","Happy Flower","hubris:BottledHeart","Replay:Baseball","hubris:BlackHole","hubris:Towel"],"acts_visited":["Exordium","TheCity","TheBeyond"],"potions_floor_usage":[16,16,16,21,33],"damage_taken":[{"damage":5,"enemies":"2 Louse","floor":2,"turns":3},{"damage":0,"enemies":"Small Slimes","floor":4,"turns":3},{"damage":0,"enemies":"Cultist","floor":5,"turns":5},{"damage":0,"enemies":"3 Louse","floor":6,"turns":2},{"damage":28,"enemies":"Gremlin Gang","floor":8,"turns":3},{"damage":17,"enemies":"Lagavulin","floor":10,"turns":5},{"damage":24,"enemies":"Red Slaver","floor":11,"turns":4},{"damage":10,"enemies":"2 Fungi Beasts","floor":15,"turns":3},{"damage":24,"enemies":"IC_STATUS_ARCHETYPE","floor":16,"turns":8},{"damage":31,"enemies":"Chosen","floor":19,"turns":5},{"damage":20,"enemies":"3 Byrds","floor":20,"turns":5},{"damage":28,"enemies":"downfall:FleeingMerchant","floor":21,"turns":4},{"damage":0,"enemies":"Snecko","floor":23,"turns":5},{"damage":0,"enemies":"Centurion and Healer","floor":26,"turns":7},{"damage":0,"enemies":"Cultist and Chosen","floor":28,"turns":6},{"damage":0,"enemies":"Snake Plant","floor":30,"turns":6},{"damage":0,"enemies":"Snecko","floor":31,"turns":6},{"damage":0,"enemies":"Shelled Parasite and Fungi","floor":32,"turns":4},{"damage":0,"enemies":"SI_MIRROR_ARCHETYPE","floor":33,"turns":10},{"damage":0,"enemies":"3 Shapes","floor":36,"turns":3},{"damage":0,"enemies":"Orb Walker","floor":38,"turns":4},{"damage":55,"enemies":"Giant Head","floor":44,"turns":8}],"seed_played":"-8223942330549962507","potions_obtained":[{"floor":2,"key":"Adrenaline Potion"},{"floor":6,"key":"Slimebound:SlimedPotion"},{"floor":11,"key":"AttackPotion"},{"floor":16,"key":"Venom Potion"},{"floor":19,"key":"LifebloodPotion"},{"floor":20,"key":"Swift Potion"},{"floor":28,"key":"DuplicationPotion"}],"is_trial":false,"path_per_floor":["R","M","?","M","M","M","T","M","R","E","M","?","R","?","M","B",null,"R","M","M","$","?","M","T","R","M","R","M","R","M","M","M","B",null,"R","M","?","M","?","R","T","?","R","E"],"character_chosen":"SLIMEBOUND","items_purchased":["BargainBundle","Slimebound:Gluttony","Slimebound:FormOfPuddle","Slimebound:LeechingTouch","Slimebound:RollThrough","Fruit Juice","LiquidBronze","Energy Potion","Happy Flower","expansioncontent:AwakenDeath","expansioncontent:QuickStudy"],"campfire_rested":1,"item_purchase_floors":[21,21,21,21,21,21,21,21,21,21,21],"current_hp_per_floor":[65,65,65,71,72,80,80,60,60,47,23,23,49,49,43,42,92,92,76,60,56,1,1,1,1,1,1,1,1,1,1,1,1,1,1,1,1,1,1,1,1,1,1,0,0,0],"gold":116,"neow_bonus":"THREE_RARE_CARDS","is_daily":false,"chose_seed":false,"campfire_upgraded":6,"win_rate":0.0,"timestamp":1612213853,"path_taken":["R","M","?","M","M","M","T","M","R","E","M","?","R","?","M","BOSS","R","M","M","$","?","M","T","R","M","R","M","R","M","M","M","BOSS","R","M","?","?","?","R","T","?","R","E"],"items_purchased_type":["Relic","Card","Card","Card","Card","Potion","Potion","Potion","Relic","Card","Card"],"build_version":"2020-12-22","purchased_purges":1,"victory":false,"max_hp_per_floor":[65,68,68,72,72,80,80,88,88,88,88,88,88,88,92,92,92,92,92,92,97,1,1,1,1,1,1,1,1,1,1,1,1,1,1,1,1,1,1,1,1,1,1,1,1,1],"card_choices":[{"not_picked":["Slimebound:SelfFormingGoo","Slimebound:MassRepurpose"],"picked":"Slimebound:MassFeed","floor":0},{"not_picked":["Slimebound:GrowthPunch","Slimebound:Prepare"],"picked":"Slimebound:SplitLeeching","floor":2},{"not_picked":["Slimebound:SplitMire","Slimebound:SlimeBarrage"],"picked":"Slimebound:SplitAcid","floor":4},{"not_picked":["Slimebound:LeechingTouch","Slimebound:Grow"],"picked":"Slimebound:GoopTackle","floor":5},{"not_picked":["Slimebound:RejuvenatingLick","Slimebound:Prepare"],"picked":"Slimebound:LevelUp","floor":6},{"not_picked":["Slimebound:Dissolve","Slimebound:Grow"],"picked":"Slimebound:SplitBruiser","floor":8},{"not_picked":["Slimebound:LeechingTouch","Slimebound:SplitLeeching"],"picked":"Slimebound:SpikyOuterGoop","floor":10},{"not_picked":["Slimebound:FinishingTackle","Slimebound:AcidTongue"],"picked":"Slimebound:LeechLife","floor":11},{"not_picked":["Slimebound:SplitAcid","Slimebound:HauntingLick"],"picked":"Slimebound:RollThrough","floor":15},{"not_picked":["Slimebound:DouseInSlime","Slimebound:LeechLife"],"picked":"Slimebound:DuplicatedForm","floor":16},{"not_picked":["Slimebound:MegaLick","Slimebound:FinishingTackle+1"],"picked":"Slimebound:SamplingLick+1","floor":19},{"not_picked":["Slimebound:SplitLeeching","Slimebound:LeechEnergy"],"picked":"Slimebound:SlimeTap","floor":20},{"not_picked":["Slimebound:DisruptingSlam","Slimebound:FinishingTackle+1"],"picked":"Slimebound:GoopSpray","floor":21},{"not_picked":["Slimebound:SplitAcid","Slimebound:Chomp"],"picked":"Slimebound:SplitMire+1","floor":23},{"not_picked":["Slimebound:RollThrough+1","Slimebound:PressTheAttack"],"picked":"Slimebound:Prepare","floor":26},{"not_picked":["Slimebound:ItLooksTasty+1","Slimebound:GoopTackle"],"picked":"Slimebound:Teamwork","floor":28},{"not_picked":["Slimebound:LeechEnergy","Slimebound:GoopSpray","Slimebound:SplitLeeching+1"],"picked":"SKIP","floor":30},{"not_picked":["Slimebound:GoopTackle","Slimebound:ProtectTheBoss+1","Slimebound:SplitAcid"],"picked":"SKIP","floor":31},{"not_picked":["Slimebound:LeechingTouch","Slimebound:LivingWall+1"],"picked":"Slimebound:BestDefense","floor":32},{"not_picked":["Slimebound:SelfFormingGoo","Slimebound:FirmFortitude"],"picked":"Slimebound:RallyTheTroops","floor":33},{"not_picked":["Slimebound:SplitBruiser","Slimebound:SplitMire"],"picked":"Slimebound:Gluttony+1","floor":36},{"not_picked":["Slimebound:SplitMire","Slimebound:ProtectTheBoss+1","Slimebound:Gluttony+1"],"picked":"SKIP","floor":38}],"player_experience":424001,"relics_obtained":[{"floor":1,"key":"hubris:FunFungus"},{"floor":7,"key":"HollowMod:StagPassRelic"},{"floor":10,"key":"hubris:MedicalManual"},{"floor":24,"key":"Replay:Baseball"}],"event_choices":[],"is_beta":false,"boss_relics":[{"not_picked":["Fusion Hammer","Ring of Chaos"],"picked":"hubris:Backtick"},{"not_picked":["Replay:Ancient Bell","hubris:GrandSneckoEye"],"picked":"hubris:BlackHole"}],"items_purged_floors":[21],"is_endless":false,"potions_floor_spawned":[2,6,11,16,19,20,23,28,32],"killed_by":"Giant Head","ascension_level":0}}