{"host":"soyfmymeou4emntr","time":1612154200,"event":{"mods":["BaseMod","BetterRewards","Minty Spire (QoL Compilation)","Relic Sorter","Relic Stats","StSLib"],"gold_per_floor":[214,214,225,237,45,45,77,77,77,19,30,30,65,77,77,148,148,163,178,9,24,39,67,67,78,105,105,137,137,137],"floor_reached":29,"language":"ENG","playtime":2037,"items_purged":[],"score":700,"play_id":"2d92be73-058a-401d-ae7a-b407a202c3e8","local_time":"20210131213640","is_ascension_mode":true,"campfire_choices":[{"data":"MentalFortress","floor":6.0,"key":"SMITH"},{"data":"LessonLearned","floor":8.0,"key":"SMITH"},{"floor":12.0,"key":"REST"},{"data":"Wallop","floor":15.0,"key":"SMITH"},{"floor":24,"key":"REST"},{"floor":27,"key":"REST"}],"circlet_count":0,"master_deck":["AscendersBane","Strike_P","Strike_P+1","Strike_P+1","Strike_P+1","Defend_P","Defend_P","Defend_P+1","Defend_P","Eruption","Vigilance","LikeWater+1","CrushJoints+1","Tantrum","Meditate+1","MentalFortress+1","LessonLearned+1","EmptyFist","FlurryOfBlows","EmptyBody","Wallop+1","Vault+1","Fasting2","MentalFortress+1","ThirdEye+1","Conclude","Wireheading","Protect"],"relics":["PureWater","Kunai","Dream Catcher","Singing Bowl","Vajra","Fusion Hammer","Orichalcum","The Courier","Ancient Tea Set","Akabeko"],"acts_visited":["Exordium","TheCity"],"potions_floor_usage":[23,28],"damage_taken":[{"damage":8.0,"enemies":"Small Slimes","floor":1.0,"turns":6.0},{"damage":1.0,"enemies":"Cultist","floor":3.0,"turns":5.0},{"damage":2.0,"enemies":"Jaw Worm","floor":4.0,"turns":3.0},{"damage":5.0,"enemies":"Gremlin Nob","floor":7.0,"turns":3.0},{"damage":7.0,"enemies":"Exordium Wildlife","floor":11.0,"turns":4.0},{"damage":0.0,"enemies":"Lagavulin","floor":13.0,"turns":5.0},{"damage":6.0,"enemies":"Exordium Thugs","floor":14.0,"turns":3.0},{"damage":0.0,"enemies":"Slime Boss","floor":16.0,"turns":3.0},{"damage":0.0,"enemies":"Spheric Guardian","floor":18.0,"turns":2.0},{"damage":6.0,"enemies":"Shell Parasite","floor":19.0,"turns":5.0},{"damage":4.0,"enemies":"Centurion and Healer","floor":21.0,"turns":5.0},{"damage":0.0,"enemies":"Chosen and Byrds","floor":22.0,"turns":4.0},{"damage":47,"enemies":"Book of Stabbing","floor":23,"turns":8},{"damage":15,"enemies":"Snecko","floor":25,"turns":4},{"damage":42,"enemies":"Slavers","floor":28,"turns":5},{"damage":6,"enemies":"Centurion and Healer","floor":29,"turns":1}],"seed_played":"-8568888539480821740","potions_obtained":[{"floor":7.0,"key":"Explosive Potion"},{"floor":13.0,"key":"AttackPotion"},{"floor":22.0,"key":"ColorlessPotion"},{"floor":25,"key":"DistilledChaos"}],"is_trial":false,"path_per_floor":["M","?","M","M","$","R","E","R","T","$","M","R","E","M","R","B",null,"M","M","$","M","M","E","R","M","T","R","E","M"],"character_chosen":"WATCHER","items_purchased":["Tantrum","Meditate","MentalFortress","EmptyFist","Orichalcum"],"campfire_rested":3,"item_purchase_floors":[5,5,5,10,20],"current_hp_per_floor":[53,53,52,50,50,50,45,45,45,45,38,58,58,54,54,54,66,68,62,62,58,58,13,37,22,22,44,2,0,0],"gold":137,"neow_bonus":"HUNDRED_GOLD","is_daily":false,"chose_seed":false,"campfire_upgraded":3,"win_rate":0.0,"timestamp":1612154200,"path_taken":["M","?","M","M","$","R","E","R","T","?","M","R","E","M","R","BOSS","M","?","$","M","M","E","R","M","T","R","E","M"],"items_purchased_type":["Card","Card","Card","Card","Relic"],"build_version":"2020-12-22","purchased_purges":0,"victory":false,"max_hp_per_floor":[68,68,68,68,68,68,68,68,68,68,68,68,68,70,70,70,70,72,72,72,72,72,74,76,76,76,76,76,76,76],"relic_stats":{"Dream Catcher":3,"Singing Bowl":8,"counters":[16,66],"Kunai":[16],"Orichalcum":[18],"obtain_stats":[{"Dream Catcher":7,"Singing Bowl":9,"Vajra":13,"Fusion Hammer":17,"The Courier":23,"Kunai":2,"PureWater":0,"Orichalcum":20,"Ancient Tea Set":26,"Akabeko":28},{"Dream Catcher":4,"Singing Bowl":4,"Vajra":6,"Fusion Hammer":8,"The Courier":13,"Kunai":1,"PureWater":0,"Orichalcum":10,"Ancient Tea Set":14,"Akabeko":15},{"Dream Catcher":17,"Singing Bowl":17,"Vajra":26,"Fusion Hammer":32,"The Courier":56,"Kunai":6,"PureWater":0,"Orichalcum":39,"Ancient Tea Set":60,"Akabeko":65}]},"card_choices":[{"not_picked":["ClearTheMind","CutThroughFate"],"picked":"EmptyFist","floor":1.0},{"not_picked":["DeceiveReality","Indignation"],"picked":"LikeWater","floor":3.0},{"not_picked":["Crescendo","JustLucky"],"picked":"CrushJoints","floor":4.0},{"not_picked":["Tantrum","JustLucky"],"picked":"LessonLearned","floor":7.0},{"not_picked":["ClearTheMind","WreathOfFlame"],"picked":"FlurryOfBlows","floor":11.0},{"not_picked":["Devotion","Evaluate"],"picked":"EmptyBody","floor":12.0},{"not_picked":["EmptyBody","Tantrum"],"picked":"Wallop","floor":13.0},{"not_picked":["ClearTheMind","CrushJoints","Swivel"],"picked":"Singing Bowl","floor":14.0},{"not_picked":["Establishment","Alpha"],"picked":"Vault","floor":16.0},{"not_picked":["Crescendo","WreathOfFlame+1","Protect"],"picked":"Singing Bowl","floor":18.0},{"not_picked":["BattleHymn","SandsOfTime"],"picked":"Fasting2","floor":19.0},{"not_picked":["Pray","Evaluate"],"picked":"MentalFortress+1","floor":21.0},{"not_picked":["FlurryOfBlows","FlyingSleeves+1"],"picked":"ThirdEye+1","floor":22.0},{"not_picked":["JustLucky","EmptyFist","BattleHymn"],"picked":"Singing Bowl","floor":23},{"not_picked":["ReachHeaven","Devotion","Perseverance"],"picked":"Singing Bowl","floor":24},{"not_picked":["BattleHymn","SignatureMove"],"picked":"Conclude","floor":25},{"not_picked":["BowlingBash","FlyingSleeves"],"picked":"Wireheading","floor":27},{"not_picked":["MasterReality","ThirdEye"],"picked":"Protect","floor":28}],"player_experience":2964345,"relics_obtained":[{"floor":7.0,"key":"Dream Catcher"},{"floor":9.0,"key":"Singing Bowl"},{"floor":13.0,"key":"Vajra"},{"floor":23,"key":"The Courier"},{"floor":26,"key":"Ancient Tea Set"},{"floor":28,"key":"Akabeko"}],"event_choices":[{"cards_removed":["EmptyFist"],"damage_healed":0.0,"max_hp_gain":0.0,"max_hp_loss":0.0,"gold_gain":0.0,"event_name":"WeMeetAgain","player_choice":"Gave Card","floor":2.0,"gold_loss":0.0,"damage_taken":0.0,"relics_obtained":["Kunai"]}],"is_beta":false,"boss_relics":[{"not_picked":["Sozu","Calling Bell"],"picked":"Fusion Hammer"}],"items_purged_floors":[],"is_endless":false,"potions_floor_spawned":[7,13,14,16,18,22,25],"killed_by":"Centurion and Healer","ascension_level":20}}