{"host":"344lv32hnei0mdhu","time":1612172545,"event":{"mods":["Act Like it!","BaseMod","Better Match","Better Sensory Stone","Better Skull","Better Third Choice","Better Vampires","Colored Powertips","Highlight Path","Minty Spire (QoL Compilation)","Quick Restart","Random Character Button","Rare Cards Sparkle","StSLib"],"gold_per_floor":[111,286,30,30,43,43,72,72,72,42,58,58,91,111,111,210,210,229,242,252,16,33,33,33],"floor_reached":23,"language":"ENG","playtime":737,"items_purged":["Doubt"],"score":350,"play_id":"ea720776-bc6a-45b9-9471-002344ed5524","local_time":"20210201034225","is_ascension_mode":true,"campfire_choices":[{"data":"ForeignInfluence","floor":6.0,"key":"SMITH"},{"data":"ForeignInfluence","floor":8.0,"key":"SMITH"},{"data":"LikeWater","floor":12.0,"key":"SMITH"},{"floor":15.0,"key":"REST"}],"circlet_count":0,"master_deck":["AscendersBane","Eruption","Vigilance","Crescendo+1","BattleHymn","ForeignInfluence+1","The Bomb","Crescendo","ForeignInfluence+1","LikeWater+1","EmptyBody+1","Consecrate","Blasphemy+1","Pray+1","Wireheading","Devotion","Meditate+1","CarveReality","FollowUp","SpiritShield+1","CarveReality","ClearTheMind+1","Vengeance+1","LessonLearned","Protect+1"],"relics":["PureWater","NeowsBlessing","Lee\u0027s Waffle","Ancient Tea Set","Toxic Egg 2","Pandora\u0027s Box"],"acts_visited":["Exordium","TheCity"],"potions_floor_usage":[22],"damage_taken":[{"damage":0.0,"enemies":"Cultist","floor":1.0,"turns":1.0},{"damage":0.0,"enemies":"Small Slimes","floor":5.0,"turns":2.0},{"damage":0.0,"enemies":"Gremlin Nob","floor":7.0,"turns":1.0},{"damage":2.0,"enemies":"Jaw Worm","floor":11.0,"turns":3.0},{"damage":5.0,"enemies":"Lagavulin","floor":13.0,"turns":4.0},{"damage":11.0,"enemies":"Gremlin Gang","floor":14.0,"turns":4.0},{"damage":38.0,"enemies":"Hexaghost","floor":16.0,"turns":9.0},{"damage":12.0,"enemies":"Chosen","floor":18.0,"turns":3.0},{"damage":19.0,"enemies":"3 Byrds","floor":19.0,"turns":3.0},{"damage":23.0,"enemies":"Snake Plant","floor":20.0,"turns":4.0},{"damage":5,"enemies":"Chosen and Byrds","floor":22,"turns":6},{"damage":14,"enemies":"Book of Stabbing","floor":23,"turns":1}],"seed_played":"-4392628656035924695","potions_obtained":[{"floor":10.0,"key":"SneckoOil"},{"floor":10.0,"key":"FearPotion"},{"floor":13.0,"key":"BottledMiracle"},{"floor":14.0,"key":"Ancient Potion"},{"floor":19.0,"key":"Block Potion"}],"is_trial":false,"path_per_floor":["M","?","$","?","M","R","E","R","T","?","M","R","E","M","R","B",null,"M","M","M","$","M","E"],"character_chosen":"WATCHER","items_purchased":["BattleHymn","ForeignInfluence","Lee\u0027s Waffle","LessonLearned"],"campfire_rested":1,"item_purchase_floors":[3,3,3,21],"current_hp_per_floor":[65,65,79,79,79,79,79,79,79,79,77,77,72,61,79,41,70,58,39,16,16,11,0,0],"gold":33,"neow_bonus":"THREE_ENEMY_KILL","is_daily":false,"chose_seed":false,"campfire_upgraded":3,"win_rate":0.0,"timestamp":1612172545,"path_taken":["M","?","$","?","M","R","E","R","T","?","?","R","E","M","R","BOSS","M","M","M","$","?","E"],"items_purchased_type":["Card","Card","Relic","Card"],"build_version":"2020-12-22","purchased_purges":1,"victory":false,"max_hp_per_floor":[72,72,79,79,79,79,79,79,79,79,79,79,79,79,79,79,79,79,79,79,79,79,79,79],"card_choices":[{"not_picked":["EmptyFist","FlurryOfBlows"],"picked":"Crescendo","floor":1.0},{"not_picked":["Thinking Ahead","Jack Of All Trades"],"picked":"The Bomb","floor":4.0},{"not_picked":["Sanctity","JustLucky"],"picked":"Crescendo","floor":5.0},{"not_picked":["WreathOfFlame","FollowUp"],"picked":"ForeignInfluence","floor":7.0},{"not_picked":["CutThroughFate","Protect"],"picked":"LikeWater","floor":11.0},{"not_picked":["ReachHeaven","PathToVictory+1"],"picked":"EmptyBody+1","floor":13.0},{"not_picked":["Crescendo+1","JustLucky"],"picked":"Consecrate","floor":14.0},{"not_picked":["Scrawl+1","Establishment"],"picked":"Blasphemy+1","floor":16.0},{"not_picked":["SignatureMove","TalkToTheHand"],"picked":"ClearTheMind+1","floor":18.0},{"not_picked":["Halt+1","FlyingSleeves","CrushJoints+1"],"picked":"SKIP","floor":19.0},{"not_picked":["FlyingSleeves+1","ClearTheMind+1"],"picked":"Vengeance+1","floor":20.0},{"not_picked":["CutThroughFate","SashWhip"],"picked":"Protect+1","floor":22}],"player_experience":392242,"relics_obtained":[{"floor":7.0,"key":"Ancient Tea Set"},{"floor":13.0,"key":"Toxic Egg 2"}],"event_choices":[{"damage_healed":0.0,"max_hp_gain":0.0,"max_hp_loss":0.0,"gold_gain":175.0,"event_name":"betterThird:BetterSerpent","player_choice":"AGREE","floor":2.0,"gold_loss":0.0,"damage_taken":111.0},{"damage_healed":0.0,"max_hp_gain":0.0,"max_hp_loss":0.0,"gold_gain":1.0,"event_name":"betterStone:BetterStone","player_choice":"1","floor":4.0,"gold_loss":0.0,"damage_taken":0.0},{"damage_healed":0.0,"max_hp_gain":0.0,"max_hp_loss":0.0,"gold_gain":0.0,"event_name":"The Woman in Blue","player_choice":"Bought 2 Potions","floor":10.0,"gold_loss":0.0,"damage_taken":0.0}],"is_beta":false,"boss_relics":[{"not_picked":["Philosopher\u0027s Stone","Astrolabe"],"picked":"Pandora\u0027s Box"}],"items_purged_floors":[21],"is_endless":false,"potions_floor_spawned":[11,13,14,19,20],"killed_by":"Book of Stabbing","ascension_level":11}}