{"host":"vyjryxuuuxkt43k4","time":1612176699,"event":{"mods":["AchievementEnabler","BaseMod","Colored Map","DeckTracker","Keyboard Shortcuts","Minty Spire (QoL Compilation)","Permanent Neow","Quick Restart","Rare Cards Sparkle","StSLib","SuperFastMode","everything is the same but u backflip on backflip"],"gold_per_floor":[367,367,44,44,60,60,94,94,94,19,31,31,66,79,79,152,152,141,37,37,67,79,91,103,135,170,182,213,225,247,259,259],"floor_reached":31,"language":"KOR","playtime":972,"items_purged":["Strike_G","Strike_G"],"score":425,"play_id":"742bcabe-da5a-4140-9a0e-7a7366ffb186","local_time":"20210201195139","is_ascension_mode":true,"campfire_choices":[{"data":"Apotheosis","floor":6.0,"key":"SMITH"},{"floor":8.0,"key":"REST"},{"floor":15.0,"key":"REST"},{"floor":23,"key":"REST"},{"data":"Prepared","floor":27,"key":"SMITH"},{"floor":29,"key":"REST"}],"circlet_count":0,"master_deck":["AscendersBane","Defend_G","Defend_G+1","Defend_G","Defend_G","Survivor","Neutralize","Deadly Poison+1","Apotheosis+1","Grand Finale","Noxious Fumes","Bouncing Flask","Prepared+1","Footwork","Crippling Poison","Grand Finale","Dagger Spray+1","Dodge and Roll+1","Leg Sweep+1","PiercingWail","Writhe","Reflex","Crippling Poison"],"relics":["Ring of the Snake","Smiling Mask","Regal Pillow","StrikeDummy","Blue Candle","Astrolabe","MawBank","Potion Belt"],"acts_visited":["Exordium","TheCity"],"potions_floor_usage":[21,25,31],"damage_taken":[{"damage":0.0,"enemies":"Small Slimes","floor":1.0,"turns":3.0},{"damage":4.0,"enemies":"Jaw Worm","floor":5.0,"turns":5.0},{"damage":21.0,"enemies":"Gremlin Nob","floor":7.0,"turns":5.0},{"damage":9.0,"enemies":"2 Louse","floor":11.0,"turns":4.0},{"damage":10.0,"enemies":"3 Sentries","floor":13.0,"turns":6.0},{"damage":13.0,"enemies":"Blue Slaver","floor":14.0,"turns":4.0},{"damage":31.0,"enemies":"The Guardian","floor":16.0,"turns":9.0},{"damage":21,"enemies":"2 Thieves","floor":18,"turns":5},{"damage":0,"enemies":"3 Byrds","floor":21,"turns":5},{"damage":11,"enemies":"Snake Plant","floor":25,"turns":4},{"damage":20,"enemies":"Centurion and Healer","floor":28,"turns":8},{"damage":38,"enemies":"Cultist and Chosen","floor":30,"turns":8},{"damage":27,"enemies":"Slavers","floor":31,"turns":2}],"seed_played":"-7475325320201619157","potions_obtained":[{"floor":5.0,"key":"GhostInAJar"},{"floor":7.0,"key":"Fruit Juice"},{"floor":13.0,"key":"LiquidMemories"},{"floor":18,"key":"DistilledChaos"},{"floor":30,"key":"Poison Potion"}],"is_trial":false,"path_per_floor":["M","?","$","?","M","R","E","R","T","$","M","T","E","M","R","B",null,"M","$","?","M","$","R","?","M","T","R","M","R","M","E"],"character_chosen":"THE_SILENT","items_purchased":["Apotheosis","Grand Finale","Prepared","PiercingWail"],"campfire_rested":4,"item_purchase_floors":[3,3,10,19],"current_hp_per_floor":[59,41,41,34,30,30,14,33,33,33,24,24,14,1,35,4,50,29,29,29,29,29,63,63,52,52,52,32,65,27,0,0],"gold":259,"neow_bonus":"TWO_FIFTY_GOLD","is_daily":false,"chose_seed":false,"campfire_upgraded":2,"win_rate":0.0,"timestamp":1612176699,"path_taken":["M","?","?","?","M","R","E","R","T","$","M","?","E","?","R","BOSS","M","$","?","M","$","R","?","M","T","R","M","R","M","E"],"items_purchased_type":["Card","Card","Card","Card"],"build_version":"2020-12-22","purchased_purges":2,"victory":false,"max_hp_per_floor":[60,60,60,60,60,60,65,65,65,65,65,65,65,65,65,65,65,65,65,65,65,65,65,65,65,65,65,65,65,65,65,65],"card_choices":[{"not_picked":["Flying Knee","Slice"],"picked":"Deadly Poison","floor":1.0},{"not_picked":["Dagger Throw","Deflect"],"picked":"Noxious Fumes","floor":5.0},{"not_picked":["Cloak And Dagger","Choke"],"picked":"Bouncing Flask","floor":7.0},{"not_picked":["Flying Knee","Skewer"],"picked":"Footwork","floor":11.0},{"not_picked":["Flying Knee","Prepared"],"picked":"Crippling Poison","floor":13.0},{"not_picked":["Deadly Poison","Flying Knee","Distraction"],"picked":"SKIP","floor":14.0},{"not_picked":["Unload","Envenom"],"picked":"Grand Finale","floor":16.0},{"not_picked":["Flying Knee+1","Blade Dance","Caltrops"],"picked":"SKIP","floor":18},{"not_picked":["Underhanded Strike","Dagger Throw"],"picked":"Reflex","floor":21},{"not_picked":["Endless Agony","Infinite Blades","Riddle With Holes"],"picked":"SKIP","floor":25},{"not_picked":["Deadly Poison","Poisoned Stab"],"picked":"Crippling Poison","floor":28},{"not_picked":["Sucker Punch","Masterful Stab","Caltrops"],"picked":"SKIP","floor":30}],"player_experience":578131,"relics_obtained":[{"floor":7.0,"key":"Smiling Mask"},{"floor":9.0,"key":"Regal Pillow"},{"floor":12.0,"key":"StrikeDummy"},{"floor":13.0,"key":"Blue Candle"},{"floor":26,"key":"Potion Belt"}],"event_choices":[{"damage_healed":0.0,"max_hp_gain":0.0,"max_hp_loss":0.0,"gold_gain":0.0,"event_name":"Shining Light","player_choice":"Entered Light","floor":2.0,"gold_loss":0.0,"damage_taken":18.0,"cards_upgraded":["Defend_G","Deadly Poison"]},{"cards_removed":["Strike_G"],"damage_healed":0.0,"max_hp_gain":0.0,"max_hp_loss":0.0,"gold_gain":0.0,"event_name":"Golden Wing","player_choice":"Card Removal","floor":4.0,"gold_loss":0.0,"damage_taken":7.0},{"damage_healed":0,"gold_gain":0,"player_choice":"Opened","damage_taken":0,"relics_obtained":["MawBank"],"max_hp_gain":0,"max_hp_loss":0,"event_name":"The Mausoleum","floor":20,"gold_loss":0,"cards_obtained":["Writhe"]},{"damage_healed":0,"gold_gain":0,"player_choice":"Ignored","damage_taken":0,"max_hp_gain":0,"max_hp_loss":0,"event_name":"Vampires","floor":24,"gold_loss":0}],"is_beta":false,"boss_relics":[{"not_picked":["SlaversCollar","Ectoplasm"],"picked":"Astrolabe"}],"items_purged_floors":[10,19],"is_endless":false,"potions_floor_spawned":[5,7,13,18,30],"killed_by":"Slavers","ascension_level":15}}