{"host":"4kmvpqjeiacgn1pr","time":1612151372,"event":{"mods":["AchievementEnabler","BaseMod","Better Altar","Better Match","Better Note","Better Sensory Stone","Better Skull","Better Third Choice","Colored Map","Colored Powertips","Curses Come First","Downfall","Highlight Path","Infinite Spire","Minty Spire (QoL Compilation)","Permanent Neow","Quick Restart","Rare Cards Sparkle","Replay The Spire","Shop Mod","Spicy Shops","Spikes Relics","StSLib","Waifu the Spire"],"gold_per_floor":[149,149,149,149,208,208,30,65,89,154,239,164,191,22,22,119,119,29,29,29,29,68,68,68],"floor_reached":23,"language":"ENG","playtime":1317,"items_purged":["Parasite"],"score":296,"play_id":"1e392ec4-7d06-4a6f-8626-5fbebe4f68f0","local_time":"20210131224932","is_ascension_mode":true,"campfire_choices":[{"data":"HandOfGreed","floor":6,"key":"SMITH"},{"floor":15,"key":"REST"}],"circlet_count":0,"master_deck":["AscendersBane","Survivor","Neutralize","HandOfGreed+1","Terror","Slimebound:Prepare","Madness","ReplayTheSpireMod:Brewmster","Discovery","Replay:Sssssssssshield","Poisoned Stab","Slimebound:SlimeSpikes","Fluid Movement","Mayhem+1","Slimebound:Nibble+1","Well Laid Plans+1","Mayhem+1","Phantasmal Killer","Tactician","Flying Knee","Tools of the Trade+1","Tactician","Footwork+1","ReplayTheSpireMod:Scrap Shanks+1","After Image+1","Choke+1","infinitespire:Punishment","ReplayTheSpireMod:Scrap Shanks+1","Setup+1","PiercingWail+1","Slimebound:CheckThePlaybook","downfall:Icky","Endless Agony+1"],"relics":["m_SlimeRing","infinitespire:Cubic Diamond","infinitespire:CheckeredPen","ReplayTheSpireMod:ShopPack","Snake Skull","Replay:Wax Seal","SpikesRelics:DaevaFist","Frozen Egg 2","DollysMirror","Pandora\u0027s Box","Astrolabe","Bag of Preparation","MutagenicStrength"],"acts_visited":["Exordium","TheCity"],"potions_floor_usage":[8,10,11,11,11,11,13,16,16,16,16,16,18,23,23],"damage_taken":[{"damage":4,"enemies":"Small Slimes","floor":1,"turns":5},{"damage":0,"enemies":"2 Louse","floor":5,"turns":6},{"damage":9,"enemies":"Jaw Worm","floor":8,"turns":6},{"damage":7,"enemies":"Lots of Slimes","floor":10,"turns":5},{"damage":16,"enemies":"3 Sentries","floor":11,"turns":8},{"damage":11,"enemies":"Lagavulin","floor":13,"turns":8},{"damage":9,"enemies":"Hexaghost","floor":16,"turns":9},{"damage":0,"enemies":"Shell Parasite","floor":18,"turns":4},{"damage":0,"enemies":"Chosen","floor":22,"turns":2},{"damage":59,"enemies":"Gremlin Leader","floor":23,"turns":3}],"seed_played":"-2034876562384470607","potions_obtained":[{"floor":5,"key":"EntropicBrew"},{"floor":11,"key":"Ancient Potion"},{"floor":13,"key":"Slimebound:ThreeZeroPotion"}],"is_trial":false,"path_per_floor":["M","?","?","T","M","R","$","M","T","M","E","?","E","$","R","B",null,"M","AVR","?","?","M","E"],"character_chosen":"THE_SILENT","items_purchased":["Madness","ReplayTheSpireMod:ShopPack","Frozen Egg 2","Well Laid Plans+1","DollysMirror"],"campfire_rested":1,"item_purchase_floors":[7,7,14,14,14],"current_hp_per_floor":[59,52,52,52,52,52,52,43,43,36,20,20,9,9,29,20,55,55,55,55,55,55,0,0],"gold":68,"neow_bonus":"RANDOM_COLORLESS_2","is_daily":false,"chose_seed":false,"campfire_upgraded":1,"win_rate":0.0,"timestamp":1612151372,"path_taken":["M","?","?","?","M","R","$","?","T","?","E","?","E","$","R","BOSS","M","AVR","?","?","M","E"],"items_purchased_type":["Card","Relic","Relic","Card","Relic"],"build_version":"2020-12-22","purchased_purges":1,"victory":false,"max_hp_per_floor":[70,70,70,70,70,70,70,70,70,70,70,70,70,67,67,67,67,67,67,67,67,67,67,67],"card_choices":[{"not_picked":["Poisoned Strike","Master of Strategy"],"picked":"HandOfGreed","floor":0},{"not_picked":["PiercingWail","Sneak Up"],"picked":"Terror","floor":1},{"not_picked":["Poisoned Stab","ReplayTheSpireMod:The Works"],"picked":"Slimebound:Prepare","floor":5},{"not_picked":["Magnetism","Sadistic Nature"],"picked":"ReplayTheSpireMod:Brewmster","floor":7},{"not_picked":["Replay:Parry","Purity"],"picked":"Discovery","floor":7},{"not_picked":["Forethought","Madness"],"picked":"Replay:Sssssssssshield","floor":7},{"not_picked":["PiercingWail","Slice"],"picked":"Poisoned Stab","floor":8},{"not_picked":["ReplayTheSpireMod:Speed Training","Acrobatics"],"picked":"Slimebound:SlimeSpikes","floor":10},{"not_picked":["Malaise","Slimebound:Prepare"],"picked":"Fluid Movement","floor":11},{"not_picked":["Reforge+1","Metamorphosis+1"],"picked":"Mayhem+1","floor":12},{"not_picked":["ReplayTheSpireMod:Speed Training+1","Finisher+1"],"picked":"Slimebound:Nibble+1","floor":12},{"not_picked":["Prepared","Malaise","Leg Sweep"],"picked":"SKIP","floor":13},{"not_picked":["Grand Finale","Replay:Bag of Tricks"],"picked":"Phantasmal Killer","floor":16},{"not_picked":["Underhanded Strike","Crippling Poison"],"picked":"Choke+1","floor":18},{"not_picked":["Outmaneuver","Deflect"],"picked":"Endless Agony+1","floor":22}],"player_experience":409607,"relics_obtained":[{"floor":4,"key":"infinitespire:CheckeredPen"},{"floor":9,"key":"Snake Skull"},{"floor":11,"key":"Replay:Wax Seal"},{"floor":13,"key":"SpikesRelics:DaevaFist"}],"event_choices":[{"cards_removed":["Sickly"],"damage_healed":0,"gold_gain":0,"player_choice":"Card Removal","damage_taken":7,"max_hp_gain":0,"max_hp_loss":0,"event_name":"Golden Wing","floor":2,"gold_loss":0},{"damage_healed":0,"gold_gain":0,"player_choice":"2","damage_taken":0,"max_hp_gain":0,"max_hp_loss":0,"event_name":"betterMatch:BetterMatch","floor":12,"gold_loss":0,"cards_obtained":["betterMatch:ColorlessRareCard","betterMatch:UncommonCard"]},{"damage_healed":0,"gold_gain":0,"player_choice":"Inject Mutagens","damage_taken":0,"relics_obtained":["MutagenicStrength"],"max_hp_gain":0,"max_hp_loss":0,"event_name":"Drug Dealer","floor":21,"gold_loss":0}],"is_beta":false,"boss_relics":[{"not_picked":["Tiny House","Painkiller Herb"],"picked":"Pandora\u0027s Box"}],"items_purged_floors":[14],"is_endless":false,"potions_floor_spawned":[5,11,13,18],"killed_by":"Gremlin Leader","ascension_level":10}}