{"host":"1nniobf0g4s2td4e","time":1612150827,"event":{"mods":["2.2 Compatiblity","BaseMod","Minty Spire (QoL Compilation)","StSLib","SuperFastMode"],"gold_per_floor":[115,130,130,130,62,62,82,107,107,126,143,158,158,187,187,289,289,306,317,242,242,242,242,254,254,277,289,301,328,340,369,381,490,502,529,541,566,94,114,114,124,124,149,167,167,167,167],"floor_reached":46,"language":"ENG","playtime":2132,"items_purged":["Strike_R"],"score":532,"play_id":"95020708-6747-44f5-b74f-eae161d6aa3a","local_time":"20210131214027","is_ascension_mode":false,"campfire_choices":[{"data":"1","floor":6.0,"key":"LIFT"},{"data":"2","floor":13,"key":"LIFT"},{"data":"True Grit","floor":15,"key":"SMITH"},{"data":"3","floor":23,"key":"LIFT"},{"data":"Juggernaut","floor":25,"key":"SMITH"},{"data":"Entrench","floor":27,"key":"SMITH"},{"data":"Shrug It Off","floor":30,"key":"SMITH"},{"floor":32,"key":"RECALL"},{"data":"Metallicize","floor":40,"key":"SMITH"},{"data":"Barricade","floor":42,"key":"SMITH"}],"circlet_count":0,"master_deck":["Strike_R","Strike_R+1","Strike_R","Defend_R+1","Defend_R","Defend_R","Defend_R","Offering","Entrench+1","True Grit+1","Warcry","Shrug It Off+1","Clash","Juggernaut+1","True Grit+1","Metallicize+1","Flame Barrier","Flame Barrier+1","Barricade+1","Entrench+1"],"relics":["Burning Blood","Girya","Self Forming Clay","MealTicket","Runic Pyramid","Sundial","White Beast Statue","MawBank","Runic Dome","Mummified Hand","DollysMirror","Potion Belt"],"acts_visited":["Exordium","TheCity","TheBeyond"],"potions_floor_usage":[14,18],"damage_taken":[{"damage":6.0,"enemies":"Cultist","floor":1.0,"turns":2.0},{"damage":3.0,"enemies":"2 Louse","floor":2.0,"turns":3.0},{"damage":0.0,"enemies":"Small Slimes","floor":7.0,"turns":3.0},{"damage":0.0,"enemies":"Lagavulin","floor":8.0,"turns":1.0},{"damage":6.0,"enemies":"Blue Slaver","floor":10.0,"turns":3.0},{"damage":11,"enemies":"3 Louse","floor":11,"turns":3},{"damage":13,"enemies":"Large Slime","floor":12,"turns":6},{"damage":15,"enemies":"3 Sentries","floor":14,"turns":10},{"damage":6,"enemies":"Slime Boss","floor":16,"turns":4},{"damage":6,"enemies":"3 Byrds","floor":18,"turns":5},{"damage":10,"enemies":"Shell Parasite","floor":19,"turns":4},{"damage":10,"enemies":"Shelled Parasite and Fungi","floor":24,"turns":3},{"damage":11,"enemies":"Centurion and Healer","floor":29,"turns":6},{"damage":10,"enemies":"Snake Plant","floor":31,"turns":4},{"damage":34,"enemies":"Champ","floor":33,"turns":18},{"damage":0,"enemies":"3 Darklings","floor":35,"turns":2},{"damage":10,"enemies":"Orb Walker","floor":37,"turns":4},{"damage":6,"enemies":"Sphere and 2 Shapes","floor":39,"turns":5},{"damage":28,"enemies":"Jaw Worm Horde","floor":41,"turns":6},{"damage":6,"enemies":"Writhing Mass","floor":44,"turns":8},{"damage":58,"enemies":"Reptomancer","floor":46,"turns":3}],"seed_played":"-8223030490261800734","potions_obtained":[{"floor":1.0,"key":"EntropicBrew"},{"floor":8.0,"key":"SpeedPotion"},{"floor":10.0,"key":"PowerPotion"},{"floor":12,"key":"Fire Potion"},{"floor":16,"key":"Energy Potion"},{"floor":18,"key":"SpeedPotion"},{"floor":29,"key":"Weak Potion"},{"floor":31,"key":"PowerPotion"},{"floor":44,"key":"SpeedPotion"}],"is_trial":false,"path_per_floor":["M","M","$","?","?","R","M","E","T","M","M","M","R","E","R","B",null,"M","M","?","?","T","R","M","R","T","R","?","M","R","M","R","B",null,"M","$","M","$","M","R","M","R","T","M","?","E"],"character_chosen":"IRONCLAD","items_purchased":["Mummified Hand","DollysMirror"],"campfire_rested":0,"item_purchase_floors":[38,38],"current_hp_per_floor":[72,72,72,58,58,58,64,70,70,70,65,58,58,49,49,49,72,72,68,68,68,68,68,64,64,64,64,51,46,46,42,42,14,77,77,77,73,77,77,77,55,55,55,55,55,0,0],"gold":167,"neow_bonus":"THREE_RARE_CARDS","is_daily":false,"chose_seed":false,"campfire_upgraded":6,"win_rate":0.0,"timestamp":1612150827,"path_taken":["M","M","$","?","?","R","M","E","T","M","M","M","R","E","R","BOSS","M","?","?","?","?","R","M","R","T","R","?","M","R","M","R","BOSS","M","$","M","$","M","R","M","R","T","M","?","E"],"items_purchased_type":["Relic","Relic"],"build_version":"2020-12-22","purchased_purges":1,"victory":false,"max_hp_per_floor":[72,72,72,72,72,72,72,72,72,72,72,72,72,72,72,72,72,72,72,72,72,72,72,72,72,72,72,77,77,77,77,77,77,77,77,77,77,77,77,77,77,77,77,77,77,77,77],"card_choices":[{"not_picked":["Exhume","Corruption"],"picked":"Offering","floor":0.0},{"not_picked":["Second Wind","Perfected Strike"],"picked":"Entrench","floor":1.0},{"not_picked":["Uppercut","Flex"],"picked":"True Grit","floor":2.0},{"not_picked":["Seeing Red","Perfected Strike","Infernal Blade"],"picked":"SKIP","floor":7.0},{"not_picked":["Rampage","Armaments"],"picked":"Warcry","floor":8.0},{"not_picked":["Iron Wave","Thunderclap","Wild Strike"],"picked":"SKIP","floor":10.0},{"not_picked":["Intimidate","Impervious"],"picked":"Shrug It Off","floor":11},{"not_picked":["Perfected Strike","Clash","Havoc"],"picked":"SKIP","floor":12},{"not_picked":["Perfected Strike","Havoc"],"picked":"Clash","floor":12},{"not_picked":["True Grit","Thunderclap","Dark Embrace"],"picked":"SKIP","floor":14},{"not_picked":["Immolate","Bludgeon"],"picked":"Juggernaut","floor":16},{"not_picked":["Carnage+1","Burning Pact"],"picked":"True Grit+1","floor":18},{"not_picked":["True Grit","Pummel","Twin Strike"],"picked":"SKIP","floor":19},{"not_picked":["Iron Wave","True Grit"],"picked":"Metallicize","floor":24},{"not_picked":["Thunderclap","Anger"],"picked":"Flame Barrier","floor":29},{"not_picked":["Uppercut","Armaments"],"picked":"Flame Barrier+1","floor":31},{"not_picked":["Demon Form","Double Tap"],"picked":"Barricade","floor":33},{"not_picked":["Perfected Strike","Battle Trance","Inflame+1"],"picked":"SKIP","floor":35},{"not_picked":["Flame Barrier","Iron Wave+1","Combust"],"picked":"SKIP","floor":37},{"not_picked":["Evolve+1","Heavy Blade+1","Perfected Strike+1"],"picked":"SKIP","floor":39},{"not_picked":["Blood for Blood","Sword Boomerang","Anger+1"],"picked":"SKIP","floor":41},{"not_picked":["Thunderclap+1","Sword Boomerang+1","Anger+1"],"picked":"SKIP","floor":44},{"not_picked":["Thunderclap+1","Sword Boomerang+1","Anger+1"],"picked":"SKIP","floor":44}],"player_experience":726921,"relics_obtained":[{"floor":8.0,"key":"Self Forming Clay"},{"floor":14,"key":"MealTicket"},{"floor":22,"key":"White Beast Statue"},{"floor":26,"key":"MawBank"},{"floor":43,"key":"Potion Belt"}],"event_choices":[{"damage_healed":0.0,"max_hp_gain":0.0,"max_hp_loss":0.0,"gold_gain":0.0,"event_name":"Shining Light","player_choice":"Entered Light","floor":4.0,"gold_loss":0.0,"damage_taken":14.0,"cards_upgraded":["Strike_R","Defend_R"]},{"damage_healed":0.0,"max_hp_gain":0.0,"max_hp_loss":0.0,"gold_gain":0.0,"event_name":"WeMeetAgain","player_choice":"Paid Gold","floor":5.0,"gold_loss":68.0,"damage_taken":0.0,"relics_obtained":["Girya"]},{"cards_removed":["Strike_R"],"damage_healed":0,"gold_gain":0,"player_choice":"Gave Gold","damage_taken":0,"max_hp_gain":0,"max_hp_loss":0,"event_name":"Beggar","floor":20,"gold_loss":75},{"damage_healed":0,"gold_gain":0,"player_choice":"Opened","damage_taken":0,"relics_obtained":["Sundial"],"max_hp_gain":0,"max_hp_loss":0,"event_name":"The Mausoleum","floor":21,"gold_loss":0},{"damage_healed":0,"gold_gain":0,"player_choice":"Shed Blood","damage_taken":18,"max_hp_gain":5,"max_hp_loss":0,"event_name":"Forgotten Altar","floor":28,"gold_loss":0},{"cards_removed":["Bash"],"damage_healed":0,"gold_gain":0,"player_choice":"Removed Attack","damage_taken":0,"max_hp_gain":0,"max_hp_loss":0,"event_name":"Falling","floor":45,"gold_loss":0}],"is_beta":false,"boss_relics":[{"not_picked":["SlaversCollar","Coffee Dripper"],"picked":"Runic Pyramid"},{"not_picked":["Tiny House","Velvet Choker"],"picked":"Runic Dome"}],"items_purged_floors":[38],"is_endless":false,"potions_floor_spawned":[1,8,10,12,16,18,19,24,29,31,33,35,37,39,41,44],"killed_by":"Reptomancer","ascension_level":0}}