{"host":"h3ybbam5olp21xet","time":1612210147,"event":{"mods":["BaseMod","BetterRewards","Downfall","Hermit","Hubris","Infinite Spire","Minty Spire (QoL Compilation)","Replay The Spire","StSLib","The Bug Knight","The Cursed"],"gold_per_floor":[115,132,132,132,132,132,151,151,176,176,176,63,63,38,38,141,141,154,8,20,20,74,74,74,74,74,106,123,134,148,167,167,274,274,303,303,303,21,32,32,66,66,89,69,88,88,105,105,105,105],"floor_reached":51,"language":"ENG","playtime":1537,"items_purged":["hubris:Despair"],"score":985,"play_id":"c1e56cc8-a1b6-4556-8b57-e6eb648121ef","local_time":"20210201140907","is_ascension_mode":false,"campfire_choices":[{"data":"Whirlwind","floor":6,"key":"SMITH"},{"floor":10,"key":"REST"},{"data":"infinitespire:FinalStrike","floor":13,"key":"SMITH"},{"data":"Bash","floor":15,"key":"SMITH"},{"floor":23,"key":"REST"},{"data":"ReplayTheSpireMod:Limb From Limb","floor":25,"key":"SMITH"},{"floor":32,"key":"REST"},{"floor":40,"key":"REST"},{"floor":42,"key":"REST"},{"data":"hubris:DuctTapeCard","floor":49,"key":"SMITH"}],"circlet_count":0,"master_deck":["Strike_R","Strike_R","Strike_R","Strike_R","Strike_R","Defend_R","Defend_R+1","Defend_R","Defend_R+1","Bash+1","Clothesline","infinitespire:FinalStrike+1","Dropkick+1","Twin Strike+1","Wild Strike","Bludgeon","Sword Boomerang+1","Offering","Iron Wave","Perfected Strike","ReplayTheSpireMod:Limb From Limb+1","Twin Strike","Flex","Wild Strike","Clash+1","infinitespire:FinalStrike","Dual Wield","Dual Wield","Clash","downfall:Haunted","hubris:DuctTapeCard+2","Twin Strike","Bloodletting+1","Shockwave","Havoc"],"relics":["Cracked Core","infinitespire:Cubic Diamond","hubris:Towel","hubris:Icosahedron","Gremlin Food","Potion Belt","ReplayTheSpireMod:Shallot","Cursed Key","PreservedInsect","Mirror","Blood Vial","infinitespire:EvilPickle","SacredBark","ReplayTheSpireMod:Spearhead","Spirit Poop","Brimstone","Boot","ReplayTheSpireMod:TigerMarble","hubris:DuctTape"],"acts_visited":["TheCity","TheBeyond"],"potions_floor_usage":[28,31,31,33,33,33,44],"damage_taken":[{"damage":4,"enemies":"2 Louse","floor":1,"turns":4},{"damage":15,"enemies":"Small Slimes","floor":2,"turns":3},{"damage":3,"enemies":"Jaw Worm","floor":7,"turns":3},{"damage":44,"enemies":"Hexaghost","floor":16,"turns":5},{"damage":3,"enemies":"Chosen","floor":18,"turns":2},{"damage":31,"enemies":"2 Thieves","floor":20,"turns":3},{"damage":12,"enemies":"Replay:Snechameleon","floor":27,"turns":3},{"damage":7,"enemies":"Cultist and Chosen","floor":28,"turns":3},{"damage":10,"enemies":"Snecko","floor":29,"turns":2},{"damage":9,"enemies":"Centurion and Healer","floor":30,"turns":4},{"damage":7,"enemies":"Chosen and Byrds","floor":31,"turns":2},{"damage":61,"enemies":"Pondfish","floor":33,"turns":5},{"damage":41,"enemies":"3 Darklings","floor":35,"turns":6},{"damage":6,"enemies":"Orb Walker","floor":39,"turns":2},{"damage":6,"enemies":"Reptomancer","floor":41,"turns":1},{"damage":12,"enemies":"Nemesis","floor":44,"turns":1},{"damage":6,"enemies":"3 Darklings","floor":45,"turns":1},{"damage":10,"enemies":"Sphere and 2 Shapes","floor":47,"turns":3},{"damage":67,"enemies":"Time Eater","floor":50,"turns":6}],"seed_played":"7365109019740214526","potions_obtained":[{"floor":2,"key":"Flashbang"},{"floor":7,"key":"Dexterity Potion"},{"floor":16,"key":"Venom Potion"},{"floor":18,"key":"Swift Potion"},{"floor":20,"key":"sneckomod:MuddlingPotion"},{"floor":22,"key":"Death Potion"},{"floor":27,"key":"Swift Potion"},{"floor":29,"key":"BloodPotion"},{"floor":30,"key":"SteroidPotion"},{"floor":35,"key":"SkillPotion"},{"floor":47,"key":"BloodPotion"}],"is_trial":false,"path_per_floor":["M","M","?","?","?","R","M","AVR","T","R","T","$","R","$","R","B",null,"M","$","M","$","?","R","?","R","T","E","M","M","M","M","R","B",null,"M","AVR","?","$","M","R","E","R","T","E","M","?","M","?","R","B",null],"character_chosen":"IRONCLAD","items_purchased":["Dropkick","Twin Strike+1","Wild Strike","Offering","Brimstone","Dual Wield"],"campfire_rested":5,"item_purchase_floors":[12,12,14,19,38,38],"current_hp_per_floor":[80,71,71,71,71,71,68,68,68,80,80,80,80,80,80,36,80,77,77,46,46,46,70,70,70,70,58,53,45,38,33,57,14,80,43,43,43,43,39,63,59,80,80,68,80,80,73,73,73,32],"gold":105,"neow_bonus":"ONE_RANDOM_RARE_CARD","is_daily":false,"chose_seed":false,"campfire_upgraded":5,"win_rate":0.0,"timestamp":1612210147,"path_taken":["M","M","?","?","?","R","M","AVR","T","R","?","$","R","?","R","BOSS","M","$","M","$","?","R","?","R","T","E","M","M","M","M","R","BOSS","M","AVR","?","?","M","R","E","R","T","E","M","?","M","?","R","BOSS"],"items_purchased_type":["Card","Card","Card","Card","Relic","Card"],"build_version":"2020-12-22","purchased_purges":1,"victory":true,"max_hp_per_floor":[80,80,80,80,80,80,80,80,80,80,80,80,80,80,80,80,80,80,80,80,80,80,80,80,80,80,80,80,80,80,80,80,80,80,80,80,80,80,80,80,80,80,80,80,80,80,83,83,83,83],"card_choices":[{"not_picked":["ReplayTheSpireMod:Corrosion Curse","Warcry"],"picked":"Clothesline","floor":1},{"not_picked":["Havoc","Dropkick"],"picked":"Whirlwind","floor":2},{"not_picked":["Armaments","Wild Strike"],"picked":"Replay:Undeath\u0027s Touch","floor":7},{"not_picked":["Demon Form","Eclipse"],"picked":"Bludgeon","floor":16},{"not_picked":["Disarm","Cleave"],"picked":"Sword Boomerang","floor":18},{"not_picked":["Combust","Brutality"],"picked":"Iron Wave","floor":20},{"not_picked":["Abandon","Blood for Blood+1"],"picked":"Perfected Strike","floor":22},{"not_picked":["True Grit","Body Slam"],"picked":"ReplayTheSpireMod:Limb From Limb","floor":22},{"not_picked":["Shrug It Off","Metallicize"],"picked":"Flex","floor":27},{"not_picked":["infinitespire:OneForAll","Armaments","Carnage"],"picked":"SKIP","floor":28},{"not_picked":["Heavy Blade","Body Slam+1","hubris:ReadiedAction"],"picked":"SKIP","floor":29},{"not_picked":["Warcry","Replay:Undeath\u0027s Touch"],"picked":"Wild Strike","floor":30},{"not_picked":["Ghostly Armor","Armaments+1","Shrug It Off"],"picked":"SKIP","floor":31},{"not_picked":["Brutality","Immolate"],"picked":"Reaper","floor":33},{"not_picked":["Blood for Blood","infinitespire:OneForAll"],"picked":"Clash","floor":35},{"not_picked":["Impervious","Headbutt+1"],"picked":"Clash","floor":39},{"not_picked":["Shrug It Off","Dual Wield","ReplayTheSpireMod:Stacked+1"],"picked":"SKIP","floor":41},{"not_picked":["Wild Strike","Run Through"],"picked":"Twin Strike","floor":44},{"not_picked":["Second Wind","Barricade"],"picked":"Bloodletting+1","floor":45},{"not_picked":["Combust+1","Searing Blow"],"picked":"Shockwave","floor":47}],"player_experience":642796,"relics_obtained":[{"floor":9,"key":"Potion Belt"},{"floor":11,"key":"ReplayTheSpireMod:Shallot"},{"floor":22,"key":"PreservedInsect"},{"floor":26,"key":"Mirror"},{"floor":27,"key":"Blood Vial"},{"floor":41,"key":"Boot"},{"floor":43,"key":"ReplayTheSpireMod:TigerMarble"},{"floor":44,"key":"hubris:DuctTape"}],"event_choices":[{"damage_healed":0,"gold_gain":0,"cards_transformed":["Berserk"],"player_choice":"Transformed","damage_taken":0,"max_hp_gain":0,"max_hp_loss":0,"event_name":"Transmorgrifier","floor":24,"gold_loss":0,"cards_obtained":["Twin Strike"]},{"cards_removed":["Replay:Hysterical Blindness"],"damage_healed":0,"gold_gain":0,"player_choice":"Offered Curse","damage_taken":0,"relics_obtained":["Spirit Poop"],"max_hp_gain":0,"max_hp_loss":0,"event_name":"Bonfire Elementals","floor":37,"gold_loss":0},{"damage_healed":0,"gold_gain":0,"player_choice":"Ignored","damage_taken":0,"max_hp_gain":0,"max_hp_loss":0,"event_name":"Tomb of Lord Red Mask","floor":46,"gold_loss":0},{"damage_healed":0,"gold_gain":0,"cards_transformed":["Replay:Undeath\u0027s Touch"],"player_choice":"Transformed","damage_taken":0,"max_hp_gain":0,"max_hp_loss":0,"event_name":"Transmorgrifier","floor":48,"gold_loss":0,"cards_obtained":["Havoc"]}],"is_beta":false,"boss_relics":[{"not_picked":["Busted Crown","hubris:CrackedHourglass"],"picked":"Cursed Key"},{"not_picked":["hubris:BlackHole","hubris:ScarierMask"],"picked":"SacredBark"}],"items_purged_floors":[38],"is_endless":false,"potions_floor_spawned":[2,7,16,18,20,27,29,30,35,47],"ascension_level":0}}