{"host":"mw3dmj42qtkbha4b","time":1612204932,"event":{"mods":["BaseMod","Colored Map","Colored Powertips","DeckTracker","Minty Spire (QoL Compilation)","StSLib","SuperFastMode"],"gold_per_floor":[15,15,28,28,39,68,85,85,161,161,175,175,175],"floor_reached":12,"language":"KOR","playtime":311,"items_purged":[],"score":160,"play_id":"d601a188-c44e-4df6-bf13-824169168651","local_time":"20210202034212","is_ascension_mode":true,"campfire_choices":[{"floor":8,"key":"REST"},{"floor":10,"key":"REST"}],"circlet_count":0,"master_deck":["AscendersBane","Strike_P","Strike_P","Strike_P","Strike_P","Defend_P","Defend_P","Defend_P","Defend_P","Eruption+1","Vigilance"],"relics":["PureWater","Peace Pipe","Meat on the Bone"],"acts_visited":["Exordium"],"potions_floor_usage":[7,11],"damage_taken":[{"damage":4,"enemies":"2 Louse","floor":1,"turns":4},{"damage":0,"enemies":"Cultist","floor":3,"turns":3},{"damage":0,"enemies":"Jaw Worm","floor":5,"turns":1},{"damage":47,"enemies":"Lagavulin","floor":6,"turns":5},{"damage":7,"enemies":"2 Fungi Beasts","floor":7,"turns":3},{"damage":0,"enemies":"Gremlin Gang","floor":11,"turns":3},{"damage":97,"enemies":"Gremlin Nob","floor":12,"turns":4}],"seed_played":"2792971665944235006","potions_obtained":[{"floor":6,"key":"PowerPotion"},{"floor":7,"key":"AttackPotion"},{"floor":11,"key":"SmokeBomb"}],"is_trial":false,"path_per_floor":["M","?","M","?","M","E","M","R","T","R","M","E"],"character_chosen":"WATCHER","items_purchased":[],"campfire_rested":2,"item_purchase_floors":[],"current_hp_per_floor":[69,69,69,69,69,22,15,39,39,63,63,0,0],"gold":175,"neow_bonus":"TWENTY_PERCENT_HP_BONUS","is_daily":false,"chose_seed":false,"campfire_upgraded":0,"win_rate":0.0,"timestamp":1612204932,"path_taken":["M","?","M","?","M","E","?","R","T","R","M","E"],"items_purchased_type":[],"build_version":"2020-12-22","purchased_purges":0,"victory":false,"max_hp_per_floor":[80,80,80,80,80,80,80,80,80,80,80,80,80],"card_choices":[{"not_picked":["ThirdEye","Evaluate","Protect"],"picked":"SKIP","floor":1},{"not_picked":["Collect","FearNoEvil","ReachHeaven"],"picked":"SKIP","floor":3},{"not_picked":["Halt","EmptyFist","JustLucky"],"picked":"SKIP","floor":5},{"not_picked":["WreathOfFlame","Perseverance","ClearTheMind"],"picked":"SKIP","floor":6},{"not_picked":["CrushJoints","Crescendo","SashWhip"],"picked":"SKIP","floor":7},{"not_picked":["FlyingSleeves","Fasting2","Halt"],"picked":"SKIP","floor":11}],"player_experience":1779855,"relics_obtained":[{"floor":6,"key":"Peace Pipe"},{"floor":9,"key":"Meat on the Bone"}],"event_choices":[{"damage_healed":0,"gold_gain":0,"player_choice":"Ignored","damage_taken":0,"max_hp_gain":0,"max_hp_loss":0,"event_name":"Golden Idol","floor":2,"gold_loss":0},{"damage_healed":0,"gold_gain":0,"player_choice":"Upgraded","damage_taken":0,"max_hp_gain":0,"max_hp_loss":0,"event_name":"Upgrade Shrine","floor":4,"gold_loss":0,"cards_upgraded":["Eruption"]}],"is_beta":false,"boss_relics":[],"items_purged_floors":[],"is_endless":false,"potions_floor_spawned":[6,7,11],"killed_by":"Gremlin Nob","ascension_level":20}}