{"host":"350rh84kbmtekt58","time":1612169466,"event":{"mods":["AchievementEnabler","Act Like it!","BaseMod","Better Synergies","Block Reminder","CapriCore","Challenge The Spire","Colored Map","Colored Powertips","Communication Mod","Downfall","Energized Spire","Friendly Minions","GifTheSpireLib","Highlight Path","Minty Spire (QoL Compilation)","Quick Restart","Replay The Spire","Shop Mod","StSLib","The Animator","The Disciple","The Immortal","The Marked","The Runesmith","The Servant 0.9.4","The Wild Card","Transform Curses","yUi"],"gold_per_floor":[359,27,38,38,38,38,38,38],"floor_reached":7,"language":"ENG","playtime":468,"items_purged":[],"score":40,"play_id":"90ac4ea1-f7bc-4ff2-8c21-3658c4d7f70c","local_time":"20210201025106","is_ascension_mode":true,"campfire_choices":[{"data":"Mayhem","floor":6,"key":"SMITH"}],"circlet_count":0,"master_deck":["Strike_S","Strike_S","Strike_S","Strike_S","Defend_S","Defend_S","Defend_S","Defend_S","KidneyShot","Exchange","RealityMarble","Mayhem+1","Desolation"],"relics":["Uniform","Membership Card","ReplayTheSpireMod:TigerMarble","Spirit Poop"],"acts_visited":["Exordium"],"potions_floor_usage":[7],"damage_taken":[{"damage":8,"enemies":"Small Slimes","floor":1,"turns":5},{"damage":10,"enemies":"Cultist","floor":3,"turns":7},{"damage":59,"enemies":"Gremlin Nob","floor":7,"turns":5}],"seed_played":"2151012706915338857","potions_obtained":[{"floor":3,"key":"SneckoOil"}],"is_trial":false,"path_per_floor":["M","$","M","?","$","R","E"],"character_chosen":"THE_SERVANT","items_purchased":["Membership Card","Mayhem","ReplayTheSpireMod:TigerMarble"],"campfire_rested":0,"item_purchase_floors":[2,2,2],"current_hp_per_floor":[57,57,47,47,47,47,0,0],"gold":38,"neow_bonus":"TWO_FIFTY_GOLD","is_daily":false,"chose_seed":false,"campfire_upgraded":1,"win_rate":0.0,"timestamp":1612169466,"path_taken":["M","$","M","?","$","R","E"],"items_purchased_type":["Relic","Card","Relic"],"build_version":"2020-12-22","purchased_purges":0,"victory":false,"max_hp_per_floor":[65,65,65,65,65,65,65,65],"card_choices":[{"not_picked":["Comet","Starlight"],"picked":"RealityMarble","floor":1},{"not_picked":["Spin","MoonPhase"],"picked":"Desolation","floor":3}],"player_experience":223004,"relics_obtained":[],"event_choices":[{"cards_removed":["animator:Curse_GriefSeed"],"damage_healed":0,"gold_gain":0,"player_choice":"Offered Curse","damage_taken":0,"relics_obtained":["Spirit Poop"],"max_hp_gain":0,"max_hp_loss":0,"event_name":"Bonfire Elementals","floor":4,"gold_loss":0}],"is_beta":false,"boss_relics":[],"items_purged_floors":[],"is_endless":false,"potions_floor_spawned":[3],"killed_by":"Gremlin Nob","ascension_level":1}}