{"host":"rtczl7o4e2em2rmi","time":1612209260,"event":{"mods":["AchievementEnabler","BaseMod","Bestiary","Block Reminder","Minty Spire (QoL Compilation)","Permanent Neow","Relic Filter","Relic Stats","StSLib"],"gold_per_floor":[114,131,41,54,54,81,94,23,23,23,49,64,40,65,65,161,161,172,172,185,1,82,109,121,121,121,10,39,0,0,20,20,117,117,134,134,154,165,106,106,132,144,144,144,5,5,23,36,36,36],"floor_reached":51,"language":"ZHS","playtime":3756,"items_purged":[],"score":1128,"play_id":"9a629146-53af-45ea-9d35-9767ecbf4e4e","local_time":"20210201145420","is_ascension_mode":true,"campfire_choices":[{"floor":10.0,"key":"REST"},{"data":"Loop","floor":15.0,"key":"SMITH"},{"floor":25.0,"key":"REST"},{"floor":32.0,"key":"REST"},{"data":"Seek","floor":40.0,"key":"SMITH"},{"floor":46,"key":"REST"},{"floor":49,"key":"REST"}],"circlet_count":0,"master_deck":["AscendersBane","Strike_B","Strike_B","Defend_B","Defend_B","Defend_B","Zap+1","Dualcast","Melter","Defragment+1","Loop+1","Go for the Eyes","Coolheaded","Seek+1","Lockon","Glacier","Sunder+1","Ball Lightning","Leap","Static Discharge+1","Machine Learning+1","Stack","Streamline+1","Steam","Hologram","Beam Cell+1","Steam","Capacitor+1","Echo Form+1","Glacier","Hologram+1","Creative AI+1","Turbo","Scrape","Turbo+1","Storm+1","Storm+1","Conserve Battery","Redo+1","Barrage+1","Blizzard","Coolheaded","Coolheaded+1","Aggregate+1"],"relics":["FrozenCore","Frozen Egg 2","StrikeDummy","Sling","WingedGreaves","Lizard Tail","FossilizedHelix","Membership Card","Mercury Hourglass","Incense Burner","Turnip","Mummified Hand","White Beast Statue","Philosopher\u0027s Stone","TheAbacus","Sundial","Blue Candle","Gambling Chip","Chemical X","Calipers"],"acts_visited":["Exordium","TheCity","TheBeyond"],"potions_floor_usage":[41,41,50,50],"damage_taken":[{"damage":1.0,"enemies":"Cultist","floor":1.0,"turns":3.0},{"damage":0.0,"enemies":"Small Slimes","floor":2.0,"turns":3.0},{"damage":1.0,"enemies":"2 Louse","floor":4.0,"turns":2.0},{"damage":23.0,"enemies":"Gremlin Nob","floor":6.0,"turns":5.0},{"damage":2.0,"enemies":"Exordium Thugs","floor":7.0,"turns":4.0},{"damage":4.0,"enemies":"3 Sentries","floor":11.0,"turns":8.0},{"damage":4.0,"enemies":"Looter","floor":12.0,"turns":3.0},{"damage":10.0,"enemies":"Lagavulin","floor":14.0,"turns":6.0},{"damage":19.0,"enemies":"Hexaghost","floor":16.0,"turns":12.0},{"damage":0.0,"enemies":"Spheric Guardian","floor":18.0,"turns":2.0},{"damage":0.0,"enemies":"Chosen","floor":20.0,"turns":7.0},{"damage":27.0,"enemies":"Gremlin Leader","floor":23.0,"turns":7.0},{"damage":7.0,"enemies":"Centurion and Healer","floor":24.0,"turns":4.0},{"damage":8.0,"enemies":"Book of Stabbing","floor":28.0,"turns":6.0},{"damage":0.0,"enemies":"Chosen and Byrds","floor":31.0,"turns":6.0},{"damage":0.0,"enemies":"Collector","floor":33.0,"turns":11.0},{"damage":2.0,"enemies":"Orb Walker","floor":35.0,"turns":4.0},{"damage":11.0,"enemies":"3 Darklings","floor":37.0,"turns":4.0},{"damage":12.0,"enemies":"Jaw Worm Horde","floor":38.0,"turns":5.0},{"damage":19,"enemies":"Reptomancer","floor":41,"turns":5},{"damage":0,"enemies":"Maw","floor":42,"turns":6},{"damage":0,"enemies":"Spire Growth","floor":47,"turns":3},{"damage":24,"enemies":"Jaw Worm Horde","floor":48,"turns":3},{"damage":27,"enemies":"Time Eater","floor":50,"turns":6}],"seed_played":"2969635019324659114","potions_obtained":[{"floor":1.0,"key":"PowerPotion"},{"floor":4.0,"key":"SkillPotion"},{"floor":16.0,"key":"Ancient Potion"},{"floor":23.0,"key":"AttackPotion"},{"floor":31.0,"key":"DistilledChaos"},{"floor":33.0,"key":"EntropicBrew"},{"floor":37.0,"key":"AttackPotion"},{"floor":41,"key":"Fruit Juice"},{"floor":42,"key":"Dexterity Potion"}],"is_trial":false,"path_per_floor":["M","M","$","M","?","E","M","$","T","R","E","M","$","E","R","B",null,"M","?","M","$","T","E","M","R","T","$","E","$","?","M","R","B",null,"M","?","M","M","$","R","E","M","T","?","$","R","M","M","R","B",null],"character_chosen":"DEFECT","items_purchased":["Loop","Go for the Eyes","Glacier","StrikeDummy","Sling","Leap","Membership Card","Steam","Hologram","Mummified Hand","Capacitor+1","Glacier","TheAbacus","Sundial","Storm+1","Conserve Battery","Chemical X","Blizzard","Calipers","Coolheaded"],"campfire_rested":5,"item_purchase_floors":[3,3,8,8,8,13,21,21,21,27,27,29,39,39,39,39,45,45,45,45],"current_hp_per_floor":[67,67,67,66,59,36,34,34,34,56,52,48,48,38,38,19,61,61,61,61,61,61,34,27,49,49,49,41,41,41,41,63,63,72,70,70,59,47,47,47,33,33,33,33,33,57,57,33,57,30],"gold":36,"neow_bonus":"UPGRADE_CARD","is_daily":false,"chose_seed":false,"campfire_upgraded":2,"win_rate":0.0,"timestamp":1612209260,"path_taken":["M","M","$","?","?","E","M","$","T","R","E","M","$","E","R","BOSS","M","?","M","$","?","E","M","R","T","$","E","$","?","M","R","BOSS","M","?","M","?","$","R","E","M","T","?","$","R","M","M","R","BOSS"],"items_purchased_type":["Card","Card","Card","Relic","Relic","Card","Relic","Card","Card","Relic","Card","Card","Relic","Relic","Card","Card","Relic","Card","Relic","Card"],"build_version":"2020-12-22","purchased_purges":0,"victory":true,"max_hp_per_floor":[75,75,75,75,75,75,75,75,75,75,75,75,75,75,75,75,75,75,75,75,75,75,75,75,75,75,75,75,75,75,75,75,75,75,75,75,75,75,75,75,80,80,80,80,80,80,80,80,80,80],"relic_stats":{"Lizard Tail":0,"TheAbacus":[6],"counters":[24,125],"Mummified Hand":[89],"Sundial":[0],"Blue Candle":[0],"Gambling Chip":[2],"Turnip":[6],"Chemical X":[1],"obtain_stats":[{"Calipers":45,"Blue Candle":41,"Incense Burner":23,"Frozen Egg 2":6,"Sling":8,"White Beast Statue":28,"FrozenCore":17,"Mercury Hourglass":22,"Lizard Tail":11,"TheAbacus":39,"Mummified Hand":27,"Sundial":39,"Gambling Chip":43,"Philosopher\u0027s Stone":34,"WingedGreaves":9,"Turnip":26,"Membership Card":21,"Chemical X":45,"Cracked Core":0,"StrikeDummy":8,"FossilizedHelix":14},{"Calipers":21,"Blue Candle":20,"Incense Burner":12,"Frozen Egg 2":4,"Sling":5,"White Beast Statue":14,"FrozenCore":9,"Mercury Hourglass":11,"Lizard Tail":6,"TheAbacus":19,"Mummified Hand":13,"Sundial":19,"Gambling Chip":21,"Philosopher\u0027s Stone":16,"WingedGreaves":5,"Turnip":13,"Membership Card":11,"Chemical X":21,"Cracked Core":0,"StrikeDummy":5,"FossilizedHelix":8},{"Calipers":113,"Blue Candle":107,"Incense Burner":62,"Frozen Egg 2":13,"Sling":17,"White Beast Statue":72,"FrozenCore":46,"Mercury Hourglass":55,"Lizard Tail":25,"TheAbacus":102,"Mummified Hand":66,"Sundial":102,"Gambling Chip":113,"Philosopher\u0027s Stone":89,"WingedGreaves":17,"Turnip":66,"Membership Card":55,"Chemical X":113,"Cracked Core":0,"StrikeDummy":17,"FossilizedHelix":34}],"FrozenCore":[27],"Mercury Hourglass":[272]},"card_choices":[{"not_picked":["FTL","Leap"],"picked":"Melter","floor":1.0},{"not_picked":["Redo","Steam"],"picked":"Defragment","floor":2.0},{"not_picked":["Hologram","Barrage"],"picked":"Coolheaded","floor":4.0},{"not_picked":["Leap","Steam Power"],"picked":"Seek","floor":6.0},{"not_picked":["Stack","Barrage"],"picked":"Lockon","floor":7.0},{"not_picked":["Conserve Battery","Streamline"],"picked":"Sunder","floor":11.0},{"not_picked":["Go for the Eyes","Turbo"],"picked":"Ball Lightning","floor":12.0},{"not_picked":["Rainbow","FTL"],"picked":"Static Discharge+1","floor":14.0},{"not_picked":["Multi-Cast","Core Surge"],"picked":"Machine Learning+1","floor":16.0},{"not_picked":["Rebound","Redo"],"picked":"Stack","floor":18.0},{"not_picked":["Beam Cell","Gash"],"picked":"Streamline+1","floor":20.0},{"not_picked":["Multi-Cast","Ball Lightning"],"picked":"Beam Cell+1","floor":23.0},{"not_picked":["Hello World+1","Leap"],"picked":"Steam","floor":24.0},{"not_picked":["Hologram+1","Melter"],"picked":"Echo Form+1","floor":28.0},{"not_picked":["Beam Cell","Reprogram"],"picked":"Hologram+1","floor":31.0},{"not_picked":["Reboot","Meteor Strike"],"picked":"Creative AI+1","floor":33.0},{"not_picked":["Hello World+1","Ball Lightning"],"picked":"Turbo","floor":35.0},{"not_picked":["Redo+1","Gash+1"],"picked":"Turbo+1","floor":37.0},{"not_picked":["Ball Lightning","Doom and Gloom+1"],"picked":"Storm+1","floor":38.0},{"not_picked":["Darkness","Tempest"],"picked":"Redo+1","floor":41},{"not_picked":["Genetic Algorithm","Auto Shields+1"],"picked":"Barrage+1","floor":42},{"not_picked":["Sunder","Ball Lightning"],"picked":"Coolheaded+1","floor":47},{"not_picked":["Static Discharge+1","Beam Cell+1"],"picked":"Aggregate+1","floor":48}],"player_experience":515703,"relics_obtained":[{"floor":6.0,"key":"Frozen Egg 2"},{"floor":9.0,"key":"WingedGreaves"},{"floor":11.0,"key":"Lizard Tail"},{"floor":14.0,"key":"FossilizedHelix"},{"floor":22.0,"key":"Mercury Hourglass"},{"floor":23.0,"key":"Incense Burner"},{"floor":26.0,"key":"Turnip"},{"floor":28.0,"key":"White Beast Statue"},{"floor":41,"key":"Blue Candle"},{"floor":43,"key":"Gambling Chip"}],"event_choices":[{"cards_removed":["Strike_B"],"damage_healed":0.0,"max_hp_gain":0.0,"max_hp_loss":0.0,"gold_gain":0.0,"event_name":"Golden Wing","player_choice":"Card Removal","floor":5.0,"gold_loss":0.0,"damage_taken":7.0},{"damage_healed":0.0,"max_hp_gain":0.0,"max_hp_loss":0.0,"gold_gain":0.0,"event_name":"Upgrade Shrine","player_choice":"Upgraded","floor":19.0,"gold_loss":0.0,"damage_taken":0.0,"cards_upgraded":["Sunder"]},{"damage_healed":0.0,"max_hp_gain":0.0,"max_hp_loss":0.0,"gold_gain":0.0,"event_name":"Upgrade Shrine","player_choice":"Upgraded","floor":30.0,"gold_loss":0.0,"damage_taken":0.0,"cards_upgraded":["Defragment"]},{"damage_healed":0.0,"max_hp_gain":0.0,"max_hp_loss":0.0,"gold_gain":0.0,"cards_transformed":["Strike_B"],"event_name":"Transmorgrifier","player_choice":"Transformed","floor":36.0,"gold_loss":0.0,"damage_taken":0.0,"cards_obtained":["Scrape"]},{"cards_removed":["Defend_B"],"damage_healed":0,"gold_gain":0,"player_choice":"Removed Skill","damage_taken":0,"max_hp_gain":0,"max_hp_loss":0,"event_name":"Falling","floor":44,"gold_loss":0}],"is_beta":false,"boss_relics":[{"not_picked":["SlaversCollar","Nuclear Battery"],"picked":"FrozenCore"},{"not_picked":["Empty Cage","Calling Bell"],"picked":"Philosopher\u0027s Stone"}],"items_purged_floors":[],"is_endless":false,"potions_floor_spawned":[1,4,16,23,31,33,35,37,38,41,42,47,48],"ascension_level":10}}