{"host":"xltl1aroowo69o4n","time":1612155331,"event":{"mods":["BaseMod","Colored Map","Colored Powertips","Minty Spire (QoL Compilation)","StSLib"],"gold_per_floor":[218,5,19,30,30,30,30,66,92,113,128,128,152,177,177,307,307,327,327,9,23,43,43,86,86,136,157,176,176,176,176],"floor_reached":30,"language":"ENG","playtime":1472,"items_purged":[],"score":304,"play_id":"c7470e75-a8fc-4670-89cf-b591595379e4","local_time":"20210131235531","is_ascension_mode":false,"campfire_choices":[{"data":"Zap","floor":7,"key":"SMITH"},{"floor":15,"key":"REST"},{"floor":23,"key":"REST"},{"floor":25,"key":"REST"}],"circlet_count":0,"master_deck":["Strike_B","Strike_B","Strike_B","Strike_B","Defend_B","Defend_B+1","Defend_B+1","Defend_B+1","Zap+1","Dualcast+1","Cold Snap","Storm","Conserve Battery","Capacitor","Conserve Battery","Static Discharge","Streamline","FTL","Aggregate","Creative AI","Gash","Aggregate","Streamline","Sunder","Chill+1","Lockon+1","Compile Driver","Double Energy"],"relics":["Cracked Core","Lee\u0027s Waffle","Golden Idol","Bronze Scales","Nunchaku","Inserter","TungstenRod","Regal Pillow","War Paint"],"acts_visited":["Exordium","TheCity"],"potions_floor_usage":[16,16,21,22,22,24,24,24],"damage_taken":[{"damage":0,"enemies":"Small Slimes","floor":1,"turns":3},{"damage":0,"enemies":"2 Louse","floor":3,"turns":3},{"damage":4,"enemies":"Cultist","floor":4,"turns":4},{"damage":20,"enemies":"3 Sentries","floor":8,"turns":9},{"damage":4,"enemies":"Exordium Wildlife","floor":10,"turns":4},{"damage":0,"enemies":"Large Slime","floor":11,"turns":6},{"damage":4,"enemies":"Red Slaver","floor":13,"turns":4},{"damage":4,"enemies":"Lots of Slimes","floor":14,"turns":3},{"damage":0,"enemies":"Hexaghost","floor":16,"turns":9},{"damage":40,"enemies":"3 Byrds","floor":18,"turns":4},{"damage":9,"enemies":"Shell Parasite","floor":21,"turns":7},{"damage":18,"enemies":"Sentry and Sphere","floor":22,"turns":6},{"damage":17,"enemies":"Book of Stabbing","floor":24,"turns":5},{"damage":26,"enemies":"Centurion and Healer","floor":27,"turns":8},{"damage":15,"enemies":"Chosen and Byrds","floor":28,"turns":5},{"damage":21,"enemies":"Shelled Parasite and Fungi","floor":30,"turns":4}],"seed_played":"-8339152526095422537","potions_obtained":[{"floor":1,"key":"EssenceOfSteel"},{"floor":4,"key":"SmokeBomb"},{"floor":10,"key":"SneckoOil"},{"floor":11,"key":"Block Potion"},{"floor":14,"key":"LiquidMemories"},{"floor":18,"key":"EntropicBrew"},{"floor":22,"key":"ColorlessPotion"},{"floor":24,"key":"Energy Potion"}],"is_trial":false,"path_per_floor":["M","$","M","M","?","?","R","E","T","M","M","?","M","M","R","B",null,"M","?","$","M","M","R","E","R","T","M","M","?","M"],"character_chosen":"DEFECT","items_purchased":["Storm","Lee\u0027s Waffle","TungstenRod","Streamline"],"campfire_rested":3,"item_purchase_floors":[2,2,20,20],"current_hp_per_floor":[75,82,82,78,62,62,62,42,42,38,38,31,27,23,47,47,82,42,42,42,33,15,39,22,61,61,35,20,20,0,0],"gold":176,"neow_bonus":"HUNDRED_GOLD","is_daily":false,"chose_seed":false,"campfire_upgraded":1,"win_rate":0.0,"timestamp":1612155331,"path_taken":["M","$","M","M","?","?","R","E","T","M","M","?","M","M","R","BOSS","M","?","$","M","?","R","E","R","T","M","M","?","M"],"items_purchased_type":["Card","Relic","Relic","Card"],"build_version":"2020-12-13","purchased_purges":0,"victory":false,"max_hp_per_floor":[75,82,82,82,82,82,82,82,82,82,82,82,82,82,82,82,82,82,82,82,82,82,82,82,82,82,82,82,82,82,82],"card_choices":[{"not_picked":["Lockon","Reprogram"],"picked":"Cold Snap","floor":1},{"not_picked":["Leap","Stack"],"picked":"Conserve Battery","floor":3},{"not_picked":["Conserve Battery","Steam"],"picked":"Capacitor","floor":4},{"not_picked":["Skim","Sweeping Beam"],"picked":"Conserve Battery","floor":8},{"not_picked":["Coolheaded","Compile Driver"],"picked":"Static Discharge","floor":10},{"not_picked":["Chill","Steam"],"picked":"Streamline","floor":11},{"not_picked":["Fission","Conserve Battery"],"picked":"FTL","floor":13},{"not_picked":["Rip and Tear","Streamline"],"picked":"Aggregate","floor":14},{"not_picked":["Biased Cognition","Seek"],"picked":"Creative AI","floor":16},{"not_picked":["Static Discharge","Cold Snap"],"picked":"Gash","floor":18},{"not_picked":["Turbo","Fusion"],"picked":"Sunder","floor":21},{"not_picked":["Redo","Lockon"],"picked":"Chill+1","floor":22},{"not_picked":["Cold Snap","Consume"],"picked":"Lockon+1","floor":24},{"not_picked":["Streamline","Tempest"],"picked":"Compile Driver","floor":27},{"not_picked":["Turbo","Ball Lightning"],"picked":"Double Energy","floor":28}],"player_experience":58347,"relics_obtained":[{"floor":8,"key":"Bronze Scales"},{"floor":9,"key":"Nunchaku"},{"floor":24,"key":"Regal Pillow"},{"floor":26,"key":"War Paint"}],"event_choices":[{"damage_healed":0,"gold_gain":0,"player_choice":"Entered Light","damage_taken":16,"max_hp_gain":0,"max_hp_loss":0,"event_name":"Shining Light","floor":5,"gold_loss":0,"cards_upgraded":["Defend_B","Defend_B"]},{"damage_healed":0,"gold_gain":0,"player_choice":"Take Wound","damage_taken":0,"relics_obtained":["Golden Idol"],"max_hp_gain":0,"max_hp_loss":0,"event_name":"Golden Idol","floor":6,"gold_loss":0,"cards_obtained":["Injury"]},{"cards_removed":["Injury"],"damage_healed":0,"gold_gain":0,"player_choice":"Card Removal","damage_taken":7,"max_hp_gain":0,"max_hp_loss":0,"event_name":"Golden Wing","floor":12,"gold_loss":0},{"damage_healed":0,"gold_gain":0,"player_choice":"Copied","damage_taken":0,"max_hp_gain":0,"max_hp_loss":0,"event_name":"Duplicator","floor":19,"gold_loss":0,"cards_obtained":["Aggregate"]},{"damage_healed":0,"gold_gain":0,"player_choice":"Ignored","damage_taken":0,"max_hp_gain":0,"max_hp_loss":0,"event_name":"Vampires","floor":29,"gold_loss":0}],"is_beta":false,"boss_relics":[{"not_picked":["Cursed Key","Empty Cage"],"picked":"Inserter"}],"items_purged_floors":[],"is_endless":false,"potions_floor_spawned":[1,4,10,11,14,18,22,24],"killed_by":"Shelled Parasite and Fungi","ascension_level":0}}