{"host":"vex7walpoxzv48nx","time":1612204897,"event":{"mods":["AchievementEnabler","BaseMod","Bestiary","Minty Spire (QoL Compilation)","Permanent Neow","Quick Restart","Relic Stats","UnlockEverythingMod"],"gold_per_floor":[116,41,41,61,77,77,27,67,76,76,76,1,40,83,83,179,179,179,179],"floor_reached":18,"language":"ENG","playtime":1048,"items_purged":["Strike_P"],"score":452,"play_id":"8d533aaf-6b09-4508-bbde-d2f0c6561d92","local_time":"20210201194137","daily_mods":["Cursed Run","Flight","Elite Swarm"],"is_ascension_mode":true,"campfire_choices":[{"data":"ReachHeaven","floor":6.0,"key":"SMITH"},{"floor":10.0,"key":"DIG"},{"floor":11.0,"key":"DIG"},{"data":"Sanctity","floor":15,"key":"SMITH"}],"circlet_count":0,"master_deck":["AscendersBane","Strike_P","Strike_P","Strike_P","Defend_P","Defend_P","Defend_P","Eruption","Vigilance","ReachHeaven+1","Sanctity+1","FlurryOfBlows","SpiritShield","Writhe","Brilliance","Omniscience","Normality","Wish"],"relics":["Cursed Key","Darkstone Periapt","Du-Vu Doll","Dead Branch","CeramicFish","Letter Opener","Shovel","MealTicket","Pen Nib","Question Card","Orichalcum","Busted Crown"],"acts_visited":["Exordium","TheCity"],"potions_floor_usage":[16,18],"damage_taken":[{"damage":0.0,"enemies":"2 Louse","floor":1.0,"turns":3.0},{"damage":4.0,"enemies":"Jaw Worm","floor":4.0,"turns":2.0},{"damage":1.0,"enemies":"Small Slimes","floor":5.0,"turns":2.0},{"damage":16.0,"enemies":"Gremlin Nob","floor":8.0,"turns":3.0},{"damage":0,"enemies":"Lagavulin","floor":13,"turns":2},{"damage":0,"enemies":"3 Sentries","floor":14,"turns":2},{"damage":21,"enemies":"Hexaghost","floor":16,"turns":6},{"damage":0,"enemies":"3 Byrds","floor":18,"turns":1}],"seed_played":"-827069085633911008","potions_obtained":[{"floor":1.0,"key":"Explosive Potion"},{"floor":13,"key":"Strength Potion"},{"floor":14,"key":"SneckoOil"},{"floor":16,"key":"SmokeBomb"}],"is_trial":true,"path_per_floor":["M","?","?","M","M","R","?","E","T","R","R","$","E","E","R","B",null,"M"],"character_chosen":"WATCHER","items_purchased":[],"campfire_rested":0,"item_purchase_floors":[],"current_hp_per_floor":[61,61,56,52,51,51,51,35,41,41,41,56,56,56,56,41,70,70,70],"gold":179,"neow_bonus":"","is_daily":false,"chose_seed":false,"campfire_upgraded":2,"win_rate":0.0,"timestamp":1612204897,"path_taken":["M","?","?","M","?","R","?","E","T","R","R","$","E","E","R","BOSS","M"],"items_purchased_type":[],"build_version":"2020-12-22","purchased_purges":1,"victory":false,"max_hp_per_floor":[68,68,68,68,68,68,68,68,74,74,74,74,74,74,74,80,80,80,80],"relic_stats":{"Darkstone Periapt":12,"counters":[8,21],"Dead Branch":[6],"CeramicFish":54,"Pen Nib":[2],"Letter Opener":[0],"Orichalcum":[0],"Cursed Key":1,"Question Card":2,"Shovel":2,"Busted Crown":0,"MealTicket":15,"obtain_stats":[{"Darkstone Periapt":0,"Du-Vu Doll":0,"Shovel":9,"Busted Crown":17,"Dead Branch":3,"CeramicFish":7,"MealTicket":10,"Pen Nib":11,"Letter Opener":8,"Orichalcum":14,"Cursed Key":0,"Question Card":13},{"Darkstone Periapt":0,"Du-Vu Doll":0,"Shovel":4,"Busted Crown":7,"Dead Branch":1,"CeramicFish":3,"MealTicket":4,"Pen Nib":4,"Letter Opener":4,"Orichalcum":6,"Cursed Key":0,"Question Card":5},{"Darkstone Periapt":0,"Du-Vu Doll":0,"Shovel":10,"Busted Crown":20,"Dead Branch":3,"CeramicFish":7,"MealTicket":10,"Pen Nib":10,"Letter Opener":10,"Orichalcum":14,"Cursed Key":0,"Question Card":12}]},"card_choices":[{"not_picked":["BowlingBash","FlyingSleeves"],"picked":"ReachHeaven","floor":1.0},{"not_picked":["Weave","EmptyBody"],"picked":"Sanctity","floor":4.0},{"not_picked":["Wireheading","Nirvana"],"picked":"FlurryOfBlows","floor":5.0},{"not_picked":["ConjureBlade","Alpha"],"picked":"SpiritShield","floor":8.0},{"not_picked":["Devotion","Establishment"],"picked":"Brilliance","floor":13},{"not_picked":["Vault","Brilliance","LessonLearned"],"picked":"Omniscience","floor":14},{"not_picked":["MasterReality","ConjureBlade","Devotion"],"picked":"Wish","floor":16}],"player_experience":255055,"relics_obtained":[{"floor":8.0,"key":"Letter Opener"},{"floor":9.0,"key":"Shovel"},{"floor":10.0,"key":"MealTicket"},{"floor":11.0,"key":"Pen Nib"},{"floor":13,"key":"Question Card"},{"floor":14,"key":"Orichalcum"}],"event_choices":[{"cards_removed":["Defend_P"],"damage_healed":0.0,"max_hp_gain":0.0,"max_hp_loss":0.0,"gold_gain":0.0,"event_name":"The Cleric","player_choice":"Card Removal","floor":2.0,"gold_loss":75.0,"damage_taken":0.0},{"damage_healed":0.0,"max_hp_gain":0.0,"max_hp_loss":0.0,"gold_gain":0.0,"event_name":"Scrap Ooze","player_choice":"Success","floor":3.0,"gold_loss":0.0,"damage_taken":5.0,"relics_obtained":["Dead Branch"]},{"damage_healed":0.0,"max_hp_gain":0.0,"max_hp_loss":0.0,"gold_gain":0.0,"event_name":"WeMeetAgain","player_choice":"Paid Gold","floor":7.0,"gold_loss":50.0,"damage_taken":0.0,"relics_obtained":["CeramicFish"]}],"is_beta":false,"boss_relics":[{"not_picked":["Coffee Dripper","Runic Pyramid"],"picked":"Busted Crown"}],"items_purged_floors":[12],"is_endless":false,"potions_floor_spawned":[1,13,14,16],"killed_by":"3 Byrds","ascension_level":20}}