{"host":"61y0z9o9vf3ujftj","time":1612170241,"event":{"mods":["BaseMod","Colored Map","Colored Powertips","GifTheSpireLib","HexUI Lib","Highlight Path","Minty Spire (QoL Compilation)","Relic Stats","StSLib","ojb\u0027s Info Mod"],"gold_per_floor":[114,126,146,162,162,162,188,188,214,242,259,277,290,319,319,416,416,428,428,428,428,26,57,57,88,111,145,145,156,175,190,190,286,286,300,300,300,300,314,345,197,225,225,243,269,269,23,38,38,38],"floor_reached":51,"language":"ENG","playtime":4073,"items_purged":["Strike_B+1","Strike_B+1"],"score":1341,"play_id":"bc00fd3f-ff28-461a-bd71-8e326e4cc4bd","local_time":"20210201030401","is_ascension_mode":true,"campfire_choices":[{"data":"Zap","floor":6.0,"key":"SMITH"},{"data":"Dualcast","floor":8.0,"key":"SMITH"},{"data":"Scrape","floor":15.0,"key":"SMITH"},{"data":"Biased Cognition","floor":24.0,"key":"SMITH"},{"data":"Defragment","floor":28.0,"key":"SMITH"},{"data":"Amplify","floor":32.0,"key":"SMITH"},{"floor":46.0,"key":"RECALL"}],"circlet_count":0,"master_deck":["AscendersBane","Strike_B+1","Strike_B+1","Defend_B+1","Defend_B+1","Defend_B+1","Defend_B+1","Zap+1","Dualcast+1","All For One","BootSequence","Scrape+1","Go for the Eyes","Rebound","Impatience","Undo","Turbo","Go for the Eyes","Machine Learning","Biased Cognition+1","Cold Snap+1","Undo","BootSequence","Amplify+1","Defragment+1","Coolheaded","Ball Lightning","Biased Cognition+1","Deep Breath","White Noise+1","Redo+1","Tempest","White Noise+1","Coolheaded+1"],"relics":["Cracked Core","DataDisk","Happy Flower","Anchor","Juzu Bracelet","Coffee Dripper","Oddly Smooth Stone","Cables","Regal Pillow","Ornamental Fan","Strawberry","Matryoshka","Fusion Hammer","Bag of Preparation","White Beast Statue","Letter Opener","Dead Branch","Omamori","ClockworkSouvenir"],"acts_visited":["Exordium","TheCity","TheBeyond"],"potions_floor_usage":[50,50],"damage_taken":[{"damage":0.0,"enemies":"2 Louse","floor":1.0,"turns":2.0},{"damage":1.0,"enemies":"Cultist","floor":2.0,"turns":3.0},{"damage":2.0,"enemies":"Jaw Worm","floor":3.0,"turns":3.0},{"damage":0.0,"enemies":"3 Louse","floor":4.0,"turns":4.0},{"damage":10.0,"enemies":"Lagavulin","floor":7.0,"turns":6.0},{"damage":21.0,"enemies":"Gremlin Nob","floor":10.0,"turns":4.0},{"damage":0.0,"enemies":"Large Slime","floor":11.0,"turns":4.0},{"damage":1.0,"enemies":"Lots of Slimes","floor":12.0,"turns":4.0},{"damage":0.0,"enemies":"3 Louse","floor":13.0,"turns":4.0},{"damage":0.0,"enemies":"Lagavulin","floor":14.0,"turns":4.0},{"damage":31.0,"enemies":"The Guardian","floor":16.0,"turns":15.0},{"damage":0.0,"enemies":"2 Thieves","floor":18.0,"turns":3.0},{"damage":7.0,"enemies":"Gremlin Leader","floor":23.0,"turns":6.0},{"damage":14.0,"enemies":"Book of Stabbing","floor":25.0,"turns":7.0},{"damage":5.0,"enemies":"Slavers","floor":27.0,"turns":6.0},{"damage":0.0,"enemies":"Chosen","floor":29.0,"turns":4.0},{"damage":0.0,"enemies":"Centurion and Healer","floor":30.0,"turns":5.0},{"damage":0.0,"enemies":"Snake Plant","floor":31.0,"turns":5.0},{"damage":11.0,"enemies":"Collector","floor":33.0,"turns":11.0},{"damage":0.0,"enemies":"3 Shapes","floor":35.0,"turns":6.0},{"damage":0.0,"enemies":"3 Darklings","floor":39.0,"turns":6.0},{"damage":0.0,"enemies":"Nemesis","floor":40.0,"turns":9.0},{"damage":0.0,"enemies":"Giant Head","floor":42.0,"turns":7.0},{"damage":0.0,"enemies":"4 Shapes","floor":44.0,"turns":3.0},{"damage":0.0,"enemies":"Reptomancer","floor":45.0,"turns":4.0},{"damage":0,"enemies":"Sphere and 2 Shapes","floor":48,"turns":3},{"damage":18,"enemies":"Time Eater","floor":50,"turns":9}],"seed_played":"-6637440430772506920","potions_obtained":[{"floor":2.0,"key":"Explosive Potion"},{"floor":3.0,"key":"Block Potion"},{"floor":14.0,"key":"Regen Potion"},{"floor":16.0,"key":"AttackPotion"},{"floor":27.0,"key":"Weak Potion"},{"floor":39.0,"key":"LiquidMemories"},{"floor":40.0,"key":"SkillPotion"},{"floor":42.0,"key":"Fruit Juice"},{"floor":44.0,"key":"Dexterity Potion"},{"floor":45.0,"key":"LiquidBronze"}],"is_trial":false,"path_per_floor":["M","M","M","M","?","R","E","R","T","E","M","M","M","E","R","B",null,"M","?","?","?","$","E","R","E","T","E","R","M","M","M","R","B",null,"M","?","?","?","M","E","$","E","T","M","E","R","$","M","R","B",null],"character_chosen":"DEFECT","items_purchased":["Oddly Smooth Stone","Cables","Tempest","ClockworkSouvenir"],"campfire_rested":0,"item_purchase_floors":[22,22,41,47],"current_hp_per_floor":[68,67,65,65,65,65,55,55,55,34,34,33,33,33,33,14,55,55,55,55,55,55,48,48,34,41,36,36,36,36,36,36,25,63,63,63,63,63,63,63,63,63,68,68,68,68,68,68,68,50],"gold":38,"neow_bonus":"THREE_RARE_CARDS","is_daily":false,"chose_seed":false,"campfire_upgraded":6,"win_rate":0.0,"timestamp":1612170241,"path_taken":["M","M","M","M","?","R","E","R","T","E","M","M","M","E","R","BOSS","M","?","?","?","$","E","R","E","T","E","R","M","M","M","R","BOSS","M","?","?","?","M","E","$","E","T","M","E","R","$","M","R","BOSS"],"items_purchased_type":["Relic","Relic","Card","Relic"],"build_version":"2020-12-22","purchased_purges":2,"victory":true,"max_hp_per_floor":[68,68,68,68,68,68,68,68,68,68,68,68,68,68,68,68,68,68,68,68,68,68,68,68,68,75,75,75,75,75,75,75,75,75,75,71,71,71,71,71,71,71,76,76,76,76,76,76,76,76],"relic_stats":{"Regal Pillow":0,"Happy Flower":[43],"counters":[27,147],"Ornamental Fan":[132],"Dead Branch":[15],"Juzu Bracelet":2,"Bag of Preparation":[10],"Letter Opener":[90],"obtain_stats":[{"Regal Pillow":23,"Happy Flower":9,"Dead Branch":43,"Oddly Smooth Stone":22,"Juzu Bracelet":14,"Bag of Preparation":40,"Omamori":45,"Letter Opener":43,"White Beast Statue":42,"Cables":22,"ClockworkSouvenir":47,"DataDisk":7,"Anchor":10,"Matryoshka":27,"Ornamental Fan":25,"Strawberry":26,"Fusion Hammer":34,"Coffee Dripper":17,"Cracked Core":0},{"Regal Pillow":13,"Happy Flower":5,"Dead Branch":23,"Oddly Smooth Stone":12,"Juzu Bracelet":10,"Bag of Preparation":22,"Omamori":25,"Letter Opener":23,"White Beast Statue":23,"Cables":12,"ClockworkSouvenir":25,"DataDisk":5,"Anchor":6,"Matryoshka":15,"Ornamental Fan":14,"Strawberry":14,"Fusion Hammer":19,"Coffee Dripper":11,"Cracked Core":0},{"Regal Pillow":62,"Happy Flower":18,"Dead Branch":128,"Oddly Smooth Stone":56,"Juzu Bracelet":38,"Bag of Preparation":121,"Omamori":135,"Letter Opener":128,"White Beast Statue":128,"Cables":56,"ClockworkSouvenir":135,"DataDisk":18,"Anchor":22,"Matryoshka":75,"Ornamental Fan":69,"Strawberry":69,"Fusion Hammer":100,"Coffee Dripper":53,"Cracked Core":0}],"Cables":[83,46,37,0,0]},"card_choices":[{"not_picked":["Thunder Strike","Amplify"],"picked":"All For One","floor":0.0},{"not_picked":["Cold Snap","Redo"],"picked":"BootSequence","floor":1.0},{"not_picked":["Steam","Consume"],"picked":"Scrape","floor":2.0},{"not_picked":["Ball Lightning","Rebound"],"picked":"Go for the Eyes","floor":3.0},{"not_picked":["Hello World","Conserve Battery"],"picked":"Rebound","floor":4.0},{"not_picked":["Double Energy","Rip and Tear"],"picked":"Undo","floor":7.0},{"not_picked":["Undo","Cold Snap"],"picked":"Turbo","floor":10.0},{"not_picked":["Reprogram","Steam"],"picked":"Go for the Eyes","floor":11.0},{"not_picked":["Turbo","Thunder Strike","Undo"],"picked":"SKIP","floor":12.0},{"not_picked":["Loop","Darkness","Chaos"],"picked":"SKIP","floor":13.0},{"not_picked":["Darkness","Streamline"],"picked":"Machine Learning","floor":14.0},{"not_picked":["All For One","Fission"],"picked":"Biased Cognition","floor":16.0},{"not_picked":["Redo","Steam"],"picked":"Cold Snap+1","floor":18.0},{"not_picked":["Gash","Rebound"],"picked":"BootSequence","floor":23.0},{"not_picked":["Cold Snap","Hologram"],"picked":"Amplify","floor":25.0},{"not_picked":["Stack","Melter"],"picked":"Defragment","floor":27.0},{"not_picked":["Leap+1","Streamline","Static Discharge"],"picked":"SKIP","floor":29.0},{"not_picked":["Heatsinks","Recycle+1","Rebound"],"picked":"SKIP","floor":30.0},{"not_picked":["Reinforced Body","Redo"],"picked":"Coolheaded","floor":31.0},{"not_picked":["Compile Driver","Gash+1"],"picked":"Ball Lightning","floor":35.0},{"not_picked":["The Bomb","Discovery"],"picked":"Deep Breath","floor":38.0},{"not_picked":["Blizzard+1","Gash"],"picked":"White Noise+1","floor":39.0},{"not_picked":["Beam Cell+1","Melter+1"],"picked":"Redo+1","floor":40.0},{"not_picked":["Compile Driver+1","Hologram+1","Leap"],"picked":"SKIP","floor":42.0},{"not_picked":["Self Repair","Stack+1"],"picked":"White Noise+1","floor":44.0},{"not_picked":["Rebound+1","Rip and Tear","Consume+1"],"picked":"SKIP","floor":45.0},{"not_picked":["Genetic Algorithm","Beam Cell"],"picked":"Coolheaded+1","floor":48}],"player_experience":468928,"relics_obtained":[{"floor":7.0,"key":"DataDisk"},{"floor":9.0,"key":"Happy Flower"},{"floor":10.0,"key":"Anchor"},{"floor":14.0,"key":"Juzu Bracelet"},{"floor":23.0,"key":"Regal Pillow"},{"floor":25.0,"key":"Ornamental Fan"},{"floor":26.0,"key":"Strawberry"},{"floor":27.0,"key":"Matryoshka"},{"floor":40.0,"key":"Bag of Preparation"},{"floor":42.0,"key":"White Beast Statue"},{"floor":43.0,"key":"Letter Opener"},{"floor":43.0,"key":"Dead Branch"},{"floor":45.0,"key":"Omamori"}],"event_choices":[{"damage_healed":0.0,"max_hp_gain":0.0,"max_hp_loss":0.0,"gold_gain":0.0,"event_name":"Match and Keep!","player_choice":"1 cards matched","floor":5.0,"gold_loss":0.0,"damage_taken":0.0,"cards_obtained":["Impatience"]},{"damage_healed":0.0,"max_hp_gain":0.0,"max_hp_loss":0.0,"gold_gain":0.0,"event_name":"The Library","player_choice":"Read","floor":19.0,"gold_loss":0.0,"damage_taken":0.0,"cards_obtained":["Undo"]},{"damage_healed":0.0,"max_hp_gain":0.0,"max_hp_loss":0.0,"gold_gain":0.0,"event_name":"Back to Basics","player_choice":"Simplicity","floor":20.0,"gold_loss":0.0,"damage_taken":0.0,"cards_upgraded":["Strike_B","Strike_B","Strike_B","Strike_B","Defend_B","Defend_B","Defend_B","Defend_B"]},{"damage_healed":0.0,"max_hp_gain":0.0,"max_hp_loss":0.0,"gold_gain":0.0,"event_name":"Vampires","player_choice":"Ignored","floor":21.0,"gold_loss":0.0,"damage_taken":0.0},{"damage_healed":0.0,"max_hp_gain":0.0,"max_hp_loss":4.0,"gold_gain":0.0,"event_name":"Winding Halls","player_choice":"Max HP","floor":36.0,"gold_loss":0.0,"damage_taken":0.0},{"damage_healed":0.0,"max_hp_gain":0.0,"max_hp_loss":0.0,"gold_gain":0.0,"event_name":"Duplicator","player_choice":"Copied","floor":37.0,"gold_loss":0.0,"damage_taken":0.0,"cards_obtained":["Biased Cognition"]},{"damage_healed":0.0,"max_hp_gain":0.0,"max_hp_loss":0.0,"gold_gain":0.0,"event_name":"SensoryStone","player_choice":"Memory 1","floor":38.0,"gold_loss":0.0,"damage_taken":0.0}],"is_beta":false,"boss_relics":[{"not_picked":["Sozu","Ectoplasm"],"picked":"Coffee Dripper"},{"not_picked":["Cursed Key","Snecko Eye"],"picked":"Fusion Hammer"}],"items_purged_floors":[41,47],"is_endless":false,"potions_floor_spawned":[2,3,10,14,16,27,29,39,40,42,44,45,48],"ascension_level":11}}