{"host":"zw3x6hwkln2702ol","time":1612148868,"event":{"mods":["AchievementEnabler","BaseMod","Card Forge","Colored Map","Default Mod","Minty Spire (QoL Compilation)","StSLib","TestMod"],"gold_per_floor":[149,149,549,624,624,786,843,843,843,959,1015,1015,1160,1160,1160,1517,1517,1551,1676,1676,781,781,781,980,980,1048,1155,1329,325,540,697,697,1229,1229,1354,1686,1897,242,353,622,258,611,611,817,1368,1368,1368,1693,1693,2174,2174,2174,2,340,1140],"floor_reached":56,"language":"ZHS","playtime":1922,"items_purged":["Strike_G"],"score":3138,"play_id":"2900e9a2-71be-4323-a48d-cb2a937afa64","local_time":"20210201110748","is_ascension_mode":true,"campfire_choices":[{"floor":8,"key":"RECALL"},{"data":"Neutralize","floor":12,"key":"SMITH"},{"data":"Predator","floor":15,"key":"SMITH"},{"data":"testmod-EternalityOfKhronos","floor":23,"key":"SMITH"},{"data":"Survivor","floor":32,"key":"SMITH"},{"data":"Defend_G","floor":47,"key":"SMITH"},{"floor":49,"key":"REST"},{"floor":52,"key":"REST"}],"circlet_count":0,"master_deck":["AscendersBane","Strike_G+1","Strike_G","Defend_G+1","Defend_G+1","Defend_G+1","Survivor+1","Neutralize+1","After Image","Predator+1","Die Die Die+1","testmod-EternalityOfKhronos+1","Acrobatics+1","Backflip+1","Tactician+1","Terror+1","testmod-PainDetonator+1","Panacea+1","Parasite","Shame","Pain","Dagger Spray+1"],"relics":["Ring of the Snake","Hammer of Thor","Seething Fire","Anvil of the Gods","zzy:PlaceholderRelic","testmod-Déjàvu","Centennial Puzzle","Gambling Chip","Bird Faced Urn","testmod-DragonStarHat","Golden Idol","testmod-IncinerationGenerator","Boot","Kunai","testmod-Register","testmod-InjuryResistance","The Courier","Akabeko","TungstenRod","Art of War","Whetstone","Bag of Preparation","testmod-FatalChain","WristBlade","PreservedInsect","Matryoshka","Happy Flower","Torii","testmod-OneHitWonder","Toxic Egg 2","Calipers","testmod-LifeArmor","Orichalcum","Snake Skull","testmod-Fortitude","TheAbacus","Juzu Bracelet","Bag of Marbles","Molten Egg 2","Paper Crane","War Paint","Oddly Smooth Stone","testmod-Antiphasic","testmod-Muramasa","Ornamental Fan","Pen Nib","testmod-Laevatain","testmod-Hope","OrangePellets","Nunchaku","testmod-IndustrialRevolution","Lantern","testmod-TurbochargingSystem","Bottled Flame"],"acts_visited":["Exordium","TheCity","TheBeyond","TheEnding"],"potions_floor_usage":[],"damage_taken":[{"damage":0,"enemies":"2 Louse","floor":1,"turns":2},{"damage":0,"enemies":"3 Sentries","floor":6,"turns":3},{"damage":0,"enemies":"Small Slimes","floor":7,"turns":2},{"damage":0,"enemies":"Gremlin Nob","floor":10,"turns":3},{"damage":0,"enemies":"Jaw Worm","floor":11,"turns":2},{"damage":4,"enemies":"Lagavulin","floor":13,"turns":4},{"damage":1,"enemies":"Hexaghost","floor":16,"turns":4},{"damage":0,"enemies":"Spheric Guardian","floor":18,"turns":2},{"damage":0,"enemies":"Chosen","floor":19,"turns":2},{"damage":0,"enemies":"Slavers","floor":24,"turns":5},{"damage":0,"enemies":"Snake Plant","floor":27,"turns":2},{"damage":0,"enemies":"3 Cultists","floor":28,"turns":2},{"damage":0,"enemies":"Gremlin Leader","floor":30,"turns":1},{"damage":0,"enemies":"Centurion and Healer","floor":31,"turns":2},{"damage":0,"enemies":"Automaton","floor":33,"turns":6},{"damage":0,"enemies":"Orb Walker","floor":35,"turns":2},{"damage":0,"enemies":"3 Darklings","floor":36,"turns":1},{"damage":0,"enemies":"Spire Growth","floor":37,"turns":2},{"damage":0,"enemies":"Sphere and 2 Shapes","floor":39,"turns":1},{"damage":0,"enemies":"Reptomancer","floor":40,"turns":1},{"damage":0,"enemies":"3 Darklings","floor":42,"turns":1},{"damage":0,"enemies":"Writhing Mass","floor":44,"turns":3},{"damage":0,"enemies":"Giant Head","floor":45,"turns":3},{"damage":0,"enemies":"Maw","floor":48,"turns":4},{"damage":0,"enemies":"Time Eater","floor":50,"turns":7},{"damage":0,"enemies":"Shield and Spear","floor":54,"turns":1},{"damage":0,"enemies":"The Heart","floor":55,"turns":5}],"seed_played":"6109353268904574509","potions_obtained":[{"floor":6,"key":"Energy Potion"},{"floor":10,"key":"testmod-TimePotion"}],"is_trial":false,"path_per_floor":["M","?","?","?","?","E","M","R","T","E","M","R","E","?","R","B",null,"M","M","?","$","?","R","E","?","T","M","M","$","E","M","R","B",null,"M","M","M","$","M","E","$","M","T","M","E","?","R","M","R","B",null,"R","$","E","B",null],"character_chosen":"THE_SILENT","items_purchased":["Boot","testmod-EternalityOfKhronos","Kunai","testmod-Register","Akabeko","TungstenRod","Art of War","Whetstone","Bag of Preparation","testmod-FatalChain","PreservedInsect","Matryoshka","Happy Flower","Torii","testmod-OneHitWonder","Toxic Egg 2","Calipers","testmod-LifeArmor","Orichalcum","Snake Skull","TheAbacus","Juzu Bracelet","Bag of Marbles","Oddly Smooth Stone","Backflip+1","Tactician+1","Terror+1","testmod-PainDetonator+1","Panacea+1","testmod-Antiphasic","testmod-Muramasa","Ornamental Fan","Pen Nib","testmod-Laevatain","testmod-Hope","OrangePellets","Nunchaku","testmod-IndustrialRevolution","Lantern","testmod-TurbochargingSystem"],"campfire_rested":2,"item_purchase_floors":[21,21,21,21,29,29,29,29,29,29,38,38,38,38,38,38,38,38,38,38,41,41,41,53,53,53,53,53,53,53,53,53,53,53,53,53,53,53,53,53],"current_hp_per_floor":[52,52,52,47,45,45,45,45,45,45,45,45,46,35,35,35,63,63,63,63,63,63,63,65,63,63,63,63,63,63,63,63,65,71,71,71,71,71,71,71,71,71,71,71,71,71,71,73,73,73,73,73,73,73,73],"gold":1140,"neow_bonus":"REMOVE_TWO","is_daily":false,"chose_seed":false,"campfire_upgraded":5,"win_rate":0.0,"timestamp":1612148868,"path_taken":["M","?","?","?","?","E","M","R","T","E","M","R","E","?","R","BOSS","M","M","?","$","?","R","E","?","T","M","M","$","E","?","R","BOSS","M","M","M","$","M","E","$","M","T","M","E","?","R","M","R","BOSS","R","$","E","BOSS"],"items_purchased_type":["Relic","Card","Relic","Relic","Relic","Relic","Relic","Relic","Relic","Relic","Relic","Relic","Relic","Relic","Relic","Relic","Relic","Relic","Relic","Relic","Relic","Relic","Relic","Relic","Card","Card","Card","Card","Card","Relic","Relic","Relic","Relic","Relic","Relic","Relic","Relic","Relic","Relic","Relic"],"build_version":"2020-12-22","purchased_purges":1,"victory":true,"max_hp_per_floor":[67,67,67,68,69,69,69,69,69,69,69,69,70,71,71,72,72,72,72,72,72,72,72,72,73,73,73,73,73,73,73,73,73,73,73,73,73,73,73,73,73,73,73,73,73,73,73,73,73,73,73,73,73,73,73],"card_choices":[{"not_picked":["Underhanded Strike","Masterful Stab","Deadly Poison"],"picked":"SKIP","floor":1},{"not_picked":["Quick Slash","Slice","Setup"],"picked":"SKIP","floor":6},{"not_picked":["Deflect","Outmaneuver","Concentrate"],"picked":"SKIP","floor":7},{"not_picked":["Flying Knee","Dagger Throw"],"picked":"After Image","floor":10},{"not_picked":["Escape Plan","Sucker Punch","Skewer"],"picked":"SKIP","floor":11},{"not_picked":["Bullet Time","Finisher"],"picked":"Predator","floor":13},{"not_picked":["Phantasmal Killer","Corpse Explosion"],"picked":"Die Die Die","floor":16},{"not_picked":["Sucker Punch","Reflex","Prepared"],"picked":"SKIP","floor":18},{"not_picked":["Predator","Underhanded Strike","Deflect+1"],"picked":"SKIP","floor":19},{"not_picked":["Dodge and Roll","Blade Dance","All Out Attack"],"picked":"SKIP","floor":24},{"not_picked":["Sucker Punch","Poisoned Stab","Dagger Throw+1"],"picked":"SKIP","floor":27},{"not_picked":["Backflip","Underhanded Strike","Deadly Poison"],"picked":"SKIP","floor":28},{"not_picked":["Sucker Punch","Backflip","Deadly Poison"],"picked":"SKIP","floor":30},{"not_picked":["Adrenaline","Caltrops","Deflect"],"picked":"SKIP","floor":31},{"not_picked":["Caltrops","Bouncing Flask","Outmaneuver"],"picked":"SKIP","floor":35},{"not_picked":["Bane","Underhanded Strike","Cloak And Dagger"],"picked":"SKIP","floor":36},{"not_picked":["Setup","Leg Sweep","Slice+1"],"picked":"SKIP","floor":37},{"not_picked":["Backflip+1","Outmaneuver+1"],"picked":"Acrobatics+1","floor":39},{"not_picked":["Acrobatics+1","Well Laid Plans","Catalyst+1"],"picked":"SKIP","floor":40},{"not_picked":["All Out Attack","Footwork+1","Cloak And Dagger+1"],"picked":"SKIP","floor":42},{"not_picked":["Prepared+1","Quick Slash+1","Dagger Throw+1"],"picked":"SKIP","floor":44},{"not_picked":["Dagger Spray+1","A Thousand Cuts","Caltrops"],"picked":"SKIP","floor":45},{"not_picked":["Dodge and Roll+1","Caltrops","Outmaneuver+1"],"picked":"SKIP","floor":48},{"not_picked":["PiercingWail+1","Calculated Gamble+1"],"picked":"Dagger Spray+1","floor":54}],"player_experience":377432,"relics_obtained":[{"floor":6,"key":"Gambling Chip"},{"floor":10,"key":"Bird Faced Urn"},{"floor":13,"key":"testmod-DragonStarHat"},{"floor":24,"key":"testmod-InjuryResistance"},{"floor":26,"key":"The Courier"},{"floor":40,"key":"testmod-Fortitude"},{"floor":43,"key":"Molten Egg 2"},{"floor":43,"key":"Paper Crane"},{"floor":45,"key":"War Paint"},{"floor":54,"key":"Bottled Flame"}],"event_choices":[{"cards_removed":["Defend_G"],"damage_healed":0,"gold_gain":0,"player_choice":"Forget","damage_taken":0,"max_hp_gain":0,"max_hp_loss":0,"event_name":"Living Wall","floor":2,"gold_loss":0},{"damage_healed":0,"gold_gain":400,"player_choice":"Sell","damage_taken":0,"max_hp_gain":0,"max_hp_loss":0,"event_name":"恩洛斯的盘子","floor":3,"relics_lost":["testmod-TestBox"],"gold_loss":0},{"damage_healed":0,"gold_gain":75,"player_choice":"Gather Gold","damage_taken":11,"max_hp_gain":0,"max_hp_loss":0,"event_name":"World of Goop","floor":4,"gold_loss":0},{"damage_healed":0,"gold_gain":0,"player_choice":"Success","damage_taken":5,"relics_obtained":["Centennial Puzzle"],"max_hp_gain":0,"max_hp_loss":0,"event_name":"Scrap Ooze","floor":5,"gold_loss":0},{"damage_healed":0,"gold_gain":0,"player_choice":"Take Damage","damage_taken":24,"relics_obtained":["Golden Idol"],"max_hp_gain":0,"max_hp_loss":0,"event_name":"Golden Idol","floor":14,"gold_loss":0},{"damage_healed":0,"gold_gain":0,"player_choice":"Ignored","damage_taken":0,"max_hp_gain":0,"max_hp_loss":0,"event_name":"Vampires","floor":20,"gold_loss":0},{"cards_removed":["Defend_G"],"damage_healed":0,"gold_gain":0,"player_choice":"Elegance","damage_taken":0,"max_hp_gain":0,"max_hp_loss":0,"event_name":"Back to Basics","floor":22,"gold_loss":0},{"damage_healed":0,"gold_gain":0,"player_choice":"","damage_taken":6,"max_hp_gain":0,"max_hp_loss":0,"event_name":"Knowing Skull","floor":25,"potions_obtained":[],"gold_loss":0,"cards_obtained":[]},{"damage_healed":0,"gold_gain":0,"player_choice":"Ignored","damage_taken":0,"max_hp_gain":0,"max_hp_loss":0,"event_name":"给自己的盒子","floor":46,"gold_loss":0}],"is_beta":false,"boss_relics":[{"not_picked":["testmod-SaigiyounoYou","testmod-KeyOfTheVoid"],"picked":"testmod-IncinerationGenerator"},{"not_picked":["testmod-Prudence","Busted Crown"],"picked":"WristBlade"}],"items_purged_floors":[21],"is_endless":false,"potions_floor_spawned":[6,10,11,19,24,27,30,36,39,40,44,48],"ascension_level":19}}