{"host":"0luxfixkkfk9wck3","time":1612160633,"event":{"mods":["BaseMod","DeckTracker","Downfall","Highlight Path","Minty Spire (QoL Compilation)","StSLib"],"gold_per_floor":[99,113,132,132,148,148,148,148,179,190,208,235,135,153,171,269,269,269,281,481,495,514,514,588,588,68,68,68,99,111,96,116,212,212,212,227,241,255,271,271,348,368,402,271,271,271,271,291,310,310],"floor_reached":51,"language":"ENG","playtime":7031,"items_purged":["sneckomod:Strike","Regret"],"score":882,"play_id":"f69d1bdd-38ec-4d67-8429-73df66b244f7","local_time":"20210201002353","is_ascension_mode":true,"campfire_choices":[{"data":"sneckomod:TailWhip","floor":1,"key":"SMITH"},{"floor":13,"key":"REST"},{"floor":23,"key":"REST"},{"floor":25,"key":"REST"},{"floor":45,"key":"REST"}],"circlet_count":0,"master_deck":["sneckomod:Strike","sneckomod:Strike","sneckomod:Defend","sneckomod:Defend","sneckomod:Defend","sneckomod:TailWhip+1","sneckomod:SnekBite","sneckomod:QuickBite","sneckomod:SlitherStrike","sneckomod:UnendingSupply","champ:CrookedStrike","sneckomod:SerpentIdol","sneckomod:UnknownStrike","sneckomod:UnknownColorless","sneckomod:UnknownBlock","sneckomod:UnknownBoss","champ:Backstep","sneckomod:UnknownDraw+1","sneckomod:Rotation","sneckomod:SlitherStrike+1","DeusExMachina","sneckomod:UnknownRareSkill","sneckomod:UnknownClassTHE_CHAMP_GRAY","sneckomod:TrashToTreasure","sneckomod:SerpentMind","WaveOfTheHand+1","Parasite","sneckomod:UnknownStrength+1","Guardian:StasisStrike","sneckomod:UnknownX+1","sneckomod:UnknownBlock","sneckomod:TrashToTreasure","Finesse"],"relics":["sneckomod:SneckoSoul","Unceasing Top","InkBottle","PreservedInsect","Ornamental Fan","downfall:HeartBlessingGreen","expansioncontent:StudyCardRelic","Mercury Hourglass","Lee\u0027s Waffle","sneckomod:BlankCard","Art of War","Cursed Key","Kunai","Blood Vial"],"acts_visited":["Exordium","TheCity","TheBeyond"],"potions_floor_usage":[9,16,16,22,22,33,33,43,50],"damage_taken":[{"damage":4,"enemies":"Cultist","floor":2,"turns":3},{"damage":4,"enemies":"Jaw Worm","floor":3,"turns":3},{"damage":0,"enemies":"Small Slimes","floor":5,"turns":2},{"damage":19,"enemies":"Gremlin Nob","floor":9,"turns":4},{"damage":8,"enemies":"3 Louse","floor":10,"turns":3},{"damage":7,"enemies":"Blue Slaver","floor":11,"turns":4},{"damage":9,"enemies":"3 Sentries","floor":12,"turns":4},{"damage":1,"enemies":"Red Slaver","floor":14,"turns":3},{"damage":0,"enemies":"2 Fungi Beasts","floor":15,"turns":3},{"damage":52,"enemies":"DF_ARCHETYPE_STREAMLINE","floor":16,"turns":9},{"damage":12,"enemies":"Chosen","floor":19,"turns":4},{"damage":4,"enemies":"Chosen","floor":20,"turns":4},{"damage":29,"enemies":"Snake Plant","floor":21,"turns":4},{"damage":18,"enemies":"Chosen and Byrds","floor":22,"turns":9},{"damage":0,"enemies":"downfall:FleeingMerchant","floor":26,"turns":4},{"damage":9,"enemies":"Slavers","floor":29,"turns":2},{"damage":0,"enemies":"Sentry and Sphere","floor":30,"turns":3},{"damage":3,"enemies":"downfall:FleeingMerchant","floor":31,"turns":4},{"damage":2,"enemies":"Snake Plant","floor":32,"turns":4},{"damage":15,"enemies":"SI_MIRROR_ARCHETYPE","floor":33,"turns":6},{"damage":9,"enemies":"3 Shapes","floor":36,"turns":3},{"damage":1,"enemies":"Orb Walker","floor":37,"turns":2},{"damage":1,"enemies":"Writhing Mass","floor":38,"turns":3},{"damage":1,"enemies":"Spire Growth","floor":39,"turns":4},{"damage":16,"enemies":"Sphere and 2 Shapes","floor":42,"turns":4},{"damage":33,"enemies":"Transient","floor":43,"turns":5},{"damage":0,"enemies":"downfall:FleeingMerchant","floor":44,"turns":1},{"damage":16,"enemies":"4 Shapes","floor":48,"turns":7},{"damage":7,"enemies":"Spire Growth","floor":49,"turns":4},{"damage":28,"enemies":"IC_BLOCK_ARCHETYPE","floor":50,"turns":8}],"seed_played":"5116713689017565516","potions_obtained":[{"floor":2,"key":"SteroidPotion"},{"floor":4,"key":"downfall:CursedFountainPotion"},{"floor":9,"key":"Guardian:BlockOnCardUsePotion"},{"floor":10,"key":"ColorlessPotion"},{"floor":11,"key":"SkillPotion"},{"floor":15,"key":"CultistPotion"},{"floor":19,"key":"DuplicationPotion"},{"floor":27,"key":"CultistPotion"},{"floor":32,"key":"Guardian:BlockOnCardUsePotion"},{"floor":37,"key":"FairyPotion"},{"floor":42,"key":"Slimebound:ThreeZeroPotion"}],"is_trial":false,"path_per_floor":["R","M","M","?","M","R","T","?","E","M","M","E","R","M","M","B",null,"R","M","?","M","M","R","T","R","$","?","R","E","M","$","M","B",null,"R","M","M","M","M","R","T","M","M","$","R","?","?","M","M","B",null],"character_chosen":"THE_SNECKO","items_purchased":["Lee\u0027s Waffle","sneckomod:BlankCard","DistilledChaos","AttackPotion","sneckomod:TrashToTreasure","PowerPotion","Blood Vial","Finesse"],"campfire_rested":4,"item_purchase_floors":[26,26,26,26,44,44,44,44],"current_hp_per_floor":[81,77,73,73,73,73,73,73,54,46,39,30,57,56,56,4,69,69,57,53,24,6,33,33,60,97,97,97,88,88,85,83,68,90,90,81,80,79,78,78,78,62,34,34,63,63,63,49,44,28],"gold":310,"neow_bonus":"ONE_RARE_RELIC","is_daily":false,"chose_seed":false,"campfire_upgraded":1,"win_rate":0.0,"timestamp":1612160633,"path_taken":["R","M","M","?","?","R","T","?","E","M","M","E","R","M","M","BOSS","R","M","?","M","M","R","T","R","$","?","R","E","M","$","M","BOSS","R","M","M","M","M","R","T","M","M","$","R","?","?","M","M","BOSS"],"items_purchased_type":["Relic","Relic","Potion","Potion","Card","Potion","Relic","Card"],"build_version":"2020-12-22","purchased_purges":2,"victory":true,"max_hp_per_floor":[90,90,90,90,90,90,90,90,90,90,90,90,90,90,90,90,90,90,90,90,90,90,90,90,90,97,97,97,97,97,97,97,97,97,97,97,97,97,97,97,97,97,97,97,97,97,97,97,97,97],"card_choices":[{"not_picked":["sneckomod:IronFang","sneckomod:DiceBlock"],"picked":"sneckomod:QuickBite","floor":2},{"not_picked":["sneckomod:IronFang","sneckomod:DefensiveFlair"],"picked":"sneckomod:SlitherStrike","floor":3},{"not_picked":["sneckomod:Rotation","sneckomod:SnekBeam"],"picked":"sneckomod:UnendingSupply","floor":5},{"not_picked":["sneckomod:UnknownDraw","sneckomod:MorePower"],"picked":"sneckomod:UnknownCommonSkill","floor":9},{"not_picked":["sneckomod:UnknownDraw","sneckomod:DiceCrush"],"picked":"sneckomod:SerpentIdol","floor":10},{"not_picked":["sneckomod:CheapStock","sneckomod:QuickMove"],"picked":"sneckomod:UnknownStrike","floor":11},{"not_picked":["sneckomod:UnknownCommonSkill","sneckomod:SerpentIdol"],"picked":"sneckomod:UnknownColorless","floor":12},{"not_picked":["sneckomod:UnknownCommonSkill","sneckomod:IronFang"],"picked":"sneckomod:UnknownBlock","floor":14},{"not_picked":["sneckomod:IronFang","sneckomod:QuickMove"],"picked":"sneckomod:WideSting","floor":15},{"not_picked":["sneckomod:Cheat","sneckomod:UnknownRareAttack"],"picked":"sneckomod:UnknownBoss","floor":16},{"not_picked":["sneckomod:SerpentIdol","sneckomod:QuickMove"],"picked":"sneckomod:UnknownDraw+1","floor":19},{"not_picked":["sneckomod:UnknownClassGUARDIAN","sneckomod:UnknownBlock"],"picked":"sneckomod:Rotation","floor":21},{"not_picked":["sneckomod:UnknownClassTHE_CHAMP_GRAY","sneckomod:DiceCrush+1"],"picked":"sneckomod:UnknownWeak+1","floor":22},{"not_picked":["sneckomod:SoulRoll","sneckomod:UnknownCommonSkill"],"picked":"sneckomod:SlitherStrike+1","floor":26},{"not_picked":["sneckomod:UnknownVulnerable","sneckomod:Nope"],"picked":"sneckomod:UnknownRareSkill","floor":29},{"not_picked":["sneckomod:SoulDraw","sneckomod:DiceBlock"],"picked":"sneckomod:UnknownStrike","floor":30},{"not_picked":["sneckomod:Unknown1Cost","sneckomod:UnknownDraw+1"],"picked":"sneckomod:UnknownClassTHE_CHAMP_GRAY","floor":31},{"not_picked":["sneckomod:Unknown0Cost","sneckomod:SnekBeam"],"picked":"sneckomod:TrashToTreasure","floor":32},{"not_picked":["sneckomod:Transmogrify","sneckomod:UnknownRareSkill"],"picked":"sneckomod:SerpentMind","floor":33},{"not_picked":["sneckomod:SoulDraw+1","sneckomod:SnakeSap+1","sneckomod:DiceBlock+1"],"picked":"SKIP","floor":36},{"not_picked":["sneckomod:SoulDraw+1","sneckomod:SoulCleanse+1","sneckomod:MasterEye+1"],"picked":"SKIP","floor":37},{"not_picked":["sneckomod:UnknownClassPURPLE","sneckomod:QuickMove+1"],"picked":"sneckomod:UnknownStrength+1","floor":38},{"not_picked":["sneckomod:UnknownCommonSkill","sneckomod:DiceBlock","sneckomod:DiceBoulder"],"picked":"SKIP","floor":39},{"not_picked":["sneckomod:ImprovisedAttack","sneckomod:UnknownClassTHE_CHAMP_GRAY+1"],"picked":"sneckomod:UnknownX+1","floor":42},{"not_picked":["sneckomod:IronFang","sneckomod:WideSting"],"picked":"sneckomod:UnknownBlock","floor":43},{"not_picked":["sneckomod:UnknownClassGUARDIAN","sneckomod:IronFang","sneckomod:UnknownCommonAttack+1"],"picked":"SKIP","floor":44},{"not_picked":["sneckomod:Cheat","sneckomod:SoulDraw+1","sneckomod:QuickBite+1"],"picked":"SKIP","floor":48},{"not_picked":["sneckomod:UnknownBlock","sneckomod:QuickBite+1","sneckomod:UnknownCommonAttack+1"],"picked":"SKIP","floor":49}],"player_experience":11447754,"relics_obtained":[{"floor":7,"key":"InkBottle"},{"floor":9,"key":"PreservedInsect"},{"floor":12,"key":"Ornamental Fan"},{"floor":24,"key":"Mercury Hourglass"},{"floor":29,"key":"Art of War"},{"floor":41,"key":"Kunai"}],"event_choices":[{"cards_removed":["downfall:Icky"],"damage_healed":0,"gold_gain":0,"player_choice":"Card Removal","damage_taken":0,"max_hp_gain":0,"max_hp_loss":0,"event_name":"The Cleric","floor":8,"gold_loss":0},{"damage_healed":0,"gold_gain":0,"player_choice":"Got Potions","damage_taken":0,"max_hp_gain":0,"max_hp_loss":0,"event_name":"Lab","floor":46,"gold_loss":0},{"cards_removed":["sneckomod:WideSting"],"damage_healed":0,"gold_gain":0,"player_choice":"Removed Attack","damage_taken":0,"max_hp_gain":0,"max_hp_loss":0,"event_name":"Falling","floor":47,"gold_loss":0}],"is_beta":false,"boss_relics":[{"not_picked":["Runic Pyramid","Coffee Dripper"],"picked":"expansioncontent:StudyCardRelic"},{"not_picked":["Philosopher\u0027s Stone","sneckomod:SneckoTalon"],"picked":"Cursed Key"}],"items_purged_floors":[26,44],"is_endless":false,"potions_floor_spawned":[2,9,10,11,15,19,20,30,32,37,42,48,49],"ascension_level":7}}