{"host":"vhrbb9mxb8fcxsba","time":1612152326,"event":{"mods":["2.2 Compatiblity","Act Like it!","Aspiration","BaseMod","Downfall","GungeonMod","Hubris","Infinite Spire","Minty Spire (QoL Compilation)","Quick Restart","StSLib","The Disciple","Wandering Minibosses"],"gold_per_floor":[99,99,99,99,118,144,144,154,154,154,169,199,199,228,220,314,314,214,216,233,233,233,252,252,152,909,336,353,353,364,364,380,478,478,478,498,264,264,282,317,396,496,515,245,145,145,145,145],"floor_reached":46,"language":"ENG","playtime":2400,"items_purged":["Slimebound:Strike_Slimebound","Slimebound:Defend_Slimebound","Slimebound:Defend_Slimebound","Slimebound:Strike_Slimebound"],"score":644,"play_id":"34db54a0-7d92-4983-b553-4b7e9e0c8ad5","local_time":"20210201170526","is_ascension_mode":true,"campfire_choices":[{"data":"Slimebound:Split","floor":1,"key":"SMITH"},{"data":"Slimebound:LevelUp","floor":9,"key":"SMITH"},{"data":"Slimebound:Teamwork","floor":13,"key":"SMITH"},{"data":"Slimebound:MassFeed","floor":18,"key":"SMITH"},{"data":"Slimebound:Equalize","floor":25,"key":"SMITH"},{"data":"Slimebound:CorrosiveSpit","floor":29,"key":"SMITH"},{"floor":35,"key":"RECALL"},{"data":"hubris:Fate","floor":45,"key":"SMITH"}],"circlet_count":0,"master_deck":["Slimebound:Strike_Slimebound","Slimebound:Tackle","Slimebound:Defend_Slimebound","Slimebound:Split+1","Slimebound:CorrosiveSpit+1","Slimebound:PressTheAttack","Slimebound:LevelUp+1","Slimebound:Teamwork+1","Slimebound:Equalize+1","Slimebound:LevelUp+1","Slimebound:SplitBruiser","Slimebound:LeechEnergy","Slimebound:Repurpose","Slimebound:MassFeed+1","Slimebound:SplitSpecialist+1","hubris:Fate+1","Slimebound:ForwardTackle","Slimebound:Teamwork","Slimebound:GoopSpray+1","Slimebound:RallyTheTroops"],"relics":["Slimebound:AbsorbEndCombat","PreservedInsect","Anchor","DemoMod:ClearGuonStone","Ornamental Fan","aspiration:RitualDagger","downfall:HeartBlessingGreen","hubris:HerbalPaste","Bottled Flame","downfall:HeartBlessingBlue","wanderingMiniBosses:MasterThiefsPresence","aspiration:FrozenJewel","Meat on the Bone","Philosopher\u0027s Stone","Omamori","aspiration:Nostalgia","hexamod:SpiritBrand","infinitespire:Lychee Nut","infinitespire:WardingShard","Toy Ornithopter","Slimebound:SelfDamagePreventRelic","downfall:HeartBlessingRed"],"acts_visited":["Exordium","TheCity","TheBeyond"],"potions_floor_usage":[14,15,16,27,33,37,40,42,42],"damage_taken":[{"damage":0,"enemies":"Small Slimes","floor":2,"turns":6},{"damage":5,"enemies":"2 Louse","floor":5,"turns":3},{"damage":18,"enemies":"Lagavulin","floor":6,"turns":7},{"damage":0,"enemies":"Cultist","floor":8,"turns":3},{"damage":21,"enemies":"Large Slime","floor":11,"turns":5},{"damage":15,"enemies":"Gremlin Nob","floor":12,"turns":3},{"damage":3,"enemies":"Lagavulin","floor":14,"turns":4},{"damage":4,"enemies":"Gremlin Gang","floor":15,"turns":7},{"damage":26,"enemies":"WA_ARCHETYPE_RETAIN","floor":16,"turns":6},{"damage":34,"enemies":"3 Byrds","floor":19,"turns":4},{"damage":16,"enemies":"Chosen","floor":20,"turns":4},{"damage":24,"enemies":"Nightmare","floor":23,"turns":5},{"damage":35,"enemies":"Snecko","floor":26,"turns":5},{"damage":12,"enemies":"downfall:FleeingMerchant","floor":27,"turns":4},{"damage":18,"enemies":"Shelled Parasite and Fungi","floor":28,"turns":4},{"damage":15,"enemies":"Cultist and Chosen","floor":30,"turns":4},{"damage":12,"enemies":"Centurion and Healer","floor":32,"turns":4},{"damage":108,"enemies":"SI_MIRROR_ARCHETYPE","floor":33,"turns":10},{"damage":12,"enemies":"Orb Walker","floor":36,"turns":4},{"damage":9,"enemies":"downfall:FleeingMerchant","floor":37,"turns":3},{"damage":30,"enemies":"3 Darklings","floor":39,"turns":4},{"damage":3,"enemies":"Nemesis","floor":40,"turns":1},{"damage":19,"enemies":"downfall:LadyInBlue","floor":42,"turns":6},{"damage":45,"enemies":"Sphere and 2 Shapes","floor":43,"turns":4},{"damage":114,"enemies":"Nightmare","floor":46,"turns":5}],"seed_played":"2013619271045750501","potions_obtained":[{"floor":2,"key":"SteroidPotion"},{"floor":6,"key":"Dexterity Potion"},{"floor":12,"key":"FearPotion"},{"floor":14,"key":"AttackPotion"},{"floor":20,"key":"Fire Potion"},{"floor":28,"key":"Ancient Potion"},{"floor":30,"key":"Swift Potion"},{"floor":33,"key":"Weak Potion"},{"floor":39,"key":"Slimebound:SlimyTonguePotion"},{"floor":40,"key":"PowerPotion"},{"floor":42,"key":"Slimebound:SpawnSlimePotion"},{"floor":42,"key":"Ancient Potion"},{"floor":42,"key":"bronze:BurnAndBuffPotion"},{"floor":42,"key":"Dexterity Potion"}],"is_trial":false,"path_per_floor":["R","M","?","?","M","E","T","M","R","?","M","E","R","E","M","B",null,"R","M","M","AVR","?","NM","T","R","M","$","M","R","M","?","M","B",null,"R","M","$","?","M","E","T","?","M","$","R","NM"],"character_chosen":"SLIMEBOUND","items_purchased":["aspiration:FrozenJewel","Meat on the Bone","Omamori","aspiration:Nostalgia","Slimebound:RallyTheTroops","Slimebound:SelfDamagePreventRelic"],"campfire_rested":0,"item_purchase_floors":[27,27,37,37,37,44],"current_hp_per_floor":[71,71,71,71,68,58,58,70,70,70,61,50,50,61,61,49,71,71,43,35,35,35,33,33,43,32,28,36,36,57,39,55,90,102,102,102,102,102,88,76,76,76,60,60,60,0,0,0],"gold":145,"neow_bonus":"TEN_PERCENT_HP_BONUS","is_daily":false,"chose_seed":false,"campfire_upgraded":7,"win_rate":0.0,"timestamp":1612152326,"path_taken":["R","M","?","?","?","E","T","M","R","?","?","E","R","E","M","BOSS","R","M","M","AVR","?","NM","T","R","M","$","M","R","M","?","M","BOSS","R","M","$","?","M","E","T","?","?","?","R","NM"],"items_purchased_type":["Relic","Relic","Relic","Relic","Card","Relic"],"build_version":"2020-12-22","purchased_purges":4,"victory":false,"max_hp_per_floor":[71,71,71,71,71,71,71,71,71,71,71,71,71,71,71,71,71,71,75,79,79,79,79,79,89,89,89,93,93,93,98,102,102,102,102,102,102,102,102,76,76,76,76,76,76,76,76,76],"card_choices":[{"not_picked":["Slimebound:LeechEnergy","Slimebound:GoopTackle"],"picked":"Slimebound:PressTheAttack","floor":2},{"not_picked":["Slimebound:ItLooksTasty","Slimebound:LeechingTouch"],"picked":"Slimebound:Teamwork","floor":5},{"not_picked":["Slimebound:LivingWall","Slimebound:FlameTackle"],"picked":"Slimebound:Equalize","floor":6},{"not_picked":["Slimebound:Prepare","Slimebound:Grow","Slimebound:HungryTackle"],"picked":"SKIP","floor":8},{"not_picked":["Slimebound:AcidTongue","Slimebound:ViciousTackle"],"picked":"Slimebound:SplitBruiser","floor":11},{"not_picked":["Slimebound:SlimeSpikes","Slimebound:PressTheAttack"],"picked":"Slimebound:LeechEnergy","floor":12},{"not_picked":["Slimebound:RainOfGoop","Slimebound:GoopTackle"],"picked":"Slimebound:Repurpose","floor":14},{"not_picked":["Slimebound:DivideAndConquer","Slimebound:LeechingTouch","Slimebound:HungryTackle"],"picked":"SKIP","floor":15},{"not_picked":["Slimebound:WasteNot","Slimebound:SelfFormingGoo"],"picked":"Slimebound:MassFeed","floor":16},{"not_picked":["Slimebound:FlameTackle","Slimebound:LeechEnergy","Slimebound:Schlurp"],"picked":"SKIP","floor":19},{"not_picked":["Slimebound:Grow","Slimebound:GoopSpray"],"picked":"Slimebound:SplitSpecialist+1","floor":20},{"not_picked":["infinitespire:Oblivion","infinitespire:SealOfDarkness+"],"picked":"hubris:Fate","floor":23},{"not_picked":["Slimebound:GoopSpray","Slimebound:FormOfPuddle+1","Slimebound:MegaLick"],"picked":"SKIP","floor":23},{"not_picked":["Slimebound:Equalize","Slimebound:SlimeSpikes"],"picked":"Slimebound:ForwardTackle","floor":26},{"not_picked":["Slimebound:DisruptingSlam","Slimebound:HauntingLick","Slimebound:LeechEnergy"],"picked":"SKIP","floor":27},{"not_picked":["Slimebound:PressTheAttack+1","Slimebound:SpikyOuterGoop","Slimebound:BestDefense"],"picked":"SKIP","floor":28},{"not_picked":["Slimebound:FinishingTackle","Slimebound:LeechEnergy","Slimebound:SlimeSpikes"],"picked":"SKIP","floor":30},{"not_picked":["Slimebound:GrowthPunch+1","Slimebound:DivideAndConquer","Slimebound:FinishingTackle+1"],"picked":"SKIP","floor":32},{"not_picked":["Slimebound:CheckThePlaybook","Slimebound:WasteNot"],"picked":"Slimebound:Teamwork","floor":33},{"not_picked":["Slimebound:LeechEnergy","Slimebound:FinishingTackle+1","Slimebound:Gluttony"],"picked":"SKIP","floor":36},{"not_picked":["Slimebound:Equalize","Slimebound:GoopTackle"],"picked":"Slimebound:GoopSpray+1","floor":37},{"not_picked":["Slimebound:Prepare","Slimebound:Recycling","Slimebound:RollThrough"],"picked":"SKIP","floor":39},{"not_picked":["Slimebound:LivingWall","Slimebound:PressTheAttack+1","Slimebound:LeechEnergy+1"],"picked":"SKIP","floor":40},{"not_picked":["Slimebound:FinishingTackle+1","Slimebound:Schlurp","Slimebound:SplitMire"],"picked":"SKIP","floor":43}],"player_experience":176491,"relics_obtained":[{"floor":6,"key":"PreservedInsect"},{"floor":7,"key":"Anchor"},{"floor":12,"key":"DemoMod:ClearGuonStone"},{"floor":14,"key":"Ornamental Fan"},{"floor":23,"key":"Bottled Flame"},{"floor":26,"key":"wanderingMiniBosses:MasterThiefsPresence"},{"floor":40,"key":"infinitespire:Lychee Nut"},{"floor":41,"key":"infinitespire:WardingShard"},{"floor":42,"key":"Toy Ornithopter"}],"event_choices":[],"is_beta":false,"boss_relics":[{"not_picked":["Astrolabe","DemoMod:RiddleOfLead"],"picked":"aspiration:RitualDagger"},{"not_picked":["Calling Bell","Velvet Choker"],"picked":"Philosopher\u0027s Stone"}],"items_purged_floors":[21,27,37,44],"is_endless":false,"potions_floor_spawned":[2,6,12,14,20,28,30,32,33,39,40,42,43],"killed_by":"Nightmare","ascension_level":3}}