{"host":"4jpe1m3cviuzvkch","time":1612187870,"event":{"mods":["BaseMod","Marisa£®ÏF”Í°°ƒß¿Ì…≥£©","Minty Spire (QoL Compilation)","Remilia£®¿Ÿ√◊¿Ú—«£©","StSLib","The Servant 0.9.4","Youmu£®ªÍ∆«—˝√Œ£©"],"gold_per_floor":[118,193,208,208,225,253,253,281,281,315,315,341,341,357,357,357,357],"floor_reached":16,"language":"ZHS","playtime":718,"items_purged":[],"score":154,"play_id":"969e7bef-d18d-4a53-bfb6-532094c2ee9e","local_time":"20210201215750","is_ascension_mode":true,"campfire_choices":[{"floor":7,"key":"REST"},{"floor":11,"key":"REST"},{"floor":13,"key":"REST"},{"data":"DiffusionOfMisfortune","floor":15,"key":"SMITH"}],"circlet_count":0,"master_deck":["Strike_RM","Strike_RM","Strike_RM","Strike_RM","Defend_RM","Defend_RM","Defend_RM","RedMoon","ScarletShoot","DiffusionOfMisfortune+1","ReincarnationDial"],"relics":["Snecko Eye","Gremlin Horn","Pantograph","RedBat","Anchor","Girya"],"acts_visited":["Exordium"],"potions_floor_usage":[6,8,10],"damage_taken":[{"damage":0,"enemies":"2 Louse","floor":1,"turns":2},{"damage":10,"enemies":"Small Slimes","floor":3,"turns":3},{"damage":6,"enemies":"Jaw Worm","floor":5,"turns":5},{"damage":35,"enemies":"3 Sentries","floor":6,"turns":10},{"damage":12,"enemies":"Lagavulin","floor":8,"turns":5},{"damage":21,"enemies":"3 Sentries","floor":10,"turns":10},{"damage":39,"enemies":"Lagavulin","floor":12,"turns":7},{"damage":3,"enemies":"Exordium Thugs","floor":14,"turns":3},{"damage":81,"enemies":"Slime Boss","floor":16,"turns":10}],"seed_played":"2853869351912258103","potions_obtained":[{"floor":3,"key":"SkillPotion"},{"floor":6,"key":"DistilledChaos"},{"floor":8,"key":"ColorlessPotion"}],"is_trial":false,"path_per_floor":["M","?","M","?","M","E","R","E","T","E","R","E","R","M","R","B"],"character_chosen":"REMILIA","items_purchased":[],"campfire_rested":3,"item_purchase_floors":[],"current_hp_per_floor":[75,64,54,47,45,12,34,30,30,11,33,21,43,41,41,0,0],"gold":357,"neow_bonus":"BOSS_RELIC","is_daily":false,"chose_seed":false,"campfire_upgraded":1,"win_rate":0.0,"timestamp":1612187870,"path_taken":["M","?","M","?","M","E","R","E","T","E","R","E","R","M","R","BOSS"],"items_purchased_type":[],"build_version":"2020-12-22","purchased_purges":0,"victory":false,"max_hp_per_floor":[75,75,75,75,75,75,75,75,75,75,75,75,75,75,75,75,75],"card_choices":[{"not_picked":["ScarletDevil","HunterOfTheNight","StarOfDavid"],"picked":"SKIP","floor":1},{"not_picked":["ScarletDevilSign","StarOfDavid","Stigmanizer"],"picked":"SKIP","floor":3},{"not_picked":["ScarletDevil","NightDance","EndlessAdversity"],"picked":"SKIP","floor":5},{"not_picked":["RedRainbow","StarOfDavid"],"picked":"DiffusionOfMisfortune","floor":6},{"not_picked":["EmergencyRegeneration","ScarletImprint","EndlessAdversity"],"picked":"SKIP","floor":8},{"not_picked":["MastersStateliness","BloodRain"],"picked":"ReincarnationDial","floor":10},{"not_picked":["CharismaGuard","EndlessAdversity","FavorOfDestiny"],"picked":"SKIP","floor":12},{"not_picked":["Septette","VampireKiss","RedMagic"],"picked":"SKIP","floor":14}],"player_experience":318594,"relics_obtained":[{"floor":6,"key":"Gremlin Horn"},{"floor":8,"key":"Pantograph"},{"floor":9,"key":"RedBat"},{"floor":10,"key":"Anchor"},{"floor":12,"key":"Girya"}],"event_choices":[{"damage_healed":0,"gold_gain":75,"player_choice":"Gather Gold","damage_taken":11,"max_hp_gain":0,"max_hp_loss":0,"event_name":"World of Goop","floor":2,"gold_loss":0},{"cards_removed":["Defend_RM"],"damage_healed":0,"gold_gain":0,"player_choice":"Card Removal","damage_taken":7,"max_hp_gain":0,"max_hp_loss":0,"event_name":"Golden Wing","floor":4,"gold_loss":0}],"is_beta":false,"boss_relics":[],"items_purged_floors":[],"is_endless":false,"potions_floor_spawned":[3,6,8],"killed_by":"Slime Boss","ascension_level":4}}