{"host":"qm4rv4rkpk76sbxu","time":1612177206,"event":{"mods":["BaseMod","Bestiary","Block Reminder","DeckTracker","Filter the Spire","Keyboard Shortcuts","Minty Spire (QoL Compilation)","MonsterHotkey","Quick Restart","Random Character Button","Relic Stats","Slay-I","StSLib","Unceasing Turn Reminder","ojb\u0027s Better Paths Mod","ojb\u0027s Info Mod"],"gold_per_floor":[113,113,123,29,49,49,84,99,124,157,1,1,1,1,1,1,1],"floor_reached":16,"language":"ENG","playtime":445,"items_purged":[],"score":130,"play_id":"9e26d7ab-e168-40d0-a12e-3ed1e20a8a3d","local_time":"20210201120006","is_ascension_mode":true,"campfire_choices":[{"data":"Sweeping Beam","floor":6.0,"key":"SMITH"},{"data":"Zap","floor":15,"key":"SMITH"}],"circlet_count":0,"master_deck":["Strike_B","Strike_B","Strike_B","Defend_B","Defend_B","Defend_B","Defend_B","Zap+1","Dualcast","Sweeping Beam+1","Self Repair","Compile Driver","Go for the Eyes","Hologram","Chill","Zap"],"relics":["Cracked Core","NeowsBlessing","DataDisk","Potion Belt","Juzu Bracelet","Centennial Puzzle","Membership Card","HornCleat"],"acts_visited":["Exordium"],"potions_floor_usage":[10,16],"damage_taken":[{"damage":0.0,"enemies":"Cultist","floor":1.0,"turns":1.0},{"damage":0.0,"enemies":"Jaw Worm","floor":3.0,"turns":1.0},{"damage":0.0,"enemies":"2 Louse","floor":5.0,"turns":1.0},{"damage":25.0,"enemies":"3 Sentries","floor":7.0,"turns":6.0},{"damage":25,"enemies":"Exordium Thugs","floor":8,"turns":4},{"damage":22,"enemies":"Lagavulin","floor":10,"turns":5},{"damage":4,"enemies":"Hexaghost","floor":16,"turns":8}],"seed_played":"-2775622816012727594","potions_obtained":[{"floor":5.0,"key":"SteroidPotion"},{"floor":7.0,"key":"Block Potion"}],"is_trial":false,"path_per_floor":["M","?","M","$","M","R","E","M","T","E","$","?","?","?","R","B"],"character_chosen":"DEFECT","items_purchased":["Strength Potion","Compile Driver","Membership Card"],"campfire_rested":0,"item_purchase_floors":[4,4,11],"current_hp_per_floor":[75,75,75,75,75,75,57,39,39,17,17,10,10,3,3,0,0],"gold":1,"neow_bonus":"THREE_ENEMY_KILL","is_daily":false,"chose_seed":false,"campfire_upgraded":2,"win_rate":0.0,"timestamp":1612177206,"path_taken":["M","?","M","$","?","R","E","M","T","E","?","?","?","?","R","BOSS"],"items_purchased_type":["Potion","Card","Relic"],"build_version":"2020-12-22","purchased_purges":0,"victory":false,"max_hp_per_floor":[75,75,75,75,75,75,75,75,75,75,75,75,75,75,75,75,75],"relic_stats":{"Centennial Puzzle":[3],"counters":[7,26],"Juzu Bracelet":1,"obtain_stats":[{"Potion Belt":7,"DataDisk":2,"Centennial Puzzle":10,"HornCleat":14,"NeowsBlessing":0,"Juzu Bracelet":9,"Membership Card":11,"Cracked Core":0},{"Potion Belt":4,"DataDisk":1,"Centennial Puzzle":6,"HornCleat":6,"NeowsBlessing":0,"Juzu Bracelet":5,"Membership Card":6,"Cracked Core":0},{"Potion Belt":9,"DataDisk":1,"Centennial Puzzle":18,"HornCleat":18,"NeowsBlessing":0,"Juzu Bracelet":13,"Membership Card":18,"Cracked Core":0}]},"card_choices":[{"not_picked":["Conserve Battery","Coolheaded"],"picked":"Sweeping Beam","floor":1.0},{"not_picked":["Blizzard","Capacitor"],"picked":"Self Repair","floor":3.0},{"not_picked":["Sweeping Beam","Double Energy"],"picked":"Go for the Eyes","floor":5.0},{"not_picked":["Steam Power","Double Energy","Barrage"],"picked":"SKIP","floor":7.0},{"not_picked":["Rebound","Meteor Strike"],"picked":"Hologram","floor":8},{"not_picked":["Coolheaded","Rip and Tear"],"picked":"Chill","floor":10}],"player_experience":1475006,"relics_obtained":[{"floor":2.0,"key":"DataDisk"},{"floor":7.0,"key":"Potion Belt"},{"floor":9,"key":"Juzu Bracelet"},{"floor":10,"key":"Centennial Puzzle"}],"event_choices":[{"damage_healed":0.0,"max_hp_gain":0.0,"max_hp_loss":0.0,"gold_gain":0.0,"event_name":"Wheel of Change","player_choice":"Relic","floor":2.0,"gold_loss":0.0,"damage_taken":0.0},{"cards_removed":["Strike_B"],"damage_healed":0,"gold_gain":0,"player_choice":"Card Removal","damage_taken":7,"max_hp_gain":0,"max_hp_loss":0,"event_name":"Golden Wing","floor":12,"gold_loss":0},{"damage_healed":0,"gold_gain":0,"player_choice":"1 cards matched","damage_taken":0,"max_hp_gain":0,"max_hp_loss":0,"event_name":"Match and Keep!","floor":13,"gold_loss":0,"cards_obtained":["Zap"]},{"damage_healed":0,"gold_gain":0,"player_choice":"Success","damage_taken":7,"relics_obtained":["HornCleat"],"max_hp_gain":0,"max_hp_loss":0,"event_name":"Scrap Ooze","floor":14,"gold_loss":0}],"is_beta":false,"boss_relics":[],"items_purged_floors":[],"is_endless":false,"potions_floor_spawned":[5,7],"killed_by":"Hexaghost","ascension_level":4}}