{"host":"cs25agt3z9hf1693","time":1612207510,"event":{"mods":["Abigail Mod","Act Like it!","BaseMod","CapriCore","ChefMod","Gensokyo","Minty Spire (QoL Compilation)","Remilia_Scarlet MoedÅiÂQïƒ‰ª?ÅEéz?óãì¡Åj3.3.5","Shop Mod","StSLib","The Immortal","The Marked","Yakumo Yukari mod"],"gold_per_floor":[118,134,8,8,8,41,41,372,372,372,71,286,286,319,319,416,416,431,431,431,450,465,465,106,135,214,225,253,46,46,72,72,169,169,188,188,202,202,152,181,181,507,507,536,194,194,134,144,144,144,144,144,20,50,50],"floor_reached":56,"language":"ENG","playtime":5644,"items_purged":["AbbyMod:Ab_Strike","Gensokyo:AllTheWorldsEvil","AbbyMod:DemonPancake","AbbyMod:VoidWhispers","AbbyMod:Ab_Strike","AbbyMod:LargeTentacle"],"score":2025,"play_id":"4402d92f-2816-4cda-baca-a658e3fc1fcd","local_time":"20210201142510","is_ascension_mode":true,"campfire_choices":[{"data":"AbbyMod:ForeheadBeam","floor":10,"key":"SMITH"},{"data":"AbbyMod:BlackKey","floor":15,"key":"SMITH"},{"data":"AbbyMod:BlackKey","floor":23,"key":"SMITH"},{"floor":32,"key":"REST"},{"data":"AbbyMod:LiftSkirt","floor":41,"key":"SMITH"},{"floor":49,"key":"RECALL"},{"data":"Gensokyo:GreaterSplit","floor":52,"key":"SMITH"}],"circlet_count":0,"master_deck":["AbbyMod:Ab_Defend","AbbyMod:Ab_Defend","AbbyMod:Ab_Defend","AbbyMod:FleetingSanity","AbbyMod:ForeheadBeam+1","AbbyMod:SavingThrow","AbbyMod:PapaProtection","AbbyMod:PapaProtection","AbbyMod:BlackKey+1","AbbyMod:BadGirl","AbbyMod:BlackKey+1","AbbyMod:LiftSkirt+1","AbbyMod:EyesOfMadness+1","AbbyMod:PrayerOfFaith+1","AbbyMod:Kuroboshi+1","Gensokyo:GreaterSplit+1","AbbyMod:SavingThrow+1","AbbyMod:EyesOfMadness+1","Gensokyo:UnhurriedMind+1","Gensokyo:CustomPotion"],"relics":["AbbyMod:Salem_Diary","Thread and Needle","Gensokyo:Justice","Meat on the Bone","Matryoshka","DollysMirror","Mango","Pocketwatch","Gambling Chip","Happy Flower","Black Star","TheAbacus","AbbyMod:CosmoBattery","Darkstone Periapt","Letter Opener","Toxic Egg 2","Smiling Mask","Pantograph","Centennial Puzzle","Gensokyo:ConquerorOfFear","Incense Burner","Toy Ornithopter","Sozu","MealTicket","Bottled Lightning","Old Coin","Du-Vu Doll","PreservedInsect","Nunchaku","Mummified Hand","Blood Vial","Orrery","Mango","Ice Cream"],"acts_visited":["Gensokyo:Gensokyo","Gensokyo:Gensokyoer","Gensokyo:Gensokyoest","TheEnding"],"potions_floor_usage":[12,22,25],"damage_taken":[{"damage":0,"enemies":"Gensokyo:Python","floor":1,"turns":6},{"damage":0,"enemies":"Gensokyo:2_Kodama","floor":2,"turns":4},{"damage":1,"enemies":"Gensokyo:Mamizou","floor":6,"turns":11},{"damage":12,"enemies":"Gensokyo:Aya","floor":8,"turns":8},{"damage":8,"enemies":"Gensokyo:Gryphon","floor":12,"turns":4},{"damage":0,"enemies":"Gensokyo:Mamizou","floor":14,"turns":6},{"damage":0,"enemies":"Gensokyo:Reimu","floor":16,"turns":7},{"damage":0,"enemies":"Gensokyo:Chomper","floor":18,"turns":3},{"damage":0,"enemies":"Gensokyo:2_Gloops","floor":21,"turns":5},{"damage":22,"enemies":"Gensokyo:Swordslinger","floor":22,"turns":4},{"damage":27,"enemies":"Gensokyo:Tenshi","floor":25,"turns":6},{"damage":1,"enemies":"Gensokyo:Chomper_and_Gloop","floor":27,"turns":6},{"damage":16,"enemies":"Gensokyo:Koishi","floor":28,"turns":6},{"damage":39,"enemies":"Gensokyo:Tenshi","floor":31,"turns":6},{"damage":0,"enemies":"Gensokyo:Eternal_Rivals","floor":33,"turns":10},{"damage":0,"enemies":"Gensokyo:3_Boulders","floor":35,"turns":4},{"damage":1,"enemies":"Gensokyo:3_Bats","floor":37,"turns":8},{"damage":2,"enemies":"Gensokyo:Doremy","floor":40,"turns":7},{"damage":12,"enemies":"Gensokyo:Kasen","floor":42,"turns":6},{"damage":4,"enemies":"Gensokyo:Marisa","floor":44,"turns":5},{"damage":37,"enemies":"Gensokyo:Marisa","floor":46,"turns":6},{"damage":0,"enemies":"Gensokyo:SeedOfUnknown","floor":48,"turns":5},{"damage":0,"enemies":"Gensokyo:Yuyuko","floor":50,"turns":8},{"damage":0,"enemies":"Shield and Spear","floor":54,"turns":4},{"damage":2,"enemies":"The Heart","floor":55,"turns":10}],"seed_played":"879927108676110044","potions_obtained":[{"floor":2,"key":"PanachePotion"},{"floor":12,"key":"PowerPotion"},{"floor":16,"key":"Strength Potion"},{"floor":21,"key":"Weak Potion"},{"floor":31,"key":"Strength Potion"}],"is_trial":false,"path_per_floor":["M","M","COS","?","$","E","?","E","T","R","$","M","?","E","R","B",null,"M","?","?","M","M","R","$","E","T","M","E","$","?","E","R","B",null,"M","?","M","?","$","E","R","E","T","E","$","?","?","M","R","B",null,"R","$","E","B",null],"character_chosen":"Ab_Foreigner","items_purchased":["Regen Potion","DollysMirror","AbbyMod:LiftSkirt","TheAbacus","Regen Potion","Centennial Puzzle","Blood Vial","Orrery","AbbyMod:CommandSpell+1"],"campfire_rested":1,"item_purchase_floors":[11,11,24,24,24,29,45,45,53],"current_hp_per_floor":[39,39,39,39,39,38,38,26,26,26,26,39,32,44,44,44,67,67,67,67,67,45,45,45,44,44,51,47,47,47,20,44,69,79,79,85,92,92,92,90,90,78,78,74,89,89,89,91,91,91,101,101,104,118,124],"gold":50,"neow_bonus":"ONE_RARE_RELIC","is_daily":false,"chose_seed":false,"campfire_upgraded":5,"win_rate":0.0,"timestamp":1612207510,"path_taken":["M","M","COS","?","?","E","?","E","T","R","$","?","?","E","R","BOSS","M","?","?","M","M","R","$","E","T","?","E","$","?","E","R","BOSS","M","?","M","?","$","E","R","E","T","E","$","?","?","M","R","BOSS","R","$","E","BOSS"],"items_purchased_type":["Potion","Relic","Card","Relic","Potion","Relic","Relic","Relic","Card"],"build_version":"2020-12-22","purchased_purges":6,"victory":true,"max_hp_per_floor":[60,60,60,60,60,60,60,60,60,60,60,60,74,74,74,74,74,74,74,74,74,74,74,74,74,74,82,82,82,82,82,82,82,82,82,88,96,96,96,96,96,96,96,96,96,96,96,96,96,104,104,104,104,118,126],"card_choices":[{"not_picked":["AbbyMod:AttoSecond","AbbyMod:SilverKey"],"picked":"AbbyMod:LargeTentacle","floor":1},{"not_picked":["AbbyMod:FatalEntropy","AbbyMod:ImpossibleGeometry"],"picked":"AbbyMod:SavingThrow","floor":2},{"not_picked":["AbbyMod:SuperMuscular","AbbyMod:Dabigail","AbbyMod:Ab_OldOneTrigger"],"picked":"SKIP","floor":6},{"not_picked":["AbbyMod:SuperMuscular","AbbyMod:Dabigail","AbbyMod:Ab_OldOneTrigger"],"picked":"SKIP","floor":6},{"not_picked":["AbbyMod:Thflth","AbbyMod:Ab_SwirlOfMadness"],"picked":"AbbyMod:PapaProtection","floor":8},{"not_picked":["AbbyMod:CloneArmy","AbbyMod:CommandSpell"],"picked":"AbbyMod:PapaProtection","floor":12},{"not_picked":["AbbyMod:LifeSentence","AbbyMod:AdultWords"],"picked":"AbbyMod:BlackKey","floor":14},{"not_picked":["AbbyMod:EquivalentExchange","AbbyMod:CosmicSpark"],"picked":"AbbyMod:BadGirl","floor":16},{"not_picked":["AbbyMod:WitchTrial","AbbyMod:FlyingMascot"],"picked":"AbbyMod:DemonPancake","floor":18},{"not_picked":["AbbyMod:TeddyBear","AbbyMod:Ab_DarkestPact+1","AbbyMod:SavingThrow"],"picked":"SKIP","floor":21},{"not_picked":["AbbyMod:WorldStrongest+1","AbbyMod:FamiliarShield","AbbyMod:PapaProtection"],"picked":"SKIP","floor":22},{"not_picked":["AbbyMod:Meteo","AbbyMod:ImpossibleGeometry"],"picked":"AbbyMod:SweetPancakes+1","floor":25},{"not_picked":["AbbyMod:SlimyBody+1","AbbyMod:PowerGamer+1"],"picked":"AbbyMod:EyesOfMadness+1","floor":27},{"not_picked":["AbbyMod:Ygna+1","AbbyMod:ImpossibleGeometry"],"picked":"AbbyMod:PrayerOfFaith+1","floor":28},{"not_picked":["AbbyMod:AdultWords","AbbyMod:TeddyBear+1"],"picked":"AbbyMod:Kuroboshi+1","floor":31},{"not_picked":["AbbyMod:Meteo+1","AbbyMod:Keyblade+1"],"picked":"AbbyMod:SweetPancakes+1","floor":35},{"not_picked":["AbbyMod:WitchTrial","AbbyMod:InsaneStrike","AbbyMod:SanityCheck+1"],"picked":"SKIP","floor":37},{"not_picked":["AbbyMod:WitchTrial","AbbyMod:InsaneStrike","AbbyMod:SanityCheck+1"],"picked":"SKIP","floor":37},{"not_picked":["AbbyMod:Dabigail+1","AbbyMod:Ab_SwirlOfMadness"],"picked":"AbbyMod:CommandSpell+1","floor":40},{"not_picked":["AbbyMod:LifeSentence","AbbyMod:PowerGamer+1"],"picked":"AbbyMod:SavingThrow+1","floor":42},{"not_picked":["AbbyMod:Kinoko","AbbyMod:SanityCheck+1","AbbyMod:RecklessSlam"],"picked":"SKIP","floor":44},{"not_picked":["AbbyMod:Kuroboshi+1","AbbyMod:Hitomi"],"picked":"AbbyMod:EyesOfMadness+1","floor":45},{"not_picked":["AbbyMod:ConsumeFlesh+1","AbbyMod:SanityCheck+1"],"picked":"AbbyMod:CommandSpell+1","floor":45},{"not_picked":["Gensokyo:RainbowDanmaku","Gensokyo:Dawn"],"picked":"Gensokyo:UnhurriedMind","floor":46},{"not_picked":["AbbyMod:CloneArmy+1","AbbyMod:WitchTrial+1"],"picked":"AbbyMod:SweetPancakes+1","floor":48},{"not_picked":["AbbyMod:StarRadiance+1","AbbyMod:ExposeNavel"],"picked":"AbbyMod:SweetPancakes+1","floor":54}],"player_experience":143599,"relics_obtained":[{"floor":8,"key":"Meat on the Bone"},{"floor":9,"key":"Matryoshka"},{"floor":14,"key":"Happy Flower"},{"floor":25,"key":"AbbyMod:CosmoBattery"},{"floor":25,"key":"Darkstone Periapt"},{"floor":26,"key":"Letter Opener"},{"floor":26,"key":"Toxic Egg 2"},{"floor":28,"key":"Smiling Mask"},{"floor":28,"key":"Pantograph"},{"floor":31,"key":"Gensokyo:ConquerorOfFear"},{"floor":31,"key":"Incense Burner"},{"floor":31,"key":"Toy Ornithopter"},{"floor":40,"key":"MealTicket"},{"floor":40,"key":"Bottled Lightning"},{"floor":42,"key":"Old Coin"},{"floor":42,"key":"Du-Vu Doll"},{"floor":43,"key":"PreservedInsect"},{"floor":44,"key":"Nunchaku"},{"floor":44,"key":"Mummified Hand"},{"floor":54,"key":"Mango"},{"floor":54,"key":"Ice Cream"}],"event_choices":[],"is_beta":false,"boss_relics":[{"not_picked":["SlaversCollar","Fusion Hammer"],"picked":"Black Star"},{"not_picked":["Astrolabe","Velvet Choker"],"picked":"Sozu"}],"items_purged_floors":[11,24,29,39,45,53],"is_endless":false,"potions_floor_spawned":[2,12,16,18,21,31,42,48],"ascension_level":8}}