{"host":"4e3fxqp5hzyqu39k","time":1612150817,"event":{"mods":["BaseMod","Minty Spire (QoL Compilation)"],"gold_per_floor":[114,129,146,146,163,163,183,183,183,183,216,216,229,243,243,348,348,362,108,108,123,123,156,156,174,198,198,218,218,245,260,260,364,364,379,304,304,212,212,212,237,237,237,253,279,279,279,279,279,279],"floor_reached":51,"language":"ENG","playtime":2188,"items_purged":["Fiend Fire+1"],"score":818,"play_id":"de27d9e5-ae14-42f6-8107-2bcd7ef06fe3","local_time":"20210131224017","is_ascension_mode":false,"campfire_choices":[{"data":"Spot Weakness","floor":6,"key":"SMITH"},{"data":"Armaments","floor":8,"key":"SMITH"},{"data":"Infernal Blade","floor":10,"key":"SMITH"},{"data":"Fiend Fire","floor":12,"key":"SMITH"},{"data":"Shrug It Off","floor":15,"key":"SMITH"},{"data":"1","floor":24,"key":"LIFT"},{"data":"2","floor":29,"key":"LIFT"},{"data":"3","floor":32,"key":"LIFT"},{"floor":40,"key":"RECALL"}],"circlet_count":0,"master_deck":["Defend_R+1","Defend_R+1","Defend_R+1","Defend_R+1","Bash","Infernal Blade+1","Spot Weakness+1","Armaments+1","Offering","Hemokinesis","Shrug It Off+1","Pommel Strike+1","Clothesline+1","Thunderclap+1","Limit Break","Headbutt+1","Flame Barrier","Uppercut+1","J.A.X.","Heavy Blade+1","Bite+1","Bite+1","Bite+1","Bite+1","Bite+1","Power Through","Warcry+1","Pummel+1","Blood for Blood+1","Dramatic Entrance+1","Power Through","Twin Strike+1"],"relics":["Burning Blood","TungstenRod","Molten Egg 2","Fusion Hammer","Strawberry","Girya","Bag of Preparation","Blue Candle","Coffee Dripper","Bronze Scales","Juzu Bracelet","Sundial"],"acts_visited":["Exordium","TheCity","TheBeyond"],"potions_floor_usage":[13,14,25,25,50,50],"damage_taken":[{"damage":2,"enemies":"Small Slimes","floor":1,"turns":4},{"damage":1,"enemies":"Cultist","floor":2,"turns":3},{"damage":16,"enemies":"2 Louse","floor":3,"turns":3},{"damage":19,"enemies":"Exordium Thugs","floor":5,"turns":6},{"damage":6,"enemies":"Blue Slaver","floor":7,"turns":4},{"damage":20,"enemies":"Lagavulin","floor":11,"turns":6},{"damage":0,"enemies":"Exordium Wildlife","floor":13,"turns":1},{"damage":0,"enemies":"Lots of Slimes","floor":14,"turns":1},{"damage":44,"enemies":"Hexaghost","floor":16,"turns":11},{"damage":6,"enemies":"Spheric Guardian","floor":18,"turns":3},{"damage":10,"enemies":"Chosen","floor":21,"turns":5},{"damage":40,"enemies":"Book of Stabbing","floor":23,"turns":4},{"damage":13,"enemies":"Centurion and Healer","floor":25,"turns":8},{"damage":3,"enemies":"Cultist and Chosen","floor":28,"turns":6},{"damage":10,"enemies":"Gremlin Leader","floor":30,"turns":6},{"damage":2,"enemies":"Chosen and Byrds","floor":31,"turns":2},{"damage":41,"enemies":"Collector","floor":33,"turns":9},{"damage":4,"enemies":"Orb Walker","floor":35,"turns":2},{"damage":46,"enemies":"Nemesis","floor":41,"turns":5},{"damage":2,"enemies":"3 Shapes","floor":44,"turns":2},{"damage":2,"enemies":"Reptomancer","floor":45,"turns":3},{"damage":53,"enemies":"Awakened One","floor":50,"turns":7}],"seed_played":"-5439113758593628355","potions_obtained":[{"floor":3,"key":"AttackPotion"},{"floor":11,"key":"LiquidMemories"},{"floor":13,"key":"Weak Potion"},{"floor":14,"key":"BloodPotion"},{"floor":25,"key":"DuplicationPotion"},{"floor":31,"key":"FearPotion"},{"floor":41,"key":"BlessingOfTheForge"},{"floor":46,"key":"PowerPotion"},{"floor":46,"key":"LiquidBronze"}],"is_trial":false,"path_per_floor":["M","M","M","?","M","R","M","R","T","R","E","R","M","M","R","B",null,"M","$","?","M","?","E","R","M","T","?","M","R","E","M","R","B",null,"M","$","?","$","?","R","E","R","T","M","E","?","?","?","R","B",null],"character_chosen":"IRONCLAD","items_purchased":["Flame Barrier","Uppercut+1","Strawberry","Dramatic Entrance+1"],"campfire_rested":0,"item_purchase_floors":[19,19,19,38],"current_hp_per_floor":[80,80,70,70,57,57,57,57,57,57,43,43,49,71,71,33,80,80,87,87,83,60,35,35,52,52,52,60,60,60,60,60,40,60,60,60,60,60,60,60,32,32,32,42,55,55,55,55,55,29],"gold":279,"neow_bonus":"TRANSFORM_CARD","is_daily":false,"chose_seed":false,"campfire_upgraded":5,"win_rate":0.0,"timestamp":1612150817,"path_taken":["M","M","M","?","M","R","M","R","T","R","E","R","M","M","R","BOSS","M","$","?","M","?","E","R","M","T","?","?","R","E","M","R","BOSS","M","$","?","?","?","R","E","R","T","M","E","?","?","?","R","BOSS"],"items_purchased_type":["Card","Card","Relic","Card"],"build_version":"2020-12-22","purchased_purges":1,"victory":true,"max_hp_per_floor":[80,80,80,80,80,80,80,80,80,80,80,80,80,80,80,80,80,80,87,87,87,60,60,60,60,60,60,60,60,60,60,60,60,60,60,60,60,60,60,60,60,60,60,60,60,60,60,60,60,60],"card_choices":[{"not_picked":["Body Slam","Headbutt"],"picked":"Infernal Blade","floor":1},{"not_picked":["Cleave","Body Slam"],"picked":"Spot Weakness","floor":2},{"not_picked":["Feel No Pain","Anger"],"picked":"Armaments","floor":3},{"not_picked":["Clash","Body Slam"],"picked":"Hemokinesis","floor":5},{"not_picked":["Warcry","Infernal Blade"],"picked":"Shrug It Off","floor":7},{"not_picked":["Feel No Pain","Shockwave"],"picked":"Pommel Strike+1","floor":11},{"not_picked":["Havoc","Anger+1"],"picked":"Clothesline+1","floor":13},{"not_picked":["Evolve","Dropkick+1"],"picked":"Thunderclap+1","floor":14},{"not_picked":["Double Tap","Bludgeon+1"],"picked":"Limit Break","floor":16},{"not_picked":["Dark Embrace","Perfected Strike+1"],"picked":"Headbutt+1","floor":18},{"not_picked":["Shrug It Off+1","Sword Boomerang+1"],"picked":"Heavy Blade+1","floor":21},{"not_picked":["True Grit","Havoc"],"picked":"Power Through","floor":23},{"not_picked":["Bludgeon+1","Headbutt+1"],"picked":"Warcry+1","floor":25},{"not_picked":["Headbutt+1","Wild Strike+1"],"picked":"True Grit+1","floor":28},{"not_picked":["Sword Boomerang+1","Body Slam+1"],"picked":"Pummel+1","floor":30},{"not_picked":["Second Wind","Rage+1"],"picked":"Blood for Blood+1","floor":31},{"not_picked":["Feed+1","Berserk"],"picked":"Limit Break","floor":33},{"not_picked":["Carnage+1","Wild Strike+1","Thunderclap+1"],"picked":"SKIP","floor":35},{"not_picked":["Clothesline+1","Havoc+1"],"picked":"Power Through","floor":41},{"not_picked":["Havoc","Juggernaut"],"picked":"Twin Strike+1","floor":44},{"not_picked":["Immolate+1","Clothesline+1","Shrug It Off"],"picked":"SKIP","floor":45}],"player_experience":257671,"relics_obtained":[{"floor":9,"key":"TungstenRod"},{"floor":11,"key":"Molten Egg 2"},{"floor":23,"key":"Girya"},{"floor":26,"key":"Bag of Preparation"},{"floor":30,"key":"Blue Candle"},{"floor":41,"key":"Bronze Scales"},{"floor":43,"key":"Juzu Bracelet"},{"floor":45,"key":"Sundial"}],"event_choices":[{"damage_healed":0,"gold_gain":0,"cards_transformed":["Strike_R"],"player_choice":"Transformed","damage_taken":0,"max_hp_gain":0,"max_hp_loss":0,"event_name":"Transmorgrifier","floor":4,"gold_loss":0,"cards_obtained":["Offering"]},{"damage_healed":0,"gold_gain":0,"player_choice":"Obtain J.A.X.","damage_taken":0,"max_hp_gain":0,"max_hp_loss":0,"event_name":"Drug Dealer","floor":20,"gold_loss":0,"cards_obtained":["J.A.X."]},{"damage_healed":0,"gold_gain":0,"player_choice":"Became a vampire","damage_taken":0,"max_hp_gain":0,"max_hp_loss":27,"event_name":"Vampires","floor":22,"gold_loss":0,"cards_obtained":["Bite","Bite","Bite","Bite","Bite"]},{"damage_healed":0,"gold_gain":0,"player_choice":"Simplicity","damage_taken":0,"max_hp_gain":0,"max_hp_loss":0,"event_name":"Back to Basics","floor":27,"gold_loss":0,"cards_upgraded":["Defend_R","Defend_R","Defend_R","Defend_R"]},{"cards_removed":["True Grit"],"damage_healed":5,"gold_gain":0,"player_choice":"Offered Common","damage_taken":0,"max_hp_gain":0,"max_hp_loss":0,"event_name":"Bonfire Elementals","floor":37,"gold_loss":0},{"cards_removed":["True Grit"],"damage_healed":5,"gold_gain":0,"player_choice":"Offered Special","damage_taken":0,"max_hp_gain":0,"max_hp_loss":0,"event_name":"Bonfire Elementals","floor":37,"gold_loss":0},{"cards_removed":["Limit Break"],"damage_healed":0,"gold_gain":0,"player_choice":"Removed Skill","damage_taken":0,"max_hp_gain":0,"max_hp_loss":0,"event_name":"Falling","floor":39,"gold_loss":0},{"damage_healed":0,"gold_gain":0,"player_choice":"Got Potions","damage_taken":0,"max_hp_gain":0,"max_hp_loss":0,"event_name":"Lab","floor":46,"gold_loss":0},{"damage_healed":0,"gold_gain":0,"player_choice":"Ignored","damage_taken":0,"max_hp_gain":0,"max_hp_loss":0,"event_name":"NoteForYourself","floor":47,"gold_loss":0},{"damage_healed":0,"gold_gain":0,"player_choice":"Memory 1","damage_taken":0,"max_hp_gain":0,"max_hp_loss":0,"event_name":"SensoryStone","floor":48,"gold_loss":0}],"is_beta":false,"boss_relics":[{"not_picked":["Velvet Choker","Snecko Eye"],"picked":"Fusion Hammer"},{"not_picked":["Black Star","Calling Bell"],"picked":"Coffee Dripper"}],"items_purged_floors":[36],"is_endless":false,"potions_floor_spawned":[3,11,13,14,25,31,41,45],"ascension_level":0}}