{"host":"609l7sx3bs4zmbf1","time":1612198428,"event":{"mods":["AchievementEnabler","Aspiration","BaseMod","Bestiary","Better Altar","Better Match","Better Note","Better Sensory Stone","Better Skull","Better Third Choice","BetterRewards","Conspire","GifTheSpireLib","Hero for Fun","Hubris","Minty Spire (QoL Compilation)","Rare Cards Sparkle","Spicy Shops","StSLib","Stuff the Spire","The Blue Laboratory","Uncapped","Waifu the Spire"],"gold_per_floor":[114,130,130,149,149,149,160,195,195,195,214,214,227,256,256,356,356,366,366,378,378,128,157,157,191,214,214,214,214,229,256,256,357,357,377,406,424,471,471,471,491,511,558,518,518,518,543,329,329,329,329,329,2,29,29],"floor_reached":56,"language":"ENG","playtime":5523,"items_purged":[],"score":1511,"play_id":"41150c3a-f583-4f49-8efb-16d5fddb8135","local_time":"20210201105348","is_ascension_mode":false,"campfire_choices":[{"floor":6.0,"key":"RECALL"},{"floor":10.0,"key":"REST"},{"data":"White Noise","floor":12.0,"key":"SMITH"},{"data":"White Noise","floor":15.0,"key":"SMITH"},{"floor":27.0,"key":"REST"},{"floor":29.0,"key":"REST"},{"floor":32.0,"key":"REST"},{"floor":40.0,"key":"REST"},{"floor":45.0,"key":"REST"},{"data":"StuffTheSpire:BrainWave","floor":49.0,"key":"SMITH"},{"data":"StuffTheSpire:BrainWave","floor":52.0,"key":"SMITH"}],"circlet_count":0,"master_deck":["Strike_B","Strike_B","Strike_B","Strike_B","Defend_B","Defend_B","Defend_B","Defend_B","Zap","Dualcast","Loop","Chaos+1","Steam","Steam+1","Multi-Cast","Go for the Eyes","White Noise+1","Conserve Battery","White Noise+1","Lockon","StuffTheSpire:ForEach","Storm","Apotheosis+1","StuffTheSpire:LoadUp+1","StuffTheSpire:BrainWave+1","Machine Learning","Ball Lightning","Ball Lightning","Ball Lightning","Sunder","Amplify","hubris:PowerSurge+1","Core Surge","Beam Cell+1","Go for the Eyes+1","Leap+1","Master of Strategy","Master of Strategy","Turbo","Multi-Cast","Go for the Eyes+1","Hello World","StuffTheSpire:BrainWave+1","Defragment","Defragment","Leap+1"],"relics":["Cracked Core","Omamori","Bag of Preparation","aspiration:HummingbirdHeart","Calling Bell","Oddly Smooth Stone","The Courier","Calipers","Sling","Tiny Chest","conspire:TopHat","Dream Catcher","Juzu Bracelet","Nilry\u0027s Codex","TungstenRod","hubris:Backtick","Membership Card","Bag of Marbles","Potion Belt","PreservedInsect","Blood Vial","Pear","Lee\u0027s Waffle","conspire:Dentures","ClockworkSouvenir","Unceasing Top","aspiration:EnhancedActuators","War Paint"],"acts_visited":["Exordium","TheCity","TheBeyond","TheEnding"],"potions_floor_usage":[55,55],"damage_taken":[{"damage":0.0,"enemies":"2 Louse","floor":1.0,"turns":4.0},{"damage":0.0,"enemies":"Cultist","floor":2.0,"turns":4.0},{"damage":6.0,"enemies":"Jaw Worm","floor":4.0,"turns":3.0},{"damage":10.0,"enemies":"Exordium Thugs","floor":7.0,"turns":6.0},{"damage":8.0,"enemies":"Lagavulin","floor":8.0,"turns":4.0},{"damage":0.0,"enemies":"conspire:2 RoseBushes","floor":11.0,"turns":5.0},{"damage":0.0,"enemies":"Exordium Wildlife","floor":13.0,"turns":5.0},{"damage":6.0,"enemies":"Gremlin Nob","floor":14.0,"turns":4.0},{"damage":28.0,"enemies":"Slime Boss","floor":16.0,"turns":8.0},{"damage":13.0,"enemies":"Shell Parasite","floor":18.0,"turns":6.0},{"damage":7.0,"enemies":"conspire:FuzzyDice","floor":20.0,"turns":2.0},{"damage":0.0,"enemies":"Gremlin Leader","floor":23.0,"turns":4.0},{"damage":2.0,"enemies":"Book of Stabbing","floor":25.0,"turns":5.0},{"damage":7.0,"enemies":"Shelled Parasite and Fungi","floor":30.0,"turns":4.0},{"damage":16.0,"enemies":"conspire:Head Lice","floor":31.0,"turns":9.0},{"damage":26.0,"enemies":"Collector","floor":33.0,"turns":5.0},{"damage":0.0,"enemies":"Orb Walker","floor":35.0,"turns":3.0},{"damage":18.0,"enemies":"conspire:MimicChest","floor":36.0,"turns":4.0},{"damage":16.0,"enemies":"3 Darklings","floor":37.0,"turns":4.0},{"damage":12.0,"enemies":"Writhing Mass","floor":41.0,"turns":4.0},{"damage":4.0,"enemies":"Jaw Worm Horde","floor":42.0,"turns":4.0},{"damage":15.0,"enemies":"Donu and Deca","floor":50.0,"turns":7.0},{"damage":28.0,"enemies":"Shield and Spear","floor":54.0,"turns":5.0},{"damage":39,"enemies":"The Heart","floor":55,"turns":11}],"seed_played":"5884579894037288420","potions_obtained":[{"floor":2.0,"key":"blueLaboratory:BottledHope"},{"floor":4.0,"key":"BlessingOfTheForge"},{"floor":13.0,"key":"blueLaboratory:HeartbeatPotion"},{"floor":14.0,"key":"AttackPotion"},{"floor":18.0,"key":"Explosive Potion"},{"floor":20.0,"key":"Explosive Potion"},{"floor":25.0,"key":"PowerPotion"},{"floor":41.0,"key":"Block Potion"},{"floor":42.0,"key":"blueLaboratory:HorrorPotion"}],"is_trial":false,"path_per_floor":["M","M","?","M","?","R","M","E","T","R","M","R","M","E","R","B",null,"M","?","M","?","$","E","?","E","T","R","?","R","M","E","R","B",null,"M","?","M","T","?","R","M","M","T","?","R","?","T","$","R","B",null,"R","$","E","B",null],"character_chosen":"DEFECT","items_purchased":["Omamori","Bag of Preparation","Loop","Chaos","Sling","Tiny Chest","Pear","Lee\u0027s Waffle","blueLaboratory:BottleOfVodka","blueLaboratory:PlasmaFuel","Defragment","Defragment","conspire:Dentures","ClockworkSouvenir","Unceasing Top","aspiration:EnhancedActuators","blueLaboratory:HummingbirdPotion","blueLaboratory:BottledHope"],"campfire_rested":6,"item_purchase_floors":[0,0,0,0,22,22,48,48,48,48,53,53,53,53,53,53,53,53],"current_hp_per_floor":[60,60,60,54,54,54,44,36,36,58,58,58,58,52,52,24,75,62,62,55,55,55,55,55,53,53,75,59,75,68,52,74,48,75,75,57,41,41,41,63,51,47,47,47,69,68,68,85,85,70,85,85,85,57,20],"gold":29,"neow_bonus":"","is_daily":false,"chose_seed":false,"campfire_upgraded":4,"win_rate":0.0,"timestamp":1612198428,"path_taken":["M","M","?","?","?","R","M","E","T","R","?","R","M","E","R","BOSS","M","?","M","?","?","E","?","E","T","R","?","R","M","E","R","BOSS","M","?","M","?","?","R","M","M","T","?","R","?","?","$","R","BOSS","R","$","E","BOSS"],"items_purchased_type":["Relic","Relic","Card","Card","Relic","Relic","Relic","Relic","Potion","Potion","Card","Card","Relic","Relic","Relic","Relic","Potion","Potion"],"build_version":"2020-12-22","purchased_purges":0,"victory":true,"max_hp_per_floor":[75,75,75,75,75,75,75,75,75,75,75,75,75,75,75,75,75,75,75,75,75,75,75,75,75,75,75,75,75,75,75,75,75,75,75,75,75,75,75,75,75,75,75,75,75,68,68,85,85,85,85,85,85,85,85],"card_choices":[{"not_picked":["Blizzard","Gash"],"picked":"Steam","floor":1.0},{"not_picked":["Turbo","StuffTheSpire:ShieldGenerator"],"picked":"Leap","floor":2.0},{"not_picked":["Skim","Leap"],"picked":"Steam","floor":4.0},{"not_picked":["Thunder Strike","Leap"],"picked":"Go for the Eyes","floor":7.0},{"not_picked":["Scrape","Ball Lightning"],"picked":"White Noise","floor":8.0},{"not_picked":["StuffTheSpire:Plugnplay","Hologram"],"picked":"Conserve Battery","floor":11.0},{"not_picked":["conspire:Rain","StuffTheSpire:LoadUp"],"picked":"White Noise","floor":13.0},{"not_picked":["Steam","Rebound"],"picked":"Lockon","floor":14.0},{"not_picked":["StuffTheSpire:EventHorizon","hubris:DoWhile"],"picked":"StuffTheSpire:ForEach","floor":16.0},{"not_picked":["Conserve Battery","Rebound"],"picked":"Storm","floor":18.0},{"not_picked":["Steam Power","Stack"],"picked":"StuffTheSpire:LoadUp+1","floor":20.0},{"not_picked":["StuffTheSpire:Vigor","StuffTheSpire:Brawn"],"picked":"StuffTheSpire:BrainWave","floor":21.0},{"not_picked":["Barrage","Heatsinks"],"picked":"Machine Learning","floor":23.0},{"not_picked":["Coolheaded+1","StuffTheSpire:LoadUp"],"picked":"Ball Lightning","floor":25.0},{"not_picked":["StuffTheSpire:LoadUp+1","Rebound"],"picked":"Ball Lightning","floor":27.0},{"not_picked":["Gash","Rip and Tear+1"],"picked":"Ball Lightning","floor":29.0},{"not_picked":["Multi-Cast","Sweeping Beam+1"],"picked":"Sunder","floor":30.0},{"not_picked":["Auto Shields","Turbo+1"],"picked":"Amplify","floor":31.0},{"not_picked":["Steam","Barrage"],"picked":"hubris:PowerSurge","floor":32.0},{"not_picked":["hubris:DoWhile","Multi-Cast"],"picked":"Core Surge","floor":33.0},{"not_picked":["conspire:Rain+1","Hologram"],"picked":"Beam Cell+1","floor":35.0},{"not_picked":["StuffTheSpire:SnapShoot","Cold Snap"],"picked":"Go for the Eyes+1","floor":36.0},{"not_picked":["Blizzard","Compile Driver+1"],"picked":"Leap+1","floor":37.0},{"not_picked":["Bandage Up","Secret Technique"],"picked":"Master of Strategy","floor":39.0},{"not_picked":["Apotheosis","Deep Breath"],"picked":"Master of Strategy","floor":39.0},{"not_picked":["Conserve Battery+1","StuffTheSpire:Plugnplay+1"],"picked":"Turbo","floor":40.0},{"not_picked":["StuffTheSpire:LoadUp","Cold Snap"],"picked":"Multi-Cast","floor":41.0},{"not_picked":["Turbo+1","Gash+1"],"picked":"Go for the Eyes+1","floor":42.0},{"not_picked":["Melter","Gash"],"picked":"Hello World","floor":45.0},{"not_picked":["Steam Power+1","aspiration:Polymerization"],"picked":"Leap+1","floor":54.0}],"player_experience":429880,"relics_obtained":[{"floor":8.0,"key":"hubris:SlimyHat"},{"floor":14.0,"key":"aspiration:HummingbirdHeart"},{"floor":17.0,"key":"Oddly Smooth Stone"},{"floor":17.0,"key":"The Courier"},{"floor":17.0,"key":"Calipers"},{"floor":23.0,"key":"conspire:TopHat"},{"floor":25.0,"key":"Dream Catcher"},{"floor":26.0,"key":"Juzu Bracelet"},{"floor":28.0,"key":"Nilry\u0027s Codex"},{"floor":31.0,"key":"TungstenRod"},{"floor":36.0,"key":"Bag of Marbles"},{"floor":38.0,"key":"Potion Belt"},{"floor":43.0,"key":"PreservedInsect"},{"floor":47.0,"key":"Blood Vial"},{"floor":54.0,"key":"War Paint"}],"event_choices":[{"cards_removed":["Defend_R"],"damage_healed":0.0,"max_hp_gain":0.0,"max_hp_loss":0.0,"gold_gain":0.0,"event_name":"Purifier","player_choice":"Purged","floor":3.0,"gold_loss":0.0,"damage_taken":0.0},{"damage_healed":0.0,"max_hp_gain":0.0,"max_hp_loss":0.0,"gold_gain":0.0,"cards_transformed":["Leap"],"event_name":"Transmorgrifier","player_choice":"Transformed","floor":5.0,"gold_loss":0.0,"damage_taken":0.0,"cards_obtained":["Multi-Cast"]},{"cards_removed":["White Noise"],"damage_healed":0.0,"max_hp_gain":0.0,"max_hp_loss":0.0,"gold_gain":0.0,"event_name":"betterNote:BetterNote","player_choice":"Take \u0026 Give","floor":19.0,"gold_loss":0.0,"damage_taken":0.0,"cards_obtained":["Apotheosis"]},{"damage_healed":0.0,"max_hp_gain":0.0,"max_hp_loss":0.0,"gold_gain":0.0,"event_name":"Ghosts","player_choice":"Ignored","floor":24.0,"gold_loss":0.0,"damage_taken":0.0},{"damage_healed":0.0,"max_hp_gain":0.0,"max_hp_loss":0.0,"gold_gain":0.0,"event_name":"Cursed Tome","player_choice":"Obtained Book","floor":28.0,"gold_loss":0.0,"damage_taken":16.0},{"damage_healed":0.0,"max_hp_gain":0.0,"max_hp_loss":0.0,"gold_gain":3.0,"event_name":"betterStone:BetterStone","player_choice":"1","floor":39.0,"gold_loss":0.0,"damage_taken":0.0},{"damage_healed":0.0,"max_hp_gain":0.0,"max_hp_loss":0.0,"gold_gain":0.0,"event_name":"Designer","player_choice":"Upgrade","floor":44.0,"gold_loss":40.0,"damage_taken":0.0,"cards_upgraded":["hubris:PowerSurge"]}],"is_beta":false,"boss_relics":[{"not_picked":["Ectoplasm","Runic Pyramid"],"picked":"Calling Bell"},{"not_picked":["Black Star","conspire:RoyalGoblet"],"picked":"hubris:Backtick"}],"items_purged_floors":[],"is_endless":false,"potions_floor_spawned":[2,4,13,14,18,20,25,41,42],"ascension_level":0}}