{"host":"qm4rv4rkpk76sbxu","time":1612185333,"event":{"mods":["BaseMod","Bestiary","Block Reminder","DeckTracker","Filter the Spire","Keyboard Shortcuts","Minty Spire (QoL Compilation)","MonsterHotkey","Quick Restart","Random Character Button","Relic Stats","Slay-I","StSLib","Unceasing Turn Reminder","ojb\u0027s Better Paths Mod","ojb\u0027s Info Mod"],"gold_per_floor":[117,117,130,149,161,189,201,230,242,254,298,310,338,367,379,490,502,528,540,552,581,50,50,81,101,169,169,198,211,211,245,245,346,346,359,378,389,405,101,134,134,160,214,226,253,286,313,354,354,354,354,354,18,44,44],"floor_reached":56,"language":"ENG","playtime":5386,"items_purged":["Strike_B","Strike_B"],"score":1786,"play_id":"ccd51bca-c631-4186-b7ee-e15ffd467670","local_time":"20210201141533","is_ascension_mode":true,"campfire_choices":[{"data":"Defragment","floor":15.0,"key":"SMITH"},{"data":"Defragment","floor":23.0,"key":"SMITH"},{"data":"Biased Cognition","floor":27.0,"key":"SMITH"},{"data":"Capacitor","floor":30.0,"key":"SMITH"},{"data":"Double Energy","floor":32.0,"key":"SMITH"},{"data":"Creative AI","floor":41.0,"key":"SMITH"},{"floor":49.0,"key":"RECALL"},{"data":"Aggregate","floor":52.0,"key":"SMITH"}],"circlet_count":0,"master_deck":["Defend_B","Defend_B","Defend_B","Zap","Dualcast","Coolheaded","Compile Driver","Cold Snap","Biased Cognition+1","Darkness","Defragment+1","Double Energy+1","Reinforced Body","Machine Learning+1","Heatsinks+1","FTL+1","Gash+1","Defragment+1","Capacitor+1","Self Repair","Compile Driver","Conserve Battery","Conserve Battery+1","Hologram","Creative AI+1","Skim+1","Compile Driver+1","Steam Power+1","Biased Cognition","Glacier","Aggregate+1","Turbo+1","Stack+1","Double Energy","Blind"],"relics":["Sozu","WarpedTongs","MawBank","Bag of Marbles","Astrolabe","Medical Kit","Gremlin Horn","Symbiotic Virus","Meat on the Bone","Dream Catcher","Toy Ornithopter","Black Star","Art of War","Pen Nib","WingedGreaves","Bronze Scales","Cables","MealTicket","DataDisk","Unceasing Top","Anchor","Bag of Preparation","CaptainsWheel","Orichalcum","CeramicFish","Regal Pillow","Lee\u0027s Waffle","Mummified Hand","Du-Vu Doll"],"acts_visited":["Exordium","TheCity","TheBeyond","TheEnding"],"potions_floor_usage":[],"damage_taken":[{"damage":0.0,"enemies":"Small Slimes","floor":1.0,"turns":3.0},{"damage":4.0,"enemies":"Cultist","floor":3.0,"turns":4.0},{"damage":0.0,"enemies":"Jaw Worm","floor":4.0,"turns":4.0},{"damage":28.0,"enemies":"Exordium Thugs","floor":5.0,"turns":4.0},{"damage":23.0,"enemies":"3 Sentries","floor":6.0,"turns":7.0},{"damage":17.0,"enemies":"Lots of Slimes","floor":8.0,"turns":5.0},{"damage":12.0,"enemies":"Lagavulin","floor":11.0,"turns":5.0},{"damage":0.0,"enemies":"Large Slime","floor":13.0,"turns":5.0},{"damage":3.0,"enemies":"3 Louse","floor":14.0,"turns":4.0},{"damage":16.0,"enemies":"Hexaghost","floor":16.0,"turns":9.0},{"damage":12.0,"enemies":"Chosen","floor":18.0,"turns":4.0},{"damage":5.0,"enemies":"Shell Parasite","floor":21.0,"turns":4.0},{"damage":35.0,"enemies":"Slavers","floor":24.0,"turns":7.0},{"damage":0.0,"enemies":"Snecko","floor":25.0,"turns":6.0},{"damage":7.0,"enemies":"Book of Stabbing","floor":28.0,"turns":5.0},{"damage":5.0,"enemies":"Centurion and Healer","floor":29.0,"turns":6.0},{"damage":25.0,"enemies":"Slavers","floor":31.0,"turns":6.0},{"damage":1.0,"enemies":"Collector","floor":33.0,"turns":10.0},{"damage":0.0,"enemies":"3 Shapes","floor":35.0,"turns":4.0},{"damage":20.0,"enemies":"3 Darklings","floor":36.0,"turns":7.0},{"damage":42.0,"enemies":"4 Shapes","floor":37.0,"turns":7.0},{"damage":27.0,"enemies":"Jaw Worm Horde","floor":38.0,"turns":6.0},{"damage":15.0,"enemies":"Reptomancer","floor":40.0,"turns":8.0},{"damage":19.0,"enemies":"Nemesis","floor":42.0,"turns":7.0},{"damage":13.0,"enemies":"Spire Growth","floor":44.0,"turns":4.0},{"damage":1.0,"enemies":"Reptomancer","floor":45.0,"turns":5.0},{"damage":10.0,"enemies":"Giant Head","floor":46.0,"turns":6.0},{"damage":0.0,"enemies":"Reptomancer","floor":47.0,"turns":4.0},{"damage":0.0,"enemies":"Nemesis","floor":48.0,"turns":5.0},{"damage":4.0,"enemies":"Donu and Deca","floor":50.0,"turns":8.0},{"damage":0.0,"enemies":"Shield and Spear","floor":54.0,"turns":5.0},{"damage":60,"enemies":"The Heart","floor":55,"turns":9}],"seed_played":"7433552100033119985","potions_obtained":[],"is_trial":false,"path_per_floor":["M","?","M","M","M","E","?","M","T","$","E","?","M","M","R","B",null,"M","?","?","M","$","R","E","M","T","R","E","M","R","E","R","B",null,"M","M","M","M","$","E","R","E","T","M","E","E","E","E","R","B",null,"R","$","E","B",null],"character_chosen":"DEFECT","items_purchased":["Medical Kit","Self Repair","Compile Driver","Gremlin Horn","Conserve Battery","Biased Cognition","Art of War","Lee\u0027s Waffle","Blind"],"campfire_rested":0,"item_purchase_floors":[22,22,22,22,22,39,39,53,53],"current_hp_per_floor":[75,75,71,71,43,20,75,58,58,58,46,46,46,43,43,27,75,63,63,63,58,58,58,30,37,37,37,52,54,54,48,48,54,75,75,62,39,31,31,35,35,35,35,41,47,56,63,70,70,75,75,75,82,82,41],"gold":44,"neow_bonus":"BOSS_RELIC","is_daily":false,"chose_seed":false,"campfire_upgraded":7,"win_rate":0.0,"timestamp":1612185333,"path_taken":["M","?","?","?","M","E","?","?","T","?","E","?","M","M","R","BOSS","M","?","?","M","$","R","E","M","T","R","E","?","R","E","R","BOSS","M","?","M","M","$","E","R","E","T","?","E","E","E","E","R","BOSS","R","$","E","BOSS"],"items_purchased_type":["Relic","Card","Card","Relic","Card","Card","Relic","Relic","Card"],"build_version":"2020-12-22","purchased_purges":2,"victory":true,"max_hp_per_floor":[75,75,75,75,75,75,75,75,75,75,75,75,75,75,75,75,75,75,75,75,75,75,75,75,75,75,75,75,75,75,75,75,75,75,75,75,75,75,75,75,75,75,75,75,75,75,75,75,75,75,75,75,82,82,82],"relic_stats":{"Regal Pillow":0,"Lee\u0027s Waffle":7,"Gremlin Horn":[32,32],"counters":[32,183],"Astrolabe":["Heatsinks","FTL","Gash"],"CeramicFish":18,"Pen Nib":[12],"Bag of Preparation":[10],"Orichalcum":[0],"MawBank":192,"Medical Kit":[72],"WarpedTongs":[180],"Cables":[46,3,16,27,0],"Sozu":15,"Dream Catcher":0,"Mummified Hand":[16],"Bronze Scales":[232],"MealTicket":0,"Black Star":7,"Art of War":[6],"obtain_stats":[{"Regal Pillow":48,"Gremlin Horn":22,"CeramicFish":48,"Bag of Preparation":46,"Sozu":0,"Dream Catcher":28,"Mummified Hand":54,"MealTicket":43,"WingedGreaves":40,"Cracked Core":0,"Lee\u0027s Waffle":53,"Astrolabe":17,"Pen Nib":40,"Orichalcum":47,"MawBank":6,"Medical Kit":22,"WarpedTongs":2,"Cables":42,"Du-Vu Doll":54,"DataDisk":45,"Anchor":46,"CaptainsWheel":47,"Bronze Scales":42,"Bag of Marbles":11,"Black Star":34,"Art of War":39,"Symbiotic Virus":24,"Toy Ornithopter":31,"Unceasing Top":45,"Meat on the Bone":26},{"Regal Pillow":29,"Gremlin Horn":12,"CeramicFish":29,"Bag of Preparation":27,"Sozu":0,"Dream Catcher":15,"Mummified Hand":31,"MealTicket":24,"WingedGreaves":23,"Cracked Core":0,"Lee\u0027s Waffle":30,"Astrolabe":10,"Pen Nib":23,"Orichalcum":28,"MawBank":5,"Medical Kit":12,"WarpedTongs":1,"Cables":24,"Du-Vu Doll":31,"DataDisk":26,"Anchor":27,"CaptainsWheel":28,"Bronze Scales":24,"Bag of Marbles":7,"Black Star":18,"Art of War":22,"Symbiotic Virus":13,"Toy Ornithopter":17,"Unceasing Top":26,"Meat on the Bone":14},{"Regal Pillow":161,"Gremlin Horn":58,"CeramicFish":161,"Bag of Preparation":152,"Sozu":0,"Dream Catcher":76,"Mummified Hand":174,"MealTicket":137,"WingedGreaves":130,"Cracked Core":0,"Lee\u0027s Waffle":169,"Astrolabe":50,"Pen Nib":130,"Orichalcum":156,"MawBank":22,"Medical Kit":58,"WarpedTongs":3,"Cables":137,"Du-Vu Doll":174,"DataDisk":146,"Anchor":152,"CaptainsWheel":156,"Bronze Scales":137,"Bag of Marbles":32,"Black Star":98,"Art of War":122,"Symbiotic Virus":65,"Toy Ornithopter":88,"Unceasing Top":146,"Meat on the Bone":71}],"Toy Ornithopter":0,"Unceasing Top":[9],"Meat on the Bone":108},"card_choices":[{"not_picked":["Redo","Stack"],"picked":"Coolheaded","floor":1.0},{"not_picked":["Rebound","Go for the Eyes"],"picked":"Loop","floor":3.0},{"not_picked":["Fusion","Streamline"],"picked":"Compile Driver","floor":4.0},{"not_picked":["Coolheaded","Conserve Battery"],"picked":"Cold Snap","floor":5.0},{"not_picked":["White Noise","Leap"],"picked":"Biased Cognition","floor":6.0},{"not_picked":["Streamline","Steam"],"picked":"Darkness","floor":8.0},{"not_picked":["Rebound","Aggregate"],"picked":"Defragment","floor":11.0},{"not_picked":["Compile Driver","Conserve Battery"],"picked":"Double Energy","floor":13.0},{"not_picked":["Redo","Steam"],"picked":"Reinforced Body","floor":14.0},{"not_picked":["Meteor Strike","All For One"],"picked":"Machine Learning","floor":16.0},{"not_picked":["Redo+1","Chill"],"picked":"Defragment","floor":18.0},{"not_picked":["Beam Cell","Cold Snap"],"picked":"Capacitor","floor":21.0},{"not_picked":["Gash","FTL","Rebound"],"picked":"SKIP","floor":24.0},{"not_picked":["Cold Snap","Sunder+1","Consume"],"picked":"SKIP","floor":25.0},{"not_picked":["Hyperbeam","Tempest"],"picked":"Conserve Battery+1","floor":28.0},{"not_picked":["Gash","Static Discharge"],"picked":"Hologram","floor":29.0},{"not_picked":["Redo","Reinforced Body","Go for the Eyes"],"picked":"SKIP","floor":31.0},{"not_picked":["Rainbow","Buffer"],"picked":"Creative AI","floor":33.0},{"not_picked":["Gash+1","Streamline+1"],"picked":"Skim+1","floor":35.0},{"not_picked":["Beam Cell+1","Streamline+1","Steam"],"picked":"SKIP","floor":36.0},{"not_picked":["Rebound","FTL+1"],"picked":"Compile Driver+1","floor":37.0},{"not_picked":["Cold Snap","Beam Cell"],"picked":"Steam Power+1","floor":38.0},{"not_picked":["Rebound+1","Electrodynamics"],"picked":"Glacier","floor":40.0},{"not_picked":["Compile Driver+1","Sweeping Beam","Coolheaded"],"picked":"SKIP","floor":42.0},{"not_picked":["Sweeping Beam+1","Doom and Gloom+1"],"picked":"Aggregate","floor":44.0},{"not_picked":["Sweeping Beam","Melter","Steam"],"picked":"SKIP","floor":45.0},{"not_picked":["Conserve Battery","Tempest+1"],"picked":"Turbo+1","floor":46.0},{"not_picked":["Hyperbeam","Gash+1"],"picked":"Stack+1","floor":47.0},{"not_picked":["Rebound+1","Streamline"],"picked":"Double Energy","floor":48.0},{"not_picked":["Go for the Eyes","Sweeping Beam","FTL"],"picked":"SKIP","floor":54.0}],"player_experience":1484937,"relics_obtained":[{"floor":6.0,"key":"MawBank"},{"floor":11.0,"key":"Bag of Marbles"},{"floor":24.0,"key":"Symbiotic Virus"},{"floor":26.0,"key":"Meat on the Bone"},{"floor":28.0,"key":"Dream Catcher"},{"floor":31.0,"key":"Toy Ornithopter"},{"floor":40.0,"key":"Pen Nib"},{"floor":40.0,"key":"WingedGreaves"},{"floor":42.0,"key":"Bronze Scales"},{"floor":42.0,"key":"Cables"},{"floor":43.0,"key":"MealTicket"},{"floor":45.0,"key":"DataDisk"},{"floor":45.0,"key":"Unceasing Top"},{"floor":46.0,"key":"Anchor"},{"floor":46.0,"key":"Bag of Preparation"},{"floor":47.0,"key":"CaptainsWheel"},{"floor":47.0,"key":"Orichalcum"},{"floor":48.0,"key":"CeramicFish"},{"floor":48.0,"key":"Regal Pillow"},{"floor":54.0,"key":"Mummified Hand"},{"floor":54.0,"key":"Du-Vu Doll"}],"event_choices":[{"damage_healed":0.0,"max_hp_gain":0.0,"max_hp_loss":0.0,"gold_gain":0.0,"event_name":"Accursed Blacksmith","player_choice":"Rummage","floor":2.0,"gold_loss":0.0,"damage_taken":0.0,"relics_obtained":["WarpedTongs"],"cards_obtained":["Pain"]},{"cards_removed":["Loop"],"damage_healed":55.0,"max_hp_gain":0.0,"max_hp_loss":0.0,"gold_gain":0.0,"event_name":"Bonfire Elementals","player_choice":"Offered Uncommon","floor":7.0,"gold_loss":0.0,"damage_taken":0.0},{"cards_removed":["Pain"],"damage_healed":0.0,"max_hp_gain":0.0,"max_hp_loss":0.0,"gold_gain":0.0,"event_name":"Living Wall","player_choice":"Forget","floor":12.0,"gold_loss":0.0,"damage_taken":0.0},{"damage_healed":0.0,"max_hp_gain":0.0,"max_hp_loss":0.0,"gold_gain":0.0,"event_name":"Vampires","player_choice":"Ignored","floor":19.0,"gold_loss":0.0,"damage_taken":0.0},{"damage_healed":0.0,"max_hp_gain":0.0,"max_hp_loss":0.0,"gold_gain":0.0,"event_name":"Upgrade Shrine","player_choice":"Upgraded","floor":20.0,"gold_loss":0.0,"damage_taken":0.0,"cards_upgraded":["Machine Learning"]}],"is_beta":false,"boss_relics":[{"not_picked":["Snecko Eye","SlaversCollar"],"picked":"Astrolabe"},{"not_picked":["Nuclear Battery","Empty Cage"],"picked":"Black Star"}],"items_purged_floors":[39,53],"is_endless":false,"potions_floor_spawned":[5,8,13,14,18,28,29,31,37,40,42,44,45,47,48],"ascension_level":4}}