{"host":"orwsrz1cc0wttjjy","time":1612203648,"event":{"mods":["100% Spire Juice","2.2 Compatiblity","AchievementEnabler","Arknights","Astrologer","BaseMod","Better Altar","Better Match","Better Skull","Better Third Choice","BetterRewards","CapriCore","ChefMod","Colored Map","Colored Powertips","Conspire","DeckTracker","Friendly Minions","Halation","Hermit","Hubris","Infinite Spire","Mimic Mod","Minty Spire (QoL Compilation)","MostiFishMod","Permanent Neow","Puzzle Mod","Relic Sorter","Relic Stats","Robot Space Explorer","Shop Mod","Spicy Shops","Spire Arcade","StSLib","Td1madao Mod","The Accelerator","The Animator","The Cursed","The Gatherer","The Hierophant","The Marked","The Poker Player","The Runesmith","Treasure Hunter","everything is the same but u backflip on backflip"],"gold_per_floor":[113,113,125,125,10,37,49,92,130,142,154,192,204,235,247,355,367,397,409,433,445,475,487,531,557,607,819,843,855,882,911,923,1036,1048,1077,1108,1120,1149,1186,1198,1198],"floor_reached":40,"language":"KOR","playtime":2886,"items_purged":[],"score":531,"play_id":"500971bf-b6d6-413e-b209-0e6d136d215d","local_time":"20210202032048","is_ascension_mode":false,"campfire_choices":[{"data":"theMarked:Opportunist","floor":7,"key":"SMITH"},{"floor":15,"key":"REST"},{"floor":23,"key":"REST"},{"floor":29,"key":"REST"},{"floor":32,"key":"REST"}],"circlet_count":0,"master_deck":["theMarked:Strike","theMarked:Strike","theMarked:Strike","theMarked:Strike","theMarked:Strike","theMarked:Defend","theMarked:Defend","theMarked:Defend","theMarked:Defend","theMarked:SoldierOfQuellstein","theMarked:SwordAndMagic","theMarked:Improvise","theMarked:Determination","theMarked:ResourceFulStrike","TH:DeckOfManyThings","theMarked:Opportunist+1","theMarked:Memento","TH:DeckOfManyThings","TH:DeckOfManyThings","Chrysalis","TH:DeckOfManyThings","theMarked:Memento","theMarked:MysticalArsenal","TH:DeckOfManyThings","theMarked:Abjuration","theMarked:Static","theMarked:WardOff","theMarked:EmpowerWeapon+1","theMarked:Aftermath","theMarked:Seal","theMarked:GodGivenPower","theMarked:Improvise+1","theMarked:Levitate","TH:DeckOfManyThings","theMarked:MagusForm","theMarked:AttractMetal+1","theMarked:GodGivenPower+1","theMarked:ChainLightning+1"],"relics":["theMarked:ArtifactOfAir","DaveBox","infinitespire:PuzzleCube","BirthdayGift-Tetrahedron","SynthV:TestCard","halation:EternalFortune","MawBank","Letter Opener","hubris:SlimyHat","Mummified Hand","Incense Burner","conspire:RunicOctahedron","Bottled Flame","BloodWine"],"acts_visited":["Exordium","TheCity","TheBeyond"],"potions_floor_usage":[16,22,35,35,35,40,40],"damage_taken":[{"damage":2,"enemies":"Small Slimes","floor":1,"turns":2},{"damage":2,"enemies":"Jaw Worm","floor":3,"turns":2},{"damage":10,"enemies":"3 Sentries","floor":6,"turns":3},{"damage":5,"enemies":"Lagavulin","floor":8,"turns":3},{"damage":2,"enemies":"Gremlin Nob","floor":12,"turns":2},{"damage":2,"enemies":"Cultist","floor":14,"turns":2},{"damage":35,"enemies":"Hexaghost","floor":16,"turns":4},{"damage":28,"enemies":"2 Thieves","floor":18,"turns":3},{"damage":4,"enemies":"Spheric Guardian","floor":20,"turns":3},{"damage":6,"enemies":"conspire:HollyBat","floor":22,"turns":4},{"damage":4,"enemies":"Cultist and Chosen","floor":24,"turns":3},{"damage":7,"enemies":"Cultist and Chosen","floor":25,"turns":4},{"damage":6,"enemies":"Shelled Parasite and Fungi","floor":26,"turns":4},{"damage":14,"enemies":"Shelled Parasite and Fungi","floor":28,"turns":3},{"damage":11,"enemies":"Snake Plant","floor":30,"turns":2},{"damage":9,"enemies":"Chosen and Byrds","floor":31,"turns":3},{"damage":40,"enemies":"conspire:MysteriousRune","floor":33,"turns":4},{"damage":13,"enemies":"3 Darklings","floor":35,"turns":3},{"damage":3,"enemies":"Orb Walker","floor":36,"turns":2},{"damage":9,"enemies":"Transient","floor":38,"turns":5},{"damage":81,"enemies":"Nightmare","floor":40,"turns":4}],"seed_played":"-2681995917435344142","potions_obtained":[{"floor":1,"key":"SkillPotion"},{"floor":3,"key":"SkillPotion"},{"floor":19,"key":"DistilledChaos"},{"floor":19,"key":"Weak Potion"},{"floor":22,"key":"SmokeBomb"},{"floor":30,"key":"BlessingOfTheForge"},{"floor":33,"key":"EssenceOfSteel"},{"floor":36,"key":"Block Potion"},{"floor":38,"key":"Dexterity Potion"}],"is_trial":false,"path_per_floor":["M","?","M","?","$","E","R","E","T","T","?","E","$","M","R","B",null,"M","?","M","$","M","R","MIM","M","MIM","?","M","R","M","M","R","B",null,"M","M","?","M","?","NM"],"character_chosen":"THE_DEFAULT","items_purchased":["theMarked:Determination","theMarked:ResourceFulStrike"],"campfire_rested":4,"item_purchase_floors":[5,5],"current_hp_per_floor":[68,68,66,69,69,59,59,57,57,57,57,55,55,53,75,40,76,48,48,44,44,38,60,56,49,43,43,29,51,40,31,53,13,76,68,65,65,75,75,0,0],"gold":1198,"neow_bonus":"RANDOM_COMMON_RELIC","is_daily":false,"chose_seed":false,"campfire_upgraded":1,"win_rate":0.0,"timestamp":1612203648,"path_taken":["M","?","M","?","?","E","R","E","T","?","?","E","?","?","R","BOSS","M","?","M","$","?","R","?","M","MIM","?","M","R","?","M","R","BOSS","M","M","?","M","?","NM"],"items_purchased_type":["Card","Card"],"build_version":"2020-12-22","purchased_purges":0,"victory":false,"max_hp_per_floor":[70,70,70,73,73,73,73,76,76,76,76,76,76,76,76,76,76,76,76,76,76,76,76,76,76,76,76,76,76,76,76,76,76,76,76,76,76,76,76,76,76],"relic_stats":{"counters":[21,65],"Mummified Hand":[42],"Letter Opener":[130],"MawBank":408,"obtain_stats":[{"DaveBox":0,"conspire:RunicOctahedron":17,"BloodWine":34,"hubris:SlimyHat":9,"Incense Burner":12,"Letter Opener":8,"MawBank":6,"theMarked:ArtifactOfAir":0,"Bottled Flame":26,"SynthV:TestCard":1,"Mummified Hand":10,"halation:EternalFortune":4,"infinitespire:PuzzleCube":0,"BirthdayGift-Tetrahedron":0},{"DaveBox":0,"conspire:RunicOctahedron":7,"BloodWine":17,"hubris:SlimyHat":4,"Incense Burner":5,"Letter Opener":4,"MawBank":3,"theMarked:ArtifactOfAir":0,"Bottled Flame":13,"SynthV:TestCard":1,"Mummified Hand":4,"halation:EternalFortune":2,"infinitespire:PuzzleCube":0,"BirthdayGift-Tetrahedron":0},{"DaveBox":0,"conspire:RunicOctahedron":18,"BloodWine":51,"hubris:SlimyHat":10,"Incense Burner":12,"Letter Opener":10,"MawBank":7,"theMarked:ArtifactOfAir":0,"Bottled Flame":39,"SynthV:TestCard":2,"Mummified Hand":10,"halation:EternalFortune":4,"infinitespire:PuzzleCube":0,"BirthdayGift-Tetrahedron":0}]},"card_choices":[{"not_picked":["theMarked:Heritage","theMarked:ResourceFulStrike"],"picked":"theMarked:SwordAndMagic","floor":1},{"not_picked":["theMarked:ElectricStrings","theMarked:Parry","theMarked:Reabsorb","theMarked:Convert"],"picked":"theMarked:Improvise","floor":3},{"not_picked":["TH:Mimic","TH:BikiniMail","TH:TreasureMap"],"picked":"TH:DeckOfManyThings","floor":6},{"not_picked":["theMarked:Aftermath","theMarked:Maelstrom","theMarked:DispelDoubt","theMarked:TakeCover"],"picked":"theMarked:Opportunist","floor":6},{"not_picked":["TH:CopperCoins","TH:TreasureMap","TH:ArmorSpikes"],"picked":"TH:DeckOfManyThings","floor":8},{"not_picked":["theMarked:Overthink","theMarked:Toughness","theMarked:Polarize","theMarked:Electrocute"],"picked":"theMarked:Memento","floor":8},{"not_picked":["TH:CopperCoins","TH:TreasureMap","TH:PixieDust"],"picked":"TH:DeckOfManyThings","floor":9},{"not_picked":["TH:CursedSword","TH:PixieDust","TH:TreasureMap"],"picked":"TH:DeckOfManyThings","floor":10},{"not_picked":["TH:EnergyPotion","TH:TreasureMap","TH:ElvenBoots"],"picked":"TH:DeckOfManyThings","floor":12},{"not_picked":["theMarked:Parkour","theMarked:GodGivenPower","theMarked:Generate","theMarked:Overthink"],"picked":"theMarked:Memento","floor":12},{"not_picked":["theMarked:TakeCover","theMarked:Parkour","theMarked:EmpowerWeapon","theMarked:HeightenedSenses"],"picked":"theMarked:MysticalArsenal","floor":14},{"not_picked":["TH:CursedSword","TH:ElvenBoots","TH:PixieDust"],"picked":"TH:DeckOfManyThings","floor":16},{"not_picked":["theMarked:Vacuum","theMarked:UnarmedFury","theMarked:DispelDoubt","theMarked:Toughness"],"picked":"theMarked:Abjuration","floor":16},{"not_picked":["theMarked:BanishingStrike","theMarked:Electrify","theMarked:Frustration","theMarked:Panic"],"picked":"theMarked:Static","floor":18},{"not_picked":["theMarked:Aftermath","theMarked:EnhanceMovement","theMarked:TunnelVision+1","theMarked:ElectricStrings"],"picked":"theMarked:WardOff","floor":20},{"not_picked":["theMarked:TakeCover+1","theMarked:Electrify","theMarked:Convert+1","theMarked:ChainLightning+1"],"picked":"theMarked:EmpowerWeapon+1","floor":22},{"not_picked":["theMarked:EmpowerWeapon","theMarked:TakeCover","theMarked:KeepCalmAndFight","theMarked:WastefulAttack"],"picked":"theMarked:Aftermath","floor":24},{"not_picked":["theMarked:Polarize","theMarked:Aftermath+1","theMarked:Vacuum","theMarked:HeightenedSenses+1"],"picked":"theMarked:Seal","floor":25},{"not_picked":["theMarked:RepellingDischarge","theMarked:BanishingWave","theMarked:EmpowerWeapon","theMarked:ChainLightning"],"picked":"theMarked:GodGivenPower","floor":26},{"not_picked":["theMarked:WardOff","theMarked:Maelstrom","theMarked:EmpowerWeapon","theMarked:Parkour"],"picked":"theMarked:Improvise+1","floor":28},{"not_picked":["theMarked:ElectricStrings","theMarked:SwordAndMagic","theMarked:Parkour","theMarked:Improvise","theMarked:Frustration"],"picked":"SKIP","floor":30},{"not_picked":["theMarked:WastefulAttack","theMarked:BanishingStrike","theMarked:ComboAttacks","theMarked:WardOff"],"picked":"theMarked:Levitate","floor":31},{"not_picked":["TH:ElvenBoots","TH:CopperCoins","TH:PixieDust"],"picked":"TH:DeckOfManyThings","floor":33},{"not_picked":["theMarked:Defy","theMarked:Toughness","theMarked:Snap","theMarked:TurnInvisible"],"picked":"theMarked:MagusForm","floor":33},{"not_picked":["theMarked:ResourceFulStrike+1","theMarked:Aftermath+1","theMarked:EmpowerWeapon","theMarked:SwordAndMagic"],"picked":"theMarked:AttractMetal+1","floor":35},{"not_picked":["theMarked:BanishingStrike+1","theMarked:EnhanceMovement","theMarked:ResourceFulStrike","theMarked:Heritage+1"],"picked":"theMarked:GodGivenPower+1","floor":36},{"not_picked":["theMarked:Frustration","theMarked:HeightenedSenses+1","theMarked:TwofoldDefense","theMarked:TunnelVision+1"],"picked":"theMarked:ChainLightning+1","floor":38}],"player_experience":320453,"relics_obtained":[{"floor":1,"key":"SynthV:TestCard"},{"floor":6,"key":"MawBank"},{"floor":8,"key":"halation:EternalFortune"},{"floor":8,"key":"Letter Opener"},{"floor":9,"key":"hubris:SlimyHat"},{"floor":10,"key":"Mummified Hand"},{"floor":12,"key":"Incense Burner"},{"floor":26,"key":"Bottled Flame"}],"event_choices":[{"damage_healed":0,"gold_gain":0,"player_choice":"Ignored","damage_taken":0,"max_hp_gain":0,"max_hp_loss":0,"event_name":"Golden Wing","floor":2,"gold_loss":0},{"damage_healed":0,"gold_gain":0,"cards_transformed":["TH:DeckOfManyThings"],"player_choice":"Change","damage_taken":0,"max_hp_gain":0,"max_hp_loss":0,"event_name":"Living Wall","floor":11,"gold_loss":0,"cards_obtained":["Chrysalis"]},{"damage_healed":0,"gold_gain":0,"player_choice":"Got Potions","damage_taken":0,"max_hp_gain":0,"max_hp_loss":0,"event_name":"Lab","floor":19,"gold_loss":0},{"damage_healed":0,"gold_gain":200,"player_choice":"Gold","damage_taken":0,"max_hp_gain":0,"max_hp_loss":0,"event_name":"Wheel of Change","floor":27,"gold_loss":0}],"is_beta":false,"boss_relics":[{"not_picked":["Runesmith:UraniumAnvil","Philosopher\u0027s Stone"],"picked":"conspire:RunicOctahedron"},{"not_picked":["EE1DDrone","halation:PinkAlligatorPlush"],"picked":"BloodWine"}],"items_purged_floors":[],"is_endless":false,"potions_floor_spawned":[1,3,20,22,28,30,33,36,38],"killed_by":"Nightmare","ascension_level":0}}