{"host":"Jinnai","time":1612163329,"event":{"mods":["BaseMod","Bestiary","Block Reminder","Colored Map","Colored Powertips","Highlight Path","Minty Spire (QoL Compilation)","Quick Restart","Relic Stats","StSLib"],"gold_per_floor":[114,124,140,151,26,26,59,70,96,121,133,110,122,147,159,171,171],"floor_reached":16,"language":"ENG","playtime":10608,"items_purged":["Defend_B"],"score":208,"play_id":"dbf6fff1-bd90-4ad1-aca4-62f7e121337c","local_time":"20210201020849","is_ascension_mode":true,"campfire_choices":[{"data":"Sweeping Beam","floor":6,"key":"SMITH"},{"floor":11,"key":"REST"},{"data":"Loop","floor":13,"key":"SMITH"},{"data":"Fission","floor":15,"key":"SMITH"}],"circlet_count":0,"master_deck":["AscendersBane","Strike_B","Strike_B","Strike_B","Strike_B","Defend_B","Defend_B","Defend_B","Zap","Dualcast","Sweeping Beam+1","Loop+1","Coolheaded","Darkness","Barrage","Self Repair","Defragment","Go for the Eyes","Fission+1"],"relics":["Cracked Core","Omamori","MawBank"],"acts_visited":["Exordium"],"potions_floor_usage":[7,8,10],"damage_taken":[{"damage":1,"enemies":"Cultist","floor":1,"turns":3},{"damage":7,"enemies":"Small Slimes","floor":2,"turns":2},{"damage":7,"enemies":"Jaw Worm","floor":3,"turns":3},{"damage":16,"enemies":"Looter","floor":4,"turns":4},{"damage":36,"enemies":"Gremlin Nob","floor":7,"turns":4},{"damage":3,"enemies":"2 Fungi Beasts","floor":8,"turns":3},{"damage":6,"enemies":"Lots of Slimes","floor":10,"turns":2},{"damage":14,"enemies":"Looter","floor":14,"turns":3},{"damage":55,"enemies":"Slime Boss","floor":16,"turns":9}],"seed_played":"-1776521678070548986","potions_obtained":[{"floor":2,"key":"EssenceOfSteel"},{"floor":4,"key":"Fire Potion"},{"floor":8,"key":"Explosive Potion"}],"is_trial":false,"path_per_floor":["M","M","M","M","$","R","E","M","T","M","R","?","R","M","R","B"],"character_chosen":"DEFECT","items_purchased":["Barrage"],"campfire_rested":1,"item_purchase_floors":[5],"current_hp_per_floor":[70,63,56,40,40,40,4,8,8,9,32,51,51,44,44,0,0],"gold":171,"neow_bonus":"TEN_PERCENT_HP_BONUS","is_daily":false,"chose_seed":false,"campfire_upgraded":3,"win_rate":0.0,"timestamp":1612163329,"path_taken":["M","M","M","M","$","R","E","M","T","?","R","?","R","M","R","BOSS"],"items_purchased_type":["Card"],"build_version":"2020-12-18","purchased_purges":1,"victory":false,"max_hp_per_floor":[78,78,78,78,78,78,78,78,78,78,78,78,78,78,78,78,78],"relic_stats":{"counters":[9,33],"MawBank":84,"obtain_stats":[{"Omamori":7,"Cracked Core":0,"MawBank":9},{"Omamori":5,"Cracked Core":0,"MawBank":6},{"Omamori":16,"Cracked Core":0,"MawBank":19}]},"card_choices":[{"not_picked":["Streamline","Ball Lightning"],"picked":"Sweeping Beam","floor":1},{"not_picked":["Cold Snap","Turbo"],"picked":"Loop","floor":2},{"not_picked":["Hello World","Double Energy"],"picked":"Coolheaded","floor":3},{"not_picked":["Fusion","Undo"],"picked":"Darkness","floor":4},{"not_picked":["Lockon","Fusion"],"picked":"Self Repair","floor":7},{"not_picked":["Stack","Redo"],"picked":"Defragment","floor":8},{"not_picked":["Recycle","Redo"],"picked":"Go for the Eyes","floor":10},{"not_picked":["Double Energy","Coolheaded"],"picked":"Fission","floor":14}],"player_experience":1626821,"relics_obtained":[{"floor":7,"key":"Omamori"},{"floor":9,"key":"MawBank"}],"event_choices":[{"damage_healed":19,"gold_gain":0,"player_choice":"Healed","damage_taken":0,"max_hp_gain":0,"max_hp_loss":0,"event_name":"The Cleric","floor":12,"gold_loss":35}],"is_beta":true,"boss_relics":[],"items_purged_floors":[5],"is_endless":false,"potions_floor_spawned":[2,4,8],"killed_by":"Slime Boss","ascension_level":20}}