{"host":"wfkvcf4y4vkrpwe0","time":1612178072,"event":{"mods":["BaseMod","Conspire","Downfall","Hermit","Minty Spire (QoL Compilation)","StSLib","The Construct","The Cursed","The Disciple","The Hierophant","The Necromancer"],"gold_per_floor":[112,112,33,50,50,50,83,100,100,113,113,129,149,149,149,250,250,263,67,80,80,5,5,5,5],"floor_reached":24,"language":"ENG","playtime":1254,"items_purged":["Decay"],"score":221,"play_id":"333fecd8-e0b0-4269-a4de-5058ae9c0b4c","local_time":"20210201111432","is_ascension_mode":false,"campfire_choices":[{"data":"construct:ReactiveShield","floor":6.0,"key":"SMITH"},{"floor":15.0,"key":"REST"},{"floor":23,"key":"REST"}],"circlet_count":0,"master_deck":["construct:Strike_Gold","construct:Strike_Gold","construct:Strike_Gold","construct:Strike_Gold","construct:Strike_Gold","construct:Defend_Gold","construct:Defend_Gold","construct:Defend_Gold","construct:Defend_Gold","construct:AttackMode","construct:DefenseMode","construct:Anticipate","construct:ReactiveShield+1","construct:ScrapCannon","construct:Autoturret","Mayhem","construct:PointDefense+1"],"relics":["construct:Cogwheel","NeowsBlessing","Blue Candle","Unceasing Top","Gambling Chip","SacredBark"],"acts_visited":["Exordium","TheCity"],"potions_floor_usage":[20,20,20,24],"damage_taken":[{"damage":0.0,"enemies":"Small Slimes","floor":1.0,"turns":1.0},{"damage":0.0,"enemies":"Cultist","floor":4.0,"turns":1.0},{"damage":0.0,"enemies":"Lagavulin","floor":7.0,"turns":2.0},{"damage":9.0,"enemies":"Jaw Worm","floor":8.0,"turns":4.0},{"damage":15.0,"enemies":"3 Louse","floor":10.0,"turns":5.0},{"damage":19.0,"enemies":"Lots of Slimes","floor":12.0,"turns":6.0},{"damage":16.0,"enemies":"Large Slime","floor":13.0,"turns":7.0},{"damage":34.0,"enemies":"Hexaghost","floor":16.0,"turns":13.0},{"damage":30.0,"enemies":"3 Byrds","floor":18.0,"turns":8.0},{"damage":45,"enemies":"Shell Parasite","floor":20,"turns":8},{"damage":35,"enemies":"Centurion and Healer","floor":24,"turns":3}],"seed_played":"-2795139645292803152","potions_obtained":[{"floor":4.0,"key":"LiquidMemories"},{"floor":10.0,"key":"Dexterity Potion"},{"floor":12.0,"key":"PowerPotion"},{"floor":18.0,"key":"EntropicBrew"}],"is_trial":false,"path_per_floor":["M","?","$","M","?","R","E","M","T","M","?","M","M","?","R","B",null,"M","$","M","?","$","R","M"],"character_chosen":"THE_CONSTRUCT_MOD","items_purchased":["construct:ReactiveShield","Mayhem"],"campfire_rested":2,"item_purchase_floors":[3,19],"current_hp_per_floor":[85,80,80,80,80,80,80,71,71,56,84,65,49,49,74,40,85,55,55,10,10,10,35,0,0],"gold":5,"neow_bonus":"THREE_ENEMY_KILL","is_daily":false,"chose_seed":false,"campfire_upgraded":1,"win_rate":0.0,"timestamp":1612178072,"path_taken":["M","?","$","M","?","R","E","?","T","M","?","M","M","?","R","BOSS","M","?","M","?","?","R","M"],"items_purchased_type":["Card","Card"],"build_version":"2020-12-22","purchased_purges":1,"victory":false,"max_hp_per_floor":[85,85,85,85,85,85,85,85,85,85,85,85,85,85,85,85,85,85,85,85,85,85,85,85,85],"card_choices":[{"not_picked":["construct:SuppressiveFire","construct:Backfire"],"picked":"construct:Anticipate","floor":1.0},{"not_picked":["construct:HeavyBolt","construct:HardReboot","construct:ModeShift"],"picked":"SKIP","floor":4.0},{"not_picked":["construct:ScrapCannon","construct:Analyze","construct:HeavyBolt"],"picked":"SKIP","floor":7.0},{"not_picked":["construct:Versatility","construct:SuppressiveFire","construct:Anticipate"],"picked":"SKIP","floor":8.0},{"not_picked":["construct:SyphonStrike","construct:MemoryTap","construct:Anticipate"],"picked":"SKIP","floor":10.0},{"not_picked":["construct:ModeShift","construct:Stasis"],"picked":"construct:Autoturret","floor":12.0},{"not_picked":["construct:FierceBash","construct:Construct_Overclock","construct:SweepLaser"],"picked":"SKIP","floor":13.0},{"not_picked":["construct:Isolate","construct:Failsafe","construct:HardReboot"],"picked":"SKIP","floor":18.0},{"not_picked":["construct:Isolate","construct:Reinforce"],"picked":"construct:PointDefense+1","floor":20}],"player_experience":563815,"relics_obtained":[{"floor":7.0,"key":"Unceasing Top"},{"floor":9.0,"key":"Gambling Chip"}],"event_choices":[{"damage_healed":0.0,"max_hp_gain":0.0,"max_hp_loss":0.0,"gold_gain":0.0,"cards_transformed":["construct:Defend_Gold"],"event_name":"Transmorgrifier","player_choice":"Transformed","floor":5.0,"gold_loss":0.0,"damage_taken":0.0,"cards_obtained":["construct:ScrapCannon"]},{"damage_healed":28.0,"max_hp_gain":0.0,"max_hp_loss":0.0,"gold_gain":0.0,"event_name":"Big Fish","player_choice":"Banana","floor":11.0,"gold_loss":0.0,"damage_taken":0.0},{"damage_healed":0.0,"max_hp_gain":0.0,"max_hp_loss":0.0,"gold_gain":0.0,"event_name":"Lab","player_choice":"Got Potions","floor":14.0,"gold_loss":0.0,"damage_taken":0.0},{"damage_healed":0,"gold_gain":0,"player_choice":"Smashed Altar","damage_taken":0,"max_hp_gain":0,"max_hp_loss":0,"event_name":"Forgotten Altar","floor":21,"gold_loss":0,"cards_obtained":["Decay"]}],"is_beta":false,"boss_relics":[{"not_picked":["Sozu","Runic Dome"],"picked":"SacredBark"}],"items_purged_floors":[22],"is_endless":false,"potions_floor_spawned":[4,10,12,13,18],"killed_by":"Centurion and Healer","ascension_level":0}}