{"host":"h2977v3ax51ohsow","time":1612159153,"event":{"mods":["Act Like it!","BaseMod","Colored Powertips","Gensokyo","Koishi","Lobotomy","Marisa£®ÏF”Í°°ƒß¿Ì…≥£©","Minty Spire (QoL Compilation)","Remilia£®¿Ÿ√◊¿Ú—«£©","Shop Mod","StSLib","The Bug Knight","The Servant 0.9.4"],"gold_per_floor":[111,111,121,139,139,164,164,191,216,232,232,232,243,5,5,101,101,118,129,129,148,160,160,209,209,209,209,6,33,33,80,80,195,195,195,195],"floor_reached":35,"language":"ZHS","playtime":6640,"items_purged":["LittleHelper"],"score":600,"play_id":"f817d0ae-2460-46b3-94e1-e0e1d238873b","local_time":"20210201135913","is_ascension_mode":true,"campfire_choices":[{"data":"OpenUniverse","floor":7,"key":"SMITH"},{"floor":15,"key":"REST"},{"data":"BinaryStars","floor":23,"key":"SMITH"},{"floor":27,"key":"RECALL"},{"data":"SatelliteIllusion","floor":30,"key":"SMITH"},{"data":"EarthLightRay","floor":32,"key":"SMITH"}],"circlet_count":0,"master_deck":["Strike_MRS","Strike_MRS","Strike_MRS","Strike_MRS","Defend_MRS","Defend_MRS","Defend_MRS","Defend_MRS","MasterSpark","UpSweep","ShyLook","GasGiant","WitchLeyline","BlackSwan","WitchLeyline","CherryBlossoms","IllusionStar","OpenUniverse+1","BigBadWolf","PulseMagic","QueenOfHatred","AsteroidBelt","UniverseFragment","Singularity","OrrerysSun","SuperPerseids","Wellcheers","SatelliteIllusion+1","CurseOfTheBell","NakedNest","IllusionStar+1","IllusionStar+1","Scarecrow","GravityBeat+1","WitchOfGreed","BinaryStars+1","RedShoes","AsteroidBelt+1","DragonMeteor+1","NothingThere","BinaryStars","EarthLightRay+1"],"relics":["MiniHakkero","CogitoBucket","Darkstone Periapt","Happy Flower","Vajra","FleshIdol","Centennial Puzzle","Membership Card","Calling Bell","Lantern","InkBottle","Prayer Wheel","SkinProphecy","Anchor","Sundial","Matryoshka","Sling","Boot","Toy Ornithopter","SlaversCollar"],"acts_visited":["Exordium","TheCity","TheBeyond"],"potions_floor_usage":[6,6,8,10,33,33,35,35],"damage_taken":[{"damage":6,"enemies":"Jaw Worm","floor":1,"turns":3},{"damage":0,"enemies":"Small Slimes","floor":2,"turns":3},{"damage":2,"enemies":"2 Louse","floor":3,"turns":2},{"damage":4,"enemies":"Blue Slaver","floor":4,"turns":3},{"damage":3,"enemies":"3 Sentries","floor":6,"turns":8},{"damage":0,"enemies":"Lagavulin","floor":8,"turns":3},{"damage":29,"enemies":"Exordium Wildlife","floor":10,"turns":6},{"damage":6,"enemies":"3 Louse","floor":13,"turns":2},{"damage":25,"enemies":"The Guardian","floor":16,"turns":8},{"damage":4,"enemies":"Spheric Guardian","floor":18,"turns":4},{"damage":22,"enemies":"3 Byrds","floor":19,"turns":6},{"damage":42,"enemies":"Cultist and Chosen","floor":21,"turns":11},{"damage":21,"enemies":"Centurion and Healer","floor":22,"turns":6},{"damage":9,"enemies":"HollowMod:Nosk","floor":24,"turns":5},{"damage":0,"enemies":"Gremlin Leader","floor":29,"turns":3},{"damage":8,"enemies":"HollowMod:Nosk","floor":31,"turns":4},{"damage":137,"enemies":"Champ","floor":33,"turns":9},{"damage":131,"enemies":"3 Darklings","floor":35,"turns":5}],"seed_played":"-2370140114569121661","potions_obtained":[{"floor":2,"key":"Block Potion"},{"floor":4,"key":"ColorlessPotion"},{"floor":6,"key":"CultistPotion"},{"floor":8,"key":"ShroomBrew"},{"floor":21,"key":"Fire Potion"},{"floor":22,"key":"Block Potion"},{"floor":24,"key":"BlessingOfTheForge"},{"floor":33,"key":"EssenceOfSteel"}],"is_trial":false,"path_per_floor":["M","M","M","M","?","E","R","E","T","M","?","?","M","$","R","B",null,"M","M","?","M","M","R","E","?","T","R","$","E","R","E","R","B",null,"M"],"character_chosen":"MARISA","items_purchased":["Membership Card","OrrerysSun","SuperPerseids","Matryoshka","Sling"],"campfire_rested":1,"item_purchase_floors":[14,14,14,28,28],"current_hp_per_floor":[69,69,67,63,63,60,60,60,60,31,13,18,18,18,42,23,86,85,72,55,54,45,45,52,52,52,52,52,65,65,81,81,21,101,0,0],"gold":195,"neow_bonus":"","is_daily":false,"chose_seed":false,"campfire_upgraded":4,"win_rate":0.0,"timestamp":1612159153,"path_taken":["M","M","M","M","?","E","R","E","T","M","?","?","M","$","R","BOSS","M","M","?","M","M","R","E","?","T","R","?","E","R","E","R","BOSS","M"],"items_purchased_type":["Relic","Card","Card","Relic","Relic"],"build_version":"2020-12-22","purchased_purges":1,"victory":false,"max_hp_per_floor":[75,75,75,75,75,75,75,75,75,75,75,80,80,80,80,80,86,86,86,91,91,93,93,95,95,95,95,95,97,97,99,99,101,101,105,105],"card_choices":[{"not_picked":["UniverseFragment","WallGazer","Wellcheers"],"picked":"Singing Bowl","floor":1},{"not_picked":["Scorched","OldLady"],"picked":"ShyLook","floor":1},{"not_picked":["Singularity","Orbital"],"picked":"GasGiant","floor":1},{"not_picked":["Scorched","BeautyBeast","SpiderBud"],"picked":"Singing Bowl","floor":2},{"not_picked":["GalacticHalo","FairyDestructionRay"],"picked":"WitchLeyline","floor":2},{"not_picked":["LaLuna","MHz"],"picked":"BlackSwan","floor":3},{"not_picked":["BigCrunch","UnstableBomb"],"picked":"WitchLeyline","floor":3},{"not_picked":["BeautyBeast","SpiderBud","OldLady"],"picked":"Singing Bowl","floor":4},{"not_picked":["SpiderBud","OldLady"],"picked":"CherryBlossoms","floor":4},{"not_picked":["SporeBomb","AlicesGift"],"picked":"IllusionStar","floor":4},{"not_picked":["PunishingBird","MHz"],"picked":"LittleHelper","floor":6},{"not_picked":["ShootTheMoon","StarlightTyphoon"],"picked":"OpenUniverse","floor":6},{"not_picked":["Bloodbath","Rudolta"],"picked":"BigBadWolf","floor":8},{"not_picked":["ManaRampage","MeteoricShower"],"picked":"PulseMagic","floor":8},{"not_picked":["HeroicMonk","CrumblingArmor","Mercenary"],"picked":"Singing Bowl","floor":10},{"not_picked":["LaLuna","Laetitia"],"picked":"QueenOfHatred","floor":10},{"not_picked":["DarkSpark","AlicesGift"],"picked":"AsteroidBelt","floor":10},{"not_picked":["Porccubus","Rudolta","HappyTeddy"],"picked":"Singing Bowl","floor":13},{"not_picked":["WallGazer","CrumblingArmor"],"picked":"UniverseFragment","floor":13},{"not_picked":["EnergyRecoil","DC"],"picked":"Singularity","floor":13},{"not_picked":["MHz","PunishingBird","Scorched"],"picked":"Singing Bowl","floor":16},{"not_picked":["VoidDream","HeroicMonk"],"picked":"Wellcheers","floor":16},{"not_picked":["MaximisePower","CasketOfStar"],"picked":"SatelliteIllusion","floor":16},{"not_picked":["PunishingBird","SingingMachine","RedShoes"],"picked":"Singing Bowl","floor":18},{"not_picked":["Freischutz","OSAHOGD"],"picked":"NakedNest","floor":18},{"not_picked":["BlazingStar","GrandCross"],"picked":"IllusionStar+1","floor":18},{"not_picked":["MeteoricShower","GrandCross"],"picked":"IllusionStar+1","floor":18},{"not_picked":["Bloodbath","OSAHOGD","SpiderBud"],"picked":"Singing Bowl","floor":19},{"not_picked":["HeroicMonk","BigBird"],"picked":"Scarecrow","floor":19},{"not_picked":["DarkSpark","UnstableBomb+1"],"picked":"GravityBeat+1","floor":19},{"not_picked":["FairyDestructionRay","AlicesGift"],"picked":"WitchOfGreed","floor":19},{"not_picked":["Yin","VoidDream","Freischutz"],"picked":"Singing Bowl","floor":21},{"not_picked":["MagicChant","MachineGunSpark"],"picked":"BinaryStars","floor":21},{"not_picked":["AsteroidBelt","SporeBomb","UnstableBomb+1"],"picked":"SKIP","floor":21},{"not_picked":["Woodsman","MHz","OSAHOGD"],"picked":"Singing Bowl","floor":22},{"not_picked":["WallGazer","Alriune"],"picked":"RedShoes","floor":22},{"not_picked":["MysteriousBeam","6A"],"picked":"AsteroidBelt+1","floor":22},{"not_picked":["MilkyWay","WitchOfGreed"],"picked":"DragonMeteor+1","floor":22},{"not_picked":["Mercenary","Yin","OldLady"],"picked":"Singing Bowl","floor":24},{"not_picked":["Orbital","DragonMeteor","DC+1"],"picked":"SKIP","floor":24},{"not_picked":["WhitesApple","Mercenary"],"picked":"NothingThere","floor":29},{"not_picked":["GalacticHalo","AsteroidBelt+1"],"picked":"BinaryStars","floor":29},{"not_picked":["GreedKing","MeltingLove","Rudolta"],"picked":"Singing Bowl","floor":31},{"not_picked":["WhitesApple","Murderer"],"picked":"LittlePrince","floor":31},{"not_picked":["SatelliteIllusion","OpenUniverse"],"picked":"EarthLightRay","floor":31},{"not_picked":["HappyTeddy","WallGazer","LongBird"],"picked":"Singing Bowl","floor":33}],"player_experience":109694,"relics_obtained":[{"floor":6,"key":"Darkstone Periapt"},{"floor":8,"key":"Happy Flower"},{"floor":9,"key":"Vajra"},{"floor":17,"key":"Lantern"},{"floor":17,"key":"InkBottle"},{"floor":17,"key":"Prayer Wheel"},{"floor":24,"key":"Anchor"},{"floor":26,"key":"Sundial"},{"floor":29,"key":"Boot"},{"floor":31,"key":"Toy Ornithopter"}],"event_choices":[{"damage_healed":0,"gold_gain":0,"player_choice":"Ignored","damage_taken":0,"max_hp_gain":0,"max_hp_loss":0,"event_name":"Liars Game","floor":5,"gold_loss":0},{"damage_healed":0,"gold_gain":0,"player_choice":"Success","damage_taken":18,"relics_obtained":["Centennial Puzzle"],"max_hp_gain":0,"max_hp_loss":0,"event_name":"Scrap Ooze","floor":11,"gold_loss":0},{"damage_healed":0,"gold_gain":0,"player_choice":"Donut","damage_taken":0,"max_hp_gain":5,"max_hp_loss":0,"event_name":"Big Fish","floor":12,"gold_loss":0},{"damage_healed":0,"gold_gain":0,"player_choice":"Shed Blood","damage_taken":22,"max_hp_gain":5,"max_hp_loss":0,"event_name":"Forgotten Altar","floor":20,"gold_loss":0},{"damage_healed":0,"gold_gain":0,"player_choice":"Ignored","damage_taken":0,"max_hp_gain":0,"max_hp_loss":0,"event_name":"Ghosts","floor":25,"gold_loss":0}],"is_beta":false,"boss_relics":[{"not_picked":["Runic Pyramid","Tiny House"],"picked":"Calling Bell"},{"not_picked":["Busted Crown","Cursed Key"],"picked":"SlaversCollar"}],"items_purged_floors":[14],"is_endless":false,"potions_floor_spawned":[2,4,6,8,21,22,31],"killed_by":"3 Darklings","ascension_level":1}}