{"host":"r5cycnjhcbwgkpkf","time":1612215058,"event":{"mods":["2.2 Compatiblity","AchievementEnabler","BaseMod","Bestiary","Better Altar","Better Match","Better Note","Better Skull","Better Third Choice","BetterRewards","Colored Map","Colored Powertips","Infinite Spire","Minty Spire (QoL Compilation)","Reliquary","Replay The Spire","Spicy Shops","StSLib"],"gold_per_floor":[112,53,66,66,86,86,2,16,16,46,96,112,112,132,132,206,206,216,136,136,116,116,116],"floor_reached":22,"language":"ENG","playtime":722,"items_purged":[],"score":568,"play_id":"ffacb219-07c1-4193-91e1-1274f4b8eb37","local_time":"20210201133058","is_ascension_mode":true,"campfire_choices":[{"floor":6,"key":"REST"},{"floor":13,"key":"REST"},{"data":"Infernal Blade","floor":15,"key":"SMITH"}],"circlet_count":0,"master_deck":["AscendersBane","Strike_R","Strike_R","Strike_R","Strike_R","Strike_R","Defend_R","Defend_R","Defend_R","Defend_R","Bash","Combust","Rupture","Metallicize","Infernal Blade+1","Inflame","Spot Weakness","ReplayTheSpireMod:Stacked","Pommel Strike","Cleave","Replay:Undeath\u0027s Touch"],"relics":["Burning Blood","Omamori","infinitespire:EmpoweringShard","Sling","Meat on the Bone","Bag of Preparation","Golden Egg","reliquary:Ember","Blood Vial"],"acts_visited":["Exordium","TheCity"],"potions_floor_usage":[],"damage_taken":[{"damage":9,"enemies":"Cultist","floor":1,"turns":3},{"damage":18,"enemies":"Small Slimes","floor":3,"turns":3},{"damage":8,"enemies":"2 Louse","floor":5,"turns":2},{"damage":7,"enemies":"Exordium Wildlife","floor":8,"turns":2},{"damage":26,"enemies":"Lagavulin","floor":10,"turns":4},{"damage":13,"enemies":"Exordium Thugs","floor":12,"turns":5},{"damage":35,"enemies":"Large Slime","floor":14,"turns":5},{"damage":39,"enemies":"Slime Boss","floor":16,"turns":9},{"damage":39,"enemies":"3 Byrds","floor":18,"turns":4},{"damage":20,"enemies":"Shell Parasite","floor":22,"turns":1}],"seed_played":"-7708853057503360634","potions_obtained":[{"floor":3,"key":"GamblersBrew"},{"floor":11,"key":"SteroidPotion"}],"is_trial":false,"path_per_floor":["M","$","M","$","M","R","$","M","T","E","?","M","R","M","R","B",null,"M","?","?","?","M"],"character_chosen":"IRONCLAD","items_purchased":["Combust","Omamori","Rupture","infinitespire:EmpoweringShard","Sling","Metallicize","Inflame"],"campfire_rested":2,"item_purchase_floors":[0,0,0,0,0,2,7],"current_hp_per_floor":[33,33,21,21,19,41,41,40,40,32,32,37,59,42,42,21,62,41,41,18,18,0,0],"gold":116,"neow_bonus":"","is_daily":false,"chose_seed":false,"campfire_upgraded":1,"win_rate":0.0,"timestamp":1612215058,"path_taken":["M","?","M","$","M","R","$","M","T","E","?","M","R","?","R","BOSS","M","?","?","?","?"],"items_purchased_type":["Card","Relic","Card","Relic","Relic","Card","Card"],"build_version":"2020-12-22","purchased_purges":0,"victory":false,"max_hp_per_floor":[75,75,75,75,75,75,75,75,75,75,75,75,75,75,75,75,75,75,75,75,75,75,75],"card_choices":[{"not_picked":["Perfected Strike","Heavy Blade","Clothesline"],"picked":"SKIP","floor":1},{"not_picked":["Carnage","Havoc","Clothesline"],"picked":"SKIP","floor":3},{"not_picked":["Anger","Defy Death"],"picked":"Infernal Blade","floor":5},{"not_picked":["Havoc","Feel No Pain"],"picked":"Spot Weakness","floor":8},{"not_picked":["Armaments","Wild Strike","Body Slam"],"picked":"SKIP","floor":10},{"not_picked":["Feel No Pain","Havoc"],"picked":"ReplayTheSpireMod:Stacked","floor":11},{"not_picked":["Combust","Evolve"],"picked":"Pommel Strike","floor":12},{"not_picked":["Metallicize","ReplayTheSpireMod:Strike From Hell"],"picked":"Cleave","floor":14},{"not_picked":["Clothesline","Warcry"],"picked":"Replay:Undeath\u0027s Touch","floor":18}],"player_experience":397295,"relics_obtained":[{"floor":9,"key":"Meat on the Bone"},{"floor":10,"key":"Bag of Preparation"},{"floor":11,"key":"Golden Egg"}],"event_choices":[{"damage_healed":0,"gold_gain":0,"player_choice":" Vial ","damage_taken":23,"relics_obtained":["Blood Vial"],"max_hp_gain":41,"max_hp_loss":18,"event_name":"betterAltar:BetterAltar","floor":20,"potions_obtained":[],"relics_lost":[],"gold_loss":0},{"damage_healed":0,"gold_gain":0,"player_choice":"Bought 1 Potion","damage_taken":0,"max_hp_gain":0,"max_hp_loss":0,"event_name":"The Woman in Blue","floor":21,"gold_loss":0}],"is_beta":false,"boss_relics":[{"not_picked":["Calling Bell","ReplayTheSpireMod:SealedPack"],"picked":"reliquary:Ember"}],"items_purged_floors":[],"is_endless":false,"potions_floor_spawned":[3,12,16],"killed_by":"Shell Parasite","ascension_level":20}}