{"host":"mytek2nu1hrzdnew","time":1612140826,"event":{"mods":["AchievementEnabler","Aspiration","BaseMod","Conspire","GifTheSpireLib","Gold Saver","Hubris","Infinite Spire","Minty Spire (QoL Compilation)","Replay The Spire","StSLib","Stuff the Spire","The Death Knight","Uncapped"],"gold_per_floor":[910,669,689,701,715,744,764,222,245,96,115,132,132,132,132,228,228,245,264,277,277,295,295,295,295,295,295,170,189,202,52,52,152,152,167,179,179,191,202,330,330,343,369,194,211,224,224,356,356,356],"floor_reached":51,"language":"ENG","playtime":2660,"items_purged":["DeathKnight:ShatteringStrikes","DeathKnight:RuneShock","DeathKnight:Hemostasis","DeathKnight:Pestilence","DeathKnight:DreadStrike","DeathKnight:BloodBoil","DeathKnight:HartStrike+1"],"score":1015,"play_id":"74de4b95-51d9-47fc-8b3e-12dd90682681","local_time":"20210131195346","daily_mods":["Draft","Vintage","Heirloom","Binary"],"is_ascension_mode":false,"campfire_choices":[{"floor":13,"key":"REST"},{"data":"DeathKnight:UnholyFrenzy","floor":13,"key":"SMITH"},{"data":"Madness","floor":15,"key":"SMITH"},{"floor":23,"key":"REST"},{"data":"DeathKnight:DarkSuccor","floor":23,"key":"SMITH"},{"data":"DeathKnight:DarkSuccor","floor":25,"key":"SMITH"},{"data":"DeathKnight:HartStrike","floor":27,"key":"SMITH"},{"data":"DeathKnight:Parry","floor":32,"key":"SMITH"},{"data":"DeathKnight:PlagueStrike","floor":41,"key":"SMITH"},{"floor":47,"key":"REST"},{"data":"Whirlwind","floor":47,"key":"SMITH"},{"floor":49,"key":"REST"},{"data":"DeathKnight:Pestilence","floor":49,"key":"SMITH"}],"circlet_count":0,"master_deck":["DeathKnight:PlagueStrike+1","DeathKnight:Parry+1","DeathKnight:UnholyFrenzy+1","DeathKnight:DarkSuccor+1","DeathKnight:PlagueStrike+1","DeathKnight:HartStrike+1","DeathKnight:DarkSuccor+1","DeathKnight:Pestilence+1","DeathKnight:DeathCoil","DeathKnight:Pestilence","Madness+1","DeathKnight:Contagion","Spot Weakness","Whirlwind+1"],"relics":["DeathKnight:BrokenRuneblade","Busted Crown","infinitespire:Magic Flask","hubris:PeanutButter","Bottled Flame","DeathKnight:SindragosasSkull","aspiration:TomeofQuesting","DeathKnight:ScourgePlagueSample","Whetstone","ClockworkSouvenir","Regal Pillow","infinitespire:Lucky Rock","StuffTheSpire:TintedRock","Dream Catcher","MealTicket","aspiration:SecretTechniqueScroll","StuffTheSpire:DarkSteelAnvil","hubris:DeckOfHolding","DeathKnight:SylvanasMusicBox","ReplayTheSpireMod:Ninjato","conspire:SpecialSausage","TheAbacus","aspiration:HummingbirdHeart","hubris:DisguiseKit","StuffTheSpire:Barrel","Coffee Dripper","Meat on the Bone","Potion Belt","Replay:Lucky Slots","ReplayTheSpireMod:Lightbulb","StuffTheSpire:Expresso","Ice Cream","InkBottle","Bag of Preparation","StuffTheSpire:RubySignet","Gremlin Food","Replay:Accelerometer"],"acts_visited":["Exordium","TheCity","TheBeyond"],"potions_floor_usage":[6,20,45,48,50,50,50,50],"damage_taken":[{"damage":0,"enemies":"Small Slimes","floor":1,"turns":2},{"damage":0,"enemies":"Cultist","floor":3,"turns":2},{"damage":2,"enemies":"Jaw Worm","floor":4,"turns":2},{"damage":0,"enemies":"3 Louse","floor":5,"turns":2},{"damage":10,"enemies":"Lagavulin","floor":6,"turns":3},{"damage":0,"enemies":"Large Slime","floor":7,"turns":3},{"damage":0,"enemies":"2 Fungi Beasts","floor":11,"turns":2},{"damage":0,"enemies":"3 Louse","floor":12,"turns":2},{"damage":33,"enemies":"Hexaghost","floor":16,"turns":5},{"damage":19,"enemies":"2 Thieves","floor":18,"turns":3},{"damage":2,"enemies":"3 Byrds","floor":19,"turns":4},{"damage":0,"enemies":"Snecko","floor":20,"turns":2},{"damage":0,"enemies":"Cultist and Chosen","floor":22,"turns":3},{"damage":0,"enemies":"Chosen and Byrds","floor":29,"turns":2},{"damage":0,"enemies":"3 Cultists","floor":30,"turns":2},{"damage":0,"enemies":"conspire:MysteriousRune","floor":33,"turns":4},{"damage":0,"enemies":"3 Shapes","floor":35,"turns":2},{"damage":0,"enemies":"Orb Walker","floor":36,"turns":2},{"damage":0,"enemies":"Maw","floor":38,"turns":3},{"damage":0,"enemies":"4 Shapes","floor":39,"turns":3},{"damage":0,"enemies":"R_Hoarder","floor":40,"turns":3},{"damage":0,"enemies":"Spire Growth","floor":42,"turns":2},{"damage":0,"enemies":"Jaw Worm Horde","floor":45,"turns":2},{"damage":0,"enemies":"Writhing Mass","floor":46,"turns":3},{"damage":0,"enemies":"Reptomancer","floor":48,"turns":2},{"damage":0,"enemies":"hubris:GrandSnecko","floor":50,"turns":3}],"seed_played":"4130362299386403981","potions_obtained":[{"floor":1,"key":"Explosive Potion"},{"floor":4,"key":"Toxic Potion"},{"floor":5,"key":"SteroidPotion"},{"floor":38,"key":"Elixir"},{"floor":40,"key":"PowerPotion"},{"floor":42,"key":"EssenceOfSteel"},{"floor":45,"key":"Toxic Potion"},{"floor":48,"key":"DeathKnight:PlagueVial"}],"is_trial":true,"path_per_floor":["M","$","M","M","M","E","M","$","T","$","M","M","R","?","R","B",null,"M","M","M","?","M","R","AVR","R","T","R","$","M","M","$","R","B",null,"M","M","AVR","M","M","E","R","M","T","$","M","M","R","E","R","B",null],"character_chosen":"DEATH_KNIGHT","items_purchased":["DeathKnight:DeathCoil","DeathKnight:Pestilence","Madness","DeathKnight:Contagion","ClockworkSouvenir","Regal Pillow","PowerPotion","StuffTheSpire:TintedRock"],"campfire_rested":4,"item_purchase_floors":[2,2,2,8,8,8,8,10],"current_hp_per_floor":[75,75,75,73,73,63,63,63,63,63,63,63,75,75,75,42,75,56,54,54,54,54,75,75,75,75,75,75,75,75,75,75,75,75,75,75,75,75,75,75,75,75,75,75,75,75,75,75,75,75],"gold":356,"neow_bonus":"","is_daily":false,"chose_seed":false,"campfire_upgraded":9,"win_rate":0.0,"timestamp":1612140826,"path_taken":["M","$","M","M","M","E","M","$","T","$","M","M","R","?","R","BOSS","M","M","M","?","?","R","AVR","R","T","R","$","M","M","$","R","BOSS","M","M","AVR","M","M","E","R","M","T","$","M","M","R","E","R","BOSS"],"items_purchased_type":["Card","Card","Card","Card","Relic","Relic","Potion","Relic"],"build_version":"2020-12-22","purchased_purges":7,"victory":true,"max_hp_per_floor":[75,75,75,75,75,75,75,75,75,75,75,75,75,75,75,75,75,75,75,75,75,75,75,75,75,75,75,75,75,75,75,75,75,75,75,75,75,75,75,75,75,75,75,75,75,75,75,75,75,75],"card_choices":[{"not_picked":["DeathKnight:Runeguard","DeathKnight:Lichborne"],"picked":"DeathKnight:ShatteringStrikes","floor":0},{"not_picked":["DeathKnight:Ossuary","DeathKnight:RuneShock"],"picked":"DeathKnight:BloodBoil","floor":0},{"not_picked":["DeathKnight:DeathsAdvance","DeathKnight:BoneSpear"],"picked":"DeathKnight:RuneShock","floor":0},{"not_picked":["DeathKnight:Hysteria","DeathKnight:UnholyAssault"],"picked":"DeathKnight:PlagueStrike","floor":0},{"not_picked":["DeathKnight:Hysteria","DeathKnight:BoneShield"],"picked":"DeathKnight:Parry","floor":0},{"not_picked":["DeathKnight:HornOfWinter","DeathKnight:BloodTap"],"picked":"DeathKnight:UnholyFrenzy","floor":0},{"not_picked":["DeathKnight:IceboundArmor","DeathKnight:DeathCoil"],"picked":"DeathKnight:Pestilence","floor":0},{"not_picked":["DeathKnight:Parry","DeathKnight:BloodStrike"],"picked":"DeathKnight:DarkSuccor","floor":0},{"not_picked":["DeathKnight:ChainsOfIce","DeathKnight:Parry"],"picked":"DeathKnight:PlagueStrike","floor":0},{"not_picked":["DeathKnight:DeathAndDecay","DeathKnight:IceboundArmor"],"picked":"DeathKnight:HartStrike","floor":0},{"not_picked":["DeathKnight:UnholyAssault","DeathKnight:FrosPresence"],"picked":"DeathKnight:Hemostasis","floor":0},{"not_picked":["DeathKnight:Ossuary","DeathKnight:IcyTouch"],"picked":"DeathKnight:HartStrike","floor":0},{"not_picked":["DeathKnight:BloodPact","DeathKnight:BoneShield"],"picked":"DeathKnight:DreadStrike","floor":0},{"not_picked":["DeathKnight:BludPresence","DeathKnight:IceboundArmor"],"picked":"DeathKnight:DarkSuccor","floor":0},{"not_picked":["DeathKnight:IceboundArmor","DeathKnight:BloodPact"],"picked":"DeathKnight:Pestilence","floor":0},{"not_picked":[],"picked":"Spot Weakness","floor":40},{"not_picked":[],"picked":"Whirlwind","floor":47},{"not_picked":["True Grit"],"picked":"SKIP","floor":48}],"player_experience":1064589,"relics_obtained":[{"floor":1,"key":"hubris:PeanutButter"},{"floor":3,"key":"Bottled Flame"},{"floor":4,"key":"DeathKnight:SindragosasSkull"},{"floor":5,"key":"aspiration:TomeofQuesting"},{"floor":6,"key":"DeathKnight:ScourgePlagueSample"},{"floor":7,"key":"Whetstone"},{"floor":9,"key":"infinitespire:Lucky Rock"},{"floor":11,"key":"Dream Catcher"},{"floor":12,"key":"MealTicket"},{"floor":18,"key":"StuffTheSpire:DarkSteelAnvil"},{"floor":19,"key":"hubris:DeckOfHolding"},{"floor":20,"key":"DeathKnight:SylvanasMusicBox"},{"floor":22,"key":"ReplayTheSpireMod:Ninjato"},{"floor":26,"key":"aspiration:HummingbirdHeart"},{"floor":29,"key":"hubris:DisguiseKit"},{"floor":30,"key":"StuffTheSpire:Barrel"},{"floor":35,"key":"Meat on the Bone"},{"floor":36,"key":"Potion Belt"},{"floor":38,"key":"ReplayTheSpireMod:Lightbulb"},{"floor":39,"key":"StuffTheSpire:Expresso"},{"floor":40,"key":"Ice Cream"},{"floor":42,"key":"InkBottle"},{"floor":43,"key":"Bag of Preparation"},{"floor":45,"key":"StuffTheSpire:RubySignet"},{"floor":46,"key":"Gremlin Food"},{"floor":48,"key":"Replay:Accelerometer"}],"event_choices":[{"damage_healed":0,"gold_gain":0,"player_choice":"0 cards matched","damage_taken":0,"max_hp_gain":0,"max_hp_loss":0,"event_name":"Match and Keep!","floor":21,"gold_loss":0,"cards_obtained":[]}],"is_beta":false,"boss_relics":[{"not_picked":["conspire:SeveredTorchhead","Snecko Heart"],"picked":"aspiration:SecretTechniqueScroll"},{"not_picked":["Black Star","Snecko Eye"],"picked":"Coffee Dripper"}],"items_purged_floors":[2,8,24,28,31,37,44],"is_endless":false,"potions_floor_spawned":[1,4,5,12,19,20,38,40,42,45,48],"ascension_level":0}}