{"host":"4rvakrj1idbgia3f","time":1612184269,"event":{"mods":["BaseMod","Colored Map","Colored Powertips","DeckTracker","Highlight Path","Minty Spire (QoL Compilation)","Random Character Button","StSLib"],"gold_per_floor":[116,116,116,127,140,140,174,193,193,193,67,67,83,100,100,172,172,183,201,220,35,35,35,68,68,68,84,113,113,113,127,127,204,204,214,214,227,227,242,242,262,296,296,296,327,327,339,3,3,3,3,3,3,3,3,3],"floor_reached":55,"language":"JPN","playtime":3258,"items_purged":["Strike_R","Defend_R"],"score":1934,"play_id":"75225b6d-2410-4246-a693-db8bb9ebf608","local_time":"20210201215749","is_ascension_mode":true,"campfire_choices":[{"data":"Perfected Strike","floor":6.0,"key":"SMITH"},{"data":"Battle Trance","floor":12.0,"key":"SMITH"},{"data":"Twin Strike","floor":15.0,"key":"SMITH"},{"floor":23.0,"key":"REST"},{"floor":25.0,"key":"REST"},{"floor":29.0,"key":"RECALL"},{"floor":32.0,"key":"REST"},{"floor":40,"key":"REST"},{"floor":44,"key":"REST"},{"floor":49,"key":"REST"},{"floor":53,"key":"REST"}],"circlet_count":0,"master_deck":["AscendersBane","Strike_R","Strike_R","Strike_R","Defend_R","Defend_R","Bash+1","Apotheosis+1","Twin Strike+1","Perfected Strike","Perfected Strike+1","Battle Trance+1","Pommel Strike","Shrug It Off","Reaper","Shrug It Off","Berserk","Disarm+1","Whirlwind","Twin Strike","Evolve","RitualDagger","Power Through","Demon Form","Wild Strike+1","Pommel Strike+1","Power Through"],"relics":["Burning Blood","Orichalcum","Letter Opener","Paper Frog","Fusion Hammer","Mummified Hand","White Beast Statue","Red Skull","Mark of Pain","TungstenRod","Shuriken","FossilizedHelix"],"acts_visited":["Exordium","TheCity","TheBeyond","TheEnding"],"potions_floor_usage":[37,45,45,50,51],"damage_taken":[{"damage":11.0,"enemies":"Cultist","floor":1.0,"turns":5.0},{"damage":0.0,"enemies":"2 Louse","floor":4.0,"turns":2.0},{"damage":4.0,"enemies":"Jaw Worm","floor":5.0,"turns":3.0},{"damage":20.0,"enemies":"3 Sentries","floor":7.0,"turns":4.0},{"damage":0.0,"enemies":"Exordium Wildlife","floor":8.0,"turns":3.0},{"damage":25.0,"enemies":"Gremlin Gang","floor":13.0,"turns":5.0},{"damage":0.0,"enemies":"2 Fungi Beasts","floor":14.0,"turns":2.0},{"damage":28.0,"enemies":"The Guardian","floor":16.0,"turns":8.0},{"damage":13.0,"enemies":"Shell Parasite","floor":18.0,"turns":3.0},{"damage":0.0,"enemies":"3 Byrds","floor":19.0,"turns":6.0},{"damage":18.0,"enemies":"Shelled Parasite and Fungi","floor":20.0,"turns":4.0},{"damage":12.0,"enemies":"Book of Stabbing","floor":24.0,"turns":5.0},{"damage":7.0,"enemies":"Centurion and Healer","floor":27.0,"turns":6.0},{"damage":0.0,"enemies":"Gremlin Leader","floor":28.0,"turns":5.0},{"damage":3.0,"enemies":"Cultist and Chosen","floor":31.0,"turns":4.0},{"damage":63,"enemies":"Collector","floor":33,"turns":9},{"damage":0,"enemies":"3 Shapes","floor":35,"turns":5},{"damage":42,"enemies":"3 Darklings","floor":37,"turns":5},{"damage":1,"enemies":"4 Shapes","floor":39,"turns":6},{"damage":44,"enemies":"Writhing Mass","floor":41,"turns":5},{"damage":18,"enemies":"Giant Head","floor":42,"turns":6},{"damage":31,"enemies":"Reptomancer","floor":45,"turns":6},{"damage":2,"enemies":"3 Darklings","floor":47,"turns":5},{"damage":23,"enemies":"Awakened One","floor":50,"turns":9},{"damage":52,"enemies":"Donu and Deca","floor":51,"turns":9},{"damage":76,"enemies":"Shield and Spear","floor":55,"turns":6}],"seed_played":"-2336662315755050207","potions_obtained":[{"floor":1.0,"key":"Block Potion"},{"floor":7.0,"key":"ElixirPotion"},{"floor":13.0,"key":"EntropicBrew"},{"floor":16.0,"key":"HeartOfIron"},{"floor":27.0,"key":"Energy Potion"},{"floor":28.0,"key":"SteroidPotion"},{"floor":31.0,"key":"EssenceOfSteel"},{"floor":35,"key":"Fire Potion"},{"floor":37,"key":"FearPotion"},{"floor":45,"key":"SkillPotion"},{"floor":47,"key":"Energy Potion"}],"is_trial":false,"path_per_floor":["M","?","?","M","M","R","E","M","T","?","$","R","M","M","R","B",null,"M","M","M","$","?","R","E","R","T","M","E","R","?","M","R","B",null,"M","?","M","?","M","R","M","E","T","R","E","?","M","$","R","B","B",null,"R","$","E"],"character_chosen":"IRONCLAD","items_purchased":["Shrug It Off","Evolve","FossilizedHelix"],"campfire_rested":7,"item_purchase_floors":[11,21,48],"current_hp_per_floor":[63,63,63,68,68,68,54,60,60,60,60,60,41,47,47,25,57,50,58,46,46,40,60,54,68,68,68,68,68,68,68,68,26,58,64,64,28,28,49,68,30,35,35,55,63,63,67,67,68,51,17,55,68,68,0,0],"gold":3,"neow_bonus":"RANDOM_COLORLESS_2","is_daily":false,"chose_seed":false,"campfire_upgraded":3,"win_rate":0.0,"timestamp":1612184269,"path_taken":["M","?","?","?","M","R","E","M","T","?","?","R","M","M","R","BOSS","M","M","?","$","?","R","E","R","T","M","E","R","?","M","R","BOSS","M","?","?","?","M","R","?","E","T","R","E","?","M","$","R","BOSS","BOSS","R","$","E"],"items_purchased_type":["Card","Card","Relic"],"build_version":"2020-12-22","purchased_purges":2,"victory":false,"max_hp_per_floor":[68,68,68,68,68,68,68,68,68,68,68,68,68,68,68,68,68,68,68,68,68,68,68,68,68,68,68,68,68,68,68,68,68,68,68,68,68,68,68,68,68,68,68,68,68,68,68,68,68,68,68,68,68,68,68,68],"card_choices":[{"not_picked":["Magnetism","Chrysalis"],"picked":"Apotheosis","floor":0.0},{"not_picked":["Inflame","Body Slam"],"picked":"Twin Strike","floor":1.0},{"not_picked":["Evolve","Seeing Red"],"picked":"Perfected Strike","floor":4.0},{"not_picked":["Headbutt","Wild Strike"],"picked":"Perfected Strike","floor":5.0},{"not_picked":["Flex","Blood for Blood"],"picked":"Battle Trance","floor":7.0},{"not_picked":["Flame Barrier","Warcry"],"picked":"Pommel Strike","floor":8.0},{"not_picked":["Heavy Blade","Pummel"],"picked":"Reaper","floor":13.0},{"not_picked":["Uppercut","Wild Strike"],"picked":"Shrug It Off","floor":14.0},{"not_picked":["Limit Break","Exhume"],"picked":"Berserk","floor":16.0},{"not_picked":["Cleave","Twin Strike"],"picked":"Disarm+1","floor":18.0},{"not_picked":["Shrug It Off","Clothesline"],"picked":"Whirlwind","floor":19.0},{"not_picked":["Armaments","Sword Boomerang"],"picked":"Twin Strike","floor":20.0},{"not_picked":["Carnage","Clothesline"],"picked":"Power Through","floor":24.0},{"not_picked":["Flame Barrier","Cleave"],"picked":"Demon Form","floor":27.0},{"not_picked":["Carnage","Flex","Clash"],"picked":"SKIP","floor":28.0},{"not_picked":["Sever Soul","Shrug It Off"],"picked":"Wild Strike+1","floor":31.0},{"not_picked":["Reaper","Feed"],"picked":"Berserk","floor":33},{"not_picked":["Hemokinesis","Headbutt+1","Wild Strike"],"picked":"SKIP","floor":35},{"not_picked":["Cleave+1","Seeing Red"],"picked":"Pommel Strike+1","floor":37},{"not_picked":["Flex","Wild Strike"],"picked":"Power Through","floor":39},{"not_picked":["Sword Boomerang","Wild Strike","Warcry"],"picked":"SKIP","floor":41},{"not_picked":["True Grit","Heavy Blade","Headbutt"],"picked":"SKIP","floor":42},{"not_picked":["Headbutt","Clash","Demon Form"],"picked":"SKIP","floor":45},{"not_picked":["Armaments","Ghostly Armor","Rupture"],"picked":"SKIP","floor":47}],"player_experience":2182582,"relics_obtained":[{"floor":7.0,"key":"Orichalcum"},{"floor":9.0,"key":"Letter Opener"},{"floor":24.0,"key":"Mummified Hand"},{"floor":26.0,"key":"White Beast Statue"},{"floor":28.0,"key":"Red Skull"},{"floor":42,"key":"TungstenRod"},{"floor":45,"key":"Shuriken"}],"event_choices":[{"damage_healed":0.0,"max_hp_gain":0.0,"max_hp_loss":0.0,"gold_gain":0.0,"event_name":"Living Wall","player_choice":"Grow","floor":2.0,"gold_loss":0.0,"damage_taken":0.0,"cards_upgraded":["Apotheosis"]},{"damage_healed":0.0,"max_hp_gain":0.0,"max_hp_loss":0.0,"gold_gain":0.0,"event_name":"Accursed Blacksmith","player_choice":"Forge","floor":3.0,"gold_loss":0.0,"damage_taken":0.0,"cards_upgraded":["Bash"]},{"damage_healed":0.0,"max_hp_gain":0.0,"max_hp_loss":0.0,"gold_gain":0.0,"event_name":"Dead Adventurer","player_choice":"Searched \u00271\u0027 times","floor":10.0,"gold_loss":0.0,"damage_taken":0.0,"relics_obtained":["Paper Frog"]},{"damage_healed":0.0,"max_hp_gain":0.0,"max_hp_loss":0.0,"gold_gain":0.0,"event_name":"Nest","player_choice":"Joined the Cult","floor":22.0,"gold_loss":0.0,"damage_taken":6.0,"cards_obtained":["RitualDagger"]},{"cards_removed":["Defend_R"],"damage_healed":0.0,"max_hp_gain":0.0,"max_hp_loss":0.0,"gold_gain":0.0,"event_name":"Back to Basics","player_choice":"Elegance","floor":30.0,"gold_loss":0.0,"damage_taken":0.0},{"damage_healed":0,"gold_gain":0,"player_choice":"Upgraded","damage_taken":0,"max_hp_gain":0,"max_hp_loss":0,"event_name":"Upgrade Shrine","floor":36,"gold_loss":0,"cards_upgraded":["Berserk"]},{"cards_removed":["Strike_R"],"damage_healed":0,"gold_gain":0,"player_choice":"Offered Basic","damage_taken":0,"max_hp_gain":0,"max_hp_loss":0,"event_name":"Bonfire Elementals","floor":38,"gold_loss":0},{"cards_removed":["Berserk"],"damage_healed":0,"gold_gain":0,"player_choice":"Removed Power","damage_taken":0,"max_hp_gain":0,"max_hp_loss":0,"event_name":"Falling","floor":46,"gold_loss":0}],"is_beta":false,"boss_relics":[{"not_picked":["Cursed Key","Coffee Dripper"],"picked":"Fusion Hammer"},{"not_picked":["Astrolabe","Runic Dome"],"picked":"Mark of Pain"}],"items_purged_floors":[11,21],"is_endless":false,"potions_floor_spawned":[1,7,13,16,18,27,28,31,33,35,37,39,41,42,45,47],"killed_by":"Shield and Spear","ascension_level":20}}