{"host":"e1pm3b7xpcm97e5w","time":1612153485,"event":{"mods":["BaseMod","Better Skull","Googly Eyes","Minty Spire (QoL Compilation)","Relic Stats","Shop Mod","Spicy Shops","StSLib"],"gold_per_floor":[116,44,44,44,44,44,77,77,157,188,208,208,208,252,252,373,373,366,380,29,54,54,93,93,93,117,117,133,148,189,205,205,325,325,346,405,418,418,441,472,487,487,487,512,526,0,21,57,57,57],"floor_reached":51,"language":"ENG","playtime":2461,"items_purged":["Strike_B","Strike_B"],"score":1385,"play_id":"c8ae39fe-5d50-4dd4-877f-90168e55f550","local_time":"20210131232445","is_ascension_mode":true,"campfire_choices":[{"data":"Dualcast","floor":6,"key":"SMITH"},{"data":"Genetic Algorithm","floor":8,"key":"SMITH"},{"data":"Cold Snap","floor":12,"key":"SMITH"},{"data":"Multi-Cast","floor":15,"key":"SMITH"},{"data":"Consume","floor":24,"key":"SMITH"},{"data":"Biased Cognition","floor":27,"key":"SMITH"},{"data":"Redo","floor":32,"key":"SMITH"},{"floor":42,"key":"REST"},{"data":"Defragment","floor":49,"key":"SMITH"}],"circlet_count":0,"master_deck":["AscendersBane","Strike_B","Defend_B","Defend_B","Defend_B","Defend_B","Zap+1","Dualcast+1","Cold Snap+1","Glacier","Genetic Algorithm+1","Ball Lightning","FTL","Multi-Cast+1","Biased Cognition+1","Chill","Coolheaded","Consume+1","Double Energy+1","Redo+1","Chill+1","Rainbow","Recycle","Loop+1","Barrage+1","Go for the Eyes+1","Amplify","Defragment+1","Capacitor","Multi-Cast"],"relics":["Cracked Core","NeowsBlessing","Golden Idol","Mummified Hand","Bottled Flame","Unceasing Top","Darkstone Periapt","Velvet Choker","Runic Capacitor","Shuriken","MealTicket","HornCleat","Runic Pyramid","Girya","Art of War","Cables","Chemical X","StoneCalendar"],"acts_visited":["Exordium","TheCity","TheBeyond"],"potions_floor_usage":[23,30,30,40,41,41,50],"damage_taken":[{"damage":0,"enemies":"2 Louse","floor":1,"turns":1},{"damage":0,"enemies":"Gremlin Nob","floor":7,"turns":1},{"damage":0,"enemies":"3 Sentries","floor":10,"turns":1},{"damage":4,"enemies":"Jaw Worm","floor":11,"turns":5},{"damage":15,"enemies":"Lagavulin","floor":14,"turns":7},{"damage":19,"enemies":"The Guardian","floor":16,"turns":15},{"damage":1,"enemies":"2 Thieves","floor":18,"turns":4},{"damage":0,"enemies":"Shell Parasite","floor":19,"turns":6},{"damage":13,"enemies":"Snake Plant","floor":21,"turns":4},{"damage":0,"enemies":"Gremlin Leader","floor":23,"turns":8},{"damage":6,"enemies":"Shelled Parasite and Fungi","floor":28,"turns":6},{"damage":2,"enemies":"Chosen and Byrds","floor":29,"turns":6},{"damage":0,"enemies":"Book of Stabbing","floor":30,"turns":4},{"damage":0,"enemies":"Sentry and Sphere","floor":31,"turns":5},{"damage":5,"enemies":"Champ","floor":33,"turns":17},{"damage":0,"enemies":"Orb Walker","floor":35,"turns":4},{"damage":11,"enemies":"2 Orb Walkers","floor":36,"turns":5},{"damage":0,"enemies":"3 Shapes","floor":37,"turns":7},{"damage":1,"enemies":"Writhing Mass","floor":39,"turns":4},{"damage":0,"enemies":"Reptomancer","floor":40,"turns":5},{"damage":15,"enemies":"Transient","floor":41,"turns":5},{"damage":0,"enemies":"Maw","floor":44,"turns":7},{"damage":0,"enemies":"3 Darklings","floor":45,"turns":5},{"damage":0,"enemies":"4 Shapes","floor":47,"turns":6},{"damage":0,"enemies":"Giant Head","floor":48,"turns":8},{"damage":25,"enemies":"Time Eater","floor":50,"turns":7}],"seed_played":"-2044199620714460691","potions_obtained":[{"floor":7,"key":"DuplicationPotion"},{"floor":10,"key":"Energy Potion"},{"floor":14,"key":"AttackPotion"},{"floor":16,"key":"LiquidMemories"},{"floor":29,"key":"AttackPotion"},{"floor":30,"key":"Swift Potion"},{"floor":31,"key":"AttackPotion"},{"floor":40,"key":"Fire Potion"},{"floor":48,"key":"Ancient Potion"}],"is_trial":false,"path_per_floor":["M","$","?","?","?","R","E","R","T","E","M","R","?","E","R","B",null,"M","M","$","M","?","E","R","$","T","R","M","M","E","M","R","B",null,"M","?","M","?","M","E","M","R","T","M","M","$","M","E","R","B",null],"character_chosen":"DEFECT","items_purchased":["Glacier","Runic Capacitor","Consume","Defragment","Chemical X","FairyPotion","EntropicBrew"],"campfire_rested":1,"item_purchase_floors":[2,20,20,46,46,46,46],"current_hp_per_floor":[68,68,68,68,73,73,73,73,73,73,69,69,69,54,54,35,64,63,63,63,50,50,50,50,50,50,50,44,42,42,42,42,37,65,65,54,54,54,53,53,38,60,60,60,60,74,74,74,74,49],"gold":57,"neow_bonus":"THREE_ENEMY_KILL","is_daily":false,"chose_seed":false,"campfire_upgraded":8,"win_rate":0.0,"timestamp":1612153485,"path_taken":["M","$","?","?","?","R","E","R","T","E","?","R","?","E","R","BOSS","M","M","$","M","?","E","R","$","T","R","M","M","E","M","R","BOSS","M","?","M","?","M","E","M","R","T","M","M","$","M","E","R","BOSS"],"items_purchased_type":["Card","Relic","Card","Card","Relic","Potion","Potion"],"build_version":"2020-12-22","purchased_purges":2,"victory":true,"max_hp_per_floor":[75,75,75,69,74,74,74,74,74,74,74,74,74,74,74,74,74,74,74,74,74,74,74,74,74,74,74,74,74,74,74,74,74,74,74,74,74,74,74,74,74,74,74,74,74,74,74,74,74,74],"relic_stats":{"Darkstone Periapt":0,"counters":[26,153],"Golden Idol":188,"Mummified Hand":[30],"Shuriken":[9],"MealTicket":14,"StoneCalendar":[0],"Art of War":[7],"Chemical X":[6],"obtain_stats":[{"Darkstone Periapt":14,"Girya":36,"NeowsBlessing":0,"Golden Idol":4,"Velvet Choker":17,"StoneCalendar":48,"Runic Capacitor":20,"Cables":43,"Bottled Flame":9,"HornCleat":30,"Mummified Hand":7,"Shuriken":23,"MealTicket":26,"Art of War":40,"Chemical X":46,"Cracked Core":0,"Unceasing Top":10,"Runic Pyramid":34},{"Darkstone Periapt":5,"Girya":17,"NeowsBlessing":0,"Golden Idol":1,"Velvet Choker":6,"StoneCalendar":25,"Runic Capacitor":8,"Cables":21,"Bottled Flame":2,"HornCleat":13,"Mummified Hand":2,"Shuriken":10,"MealTicket":10,"Art of War":20,"Chemical X":23,"Cracked Core":0,"Unceasing Top":3,"Runic Pyramid":15},{"Darkstone Periapt":15,"Girya":99,"NeowsBlessing":0,"Golden Idol":1,"Velvet Choker":30,"StoneCalendar":146,"Runic Capacitor":40,"Cables":120,"Bottled Flame":2,"HornCleat":68,"Mummified Hand":2,"Shuriken":52,"MealTicket":52,"Art of War":115,"Chemical X":132,"Cracked Core":0,"Unceasing Top":3,"Runic Pyramid":90}],"Unceasing Top":[21],"Cables":[29,7,18,4,0]},"card_choices":[{"not_picked":["Compile Driver","Go for the Eyes"],"picked":"Cold Snap","floor":1},{"not_picked":["Barrage","Lockon"],"picked":"Genetic Algorithm","floor":7},{"not_picked":["Undo","Conserve Battery"],"picked":"Ball Lightning","floor":10},{"not_picked":["Stack","Steam"],"picked":"FTL","floor":11},{"not_picked":["FTL","Fusion"],"picked":"Multi-Cast","floor":14},{"not_picked":["Core Surge","Multi-Cast"],"picked":"Biased Cognition","floor":16},{"not_picked":["Steam","Rebound"],"picked":"Chill","floor":18},{"not_picked":["FTL","Go for the Eyes"],"picked":"Coolheaded","floor":19},{"not_picked":["Cold Snap","Darkness+1"],"picked":"Double Energy+1","floor":21},{"not_picked":["Heatsinks","Auto Shields","BootSequence"],"picked":"SKIP","floor":23},{"not_picked":["Heatsinks","Turbo","Sunder"],"picked":"SKIP","floor":28},{"not_picked":["Fusion","Conserve Battery"],"picked":"Redo","floor":29},{"not_picked":["Compile Driver","Coolheaded"],"picked":"Chill+1","floor":30},{"not_picked":["Ball Lightning","Stack","Rebound"],"picked":"SKIP","floor":31},{"not_picked":["Hyperbeam","Amplify"],"picked":"Rainbow","floor":33},{"not_picked":["Stack","Cold Snap+1","Melter+1"],"picked":"SKIP","floor":35},{"not_picked":["Undo+1","Barrage+1"],"picked":"Recycle","floor":36},{"not_picked":["Sweeping Beam+1","Coolheaded+1"],"picked":"Loop+1","floor":37},{"not_picked":["Aggregate+1","Compile Driver"],"picked":"Barrage+1","floor":39},{"not_picked":["Heatsinks","Beam Cell"],"picked":"Go for the Eyes+1","floor":40},{"not_picked":["Ball Lightning+1","Blizzard+1","Beam Cell"],"picked":"SKIP","floor":41},{"not_picked":["Compile Driver+1","Gash"],"picked":"Amplify","floor":44},{"not_picked":["Barrage+1","Conserve Battery+1","Beam Cell"],"picked":"SKIP","floor":45},{"not_picked":["Doom and Gloom+1","Gash"],"picked":"Capacitor","floor":47},{"not_picked":["Blizzard+1","Gash+1"],"picked":"Multi-Cast","floor":48}],"player_experience":613255,"relics_obtained":[{"floor":7,"key":"Mummified Hand"},{"floor":9,"key":"Bottled Flame"},{"floor":10,"key":"Unceasing Top"},{"floor":14,"key":"Darkstone Periapt"},{"floor":23,"key":"Shuriken"},{"floor":26,"key":"MealTicket"},{"floor":30,"key":"HornCleat"},{"floor":36,"key":"Girya"},{"floor":40,"key":"Art of War"},{"floor":43,"key":"Cables"},{"floor":48,"key":"StoneCalendar"}],"event_choices":[{"damage_healed":0,"gold_gain":0,"player_choice":"Grow","damage_taken":0,"max_hp_gain":0,"max_hp_loss":0,"event_name":"Living Wall","floor":3,"gold_loss":0,"cards_upgraded":["Zap"]},{"damage_healed":0,"gold_gain":0,"player_choice":"Lose Max HP","damage_taken":0,"relics_obtained":["Golden Idol"],"max_hp_gain":0,"max_hp_loss":6,"event_name":"Golden Idol","floor":4,"gold_loss":0},{"damage_healed":0,"gold_gain":0,"player_choice":"Donut","damage_taken":0,"max_hp_gain":5,"max_hp_loss":0,"event_name":"Big Fish","floor":5,"gold_loss":0},{"cards_removed":["Strike_B"],"damage_healed":0,"gold_gain":0,"player_choice":"Card Removal","damage_taken":0,"max_hp_gain":0,"max_hp_loss":0,"event_name":"Wheel of Change","floor":13,"gold_loss":0},{"damage_healed":0,"gold_gain":0,"player_choice":"Ignored","damage_taken":0,"max_hp_gain":0,"max_hp_loss":0,"event_name":"Vampires","floor":22,"gold_loss":0},{"damage_healed":0,"gold_gain":0,"player_choice":"Fight","damage_taken":0,"max_hp_gain":0,"max_hp_loss":0,"event_name":"Mysterious Sphere","floor":36,"gold_loss":0},{"damage_healed":0,"gold_gain":0,"player_choice":"Ignored","damage_taken":0,"max_hp_gain":0,"max_hp_loss":0,"event_name":"Tomb of Lord Red Mask","floor":38,"gold_loss":0}],"is_beta":false,"boss_relics":[{"not_picked":["Fusion Hammer","Tiny House"],"picked":"Velvet Choker"},{"not_picked":["Pandora\u0027s Box","Astrolabe"],"picked":"Runic Pyramid"}],"items_purged_floors":[20,46],"is_endless":false,"potions_floor_spawned":[7,10,14,16,19,29,30,31,36,37,40,48],"ascension_level":10}}