{"host":"dvdvdvm357cut69v","time":1612197510,"event":{"mods":["BaseMod","Minty Spire (QoL Compilation)","StSLib"],"gold_per_floor":[116,15,15,26,26,58,58,78,105,122,139,139,174,193,193,289,289,300,284,284,284,295,295,295,295],"floor_reached":24,"language":"ENG","playtime":819,"items_purged":[],"score":254,"play_id":"a0473f23-145a-4199-a34f-4057a1301a78","local_time":"20210201193830","is_ascension_mode":true,"campfire_choices":[{"data":"Dash","floor":7,"key":"SMITH"},{"floor":15,"key":"REST"},{"data":"Neutralize","floor":23,"key":"SMITH"}],"circlet_count":0,"master_deck":["Strike_G","Strike_G","Strike_G","Strike_G","Strike_G","Defend_G","Defend_G","Defend_G","Defend_G","Defend_G","Survivor","Neutralize+1","Glass Knife","Slice","Dash+1","Blade Dance","Sucker Punch","PiercingWail","Flechettes","Terror","Choke","Leg Sweep","Footwork","Blur+1","Catalyst+1","Blur"],"relics":["Ring of the Snake","Nunchaku","Question Card","PreservedInsect","Bottled Flame","Black Star"],"acts_visited":["Exordium","TheCity"],"potions_floor_usage":[16,19,22,24],"damage_taken":[{"damage":10,"enemies":"Small Slimes","floor":1,"turns":3},{"damage":0,"enemies":"Cultist","floor":4,"turns":3},{"damage":13,"enemies":"Lagavulin","floor":6,"turns":5},{"damage":0,"enemies":"Jaw Worm","floor":8,"turns":3},{"damage":3,"enemies":"Lots of Slimes","floor":10,"turns":4},{"damage":0,"enemies":"Exordium Thugs","floor":11,"turns":3},{"damage":9,"enemies":"3 Sentries","floor":13,"turns":5},{"damage":0,"enemies":"3 Louse","floor":14,"turns":2},{"damage":16,"enemies":"Hexaghost","floor":16,"turns":11},{"damage":6,"enemies":"Chosen","floor":18,"turns":5},{"damage":2,"enemies":"2 Thieves","floor":19,"turns":4},{"damage":28,"enemies":"Centurion and Healer","floor":22,"turns":9},{"damage":69,"enemies":"Gremlin Leader","floor":24,"turns":7}],"seed_played":"7494656989056636255","potions_obtained":[{"floor":1,"key":"Ancient Potion"},{"floor":8,"key":"Weak Potion"},{"floor":12,"key":"GhostInAJar"},{"floor":12,"key":"SpeedPotion"},{"floor":16,"key":"GamblersBrew"},{"floor":19,"key":"ColorlessPotion"}],"is_trial":false,"path_per_floor":["M","$","?","M","?","E","R","M","T","M","M","?","E","M","R","B",null,"M","M","?","?","M","R","E"],"character_chosen":"THE_SILENT","items_purchased":["Dash","Blade Dance"],"campfire_rested":1,"item_purchase_floors":[2,2],"current_hp_per_floor":[60,60,65,65,65,52,52,52,52,49,49,49,40,40,62,46,75,69,67,53,90,62,62,0,0],"gold":295,"neow_bonus":"ONE_RANDOM_RARE_CARD","is_daily":false,"chose_seed":false,"campfire_upgraded":2,"win_rate":0.0,"timestamp":1612197510,"path_taken":["M","$","?","M","?","E","R","?","T","M","M","?","E","M","R","BOSS","M","?","?","?","?","R","E"],"items_purchased_type":["Card","Card"],"build_version":"2020-12-13","purchased_purges":0,"victory":false,"max_hp_per_floor":[70,70,75,75,75,75,75,75,75,75,75,75,75,75,75,75,75,75,75,80,90,90,90,90,90],"card_choices":[{"not_picked":["Well Laid Plans","Noxious Fumes"],"picked":"Slice","floor":1},{"not_picked":["Blade Dance","Deflect"],"picked":"Sucker Punch","floor":4},{"not_picked":["Endless Agony","Catalyst"],"picked":"PiercingWail","floor":6},{"not_picked":["Tactician","Bane","Catalyst"],"picked":"Flechettes","floor":8},{"not_picked":["Blade Dance","Deflect","Acrobatics"],"picked":"Terror","floor":10},{"not_picked":["Eviscerate","Sucker Punch","Terror"],"picked":"Choke","floor":11},{"not_picked":["Burst","Bane","Choke"],"picked":"Leg Sweep","floor":13},{"not_picked":["Distraction","Quick Slash","Predator"],"picked":"Footwork","floor":14},{"not_picked":["Doppelganger","Unload","Wraith Form v2"],"picked":"Malaise","floor":16},{"not_picked":["Flying Knee","Dagger Spray+1","Acrobatics+1"],"picked":"Blur+1","floor":18},{"not_picked":["PiercingWail+1","Quick Slash+1","Masterful Stab+1"],"picked":"Catalyst+1","floor":19},{"not_picked":["Underhanded Strike","Slice","Riddle With Holes"],"picked":"Blur","floor":22}],"player_experience":101586,"relics_obtained":[{"floor":6,"key":"Question Card"},{"floor":9,"key":"PreservedInsect"},{"floor":13,"key":"Bottled Flame"}],"event_choices":[{"damage_healed":0,"gold_gain":0,"player_choice":"Donut","damage_taken":0,"max_hp_gain":5,"max_hp_loss":0,"event_name":"Big Fish","floor":3,"gold_loss":0},{"damage_healed":0,"gold_gain":0,"player_choice":"Gave Potion","damage_taken":0,"relics_obtained":["Nunchaku"],"max_hp_gain":0,"max_hp_loss":0,"event_name":"WeMeetAgain","floor":5,"gold_loss":0},{"damage_healed":0,"gold_gain":0,"player_choice":"Got Potions","damage_taken":0,"max_hp_gain":0,"max_hp_loss":0,"event_name":"Lab","floor":12,"gold_loss":0},{"damage_healed":0,"gold_gain":0,"player_choice":"Shed Blood","damage_taken":19,"max_hp_gain":5,"max_hp_loss":0,"event_name":"Forgotten Altar","floor":20,"gold_loss":0},{"cards_removed":["Malaise"],"damage_healed":27,"gold_gain":0,"player_choice":"Offered Rare","damage_taken":0,"max_hp_gain":10,"max_hp_loss":0,"event_name":"Bonfire Elementals","floor":21,"gold_loss":0}],"is_beta":false,"boss_relics":[{"not_picked":["Fusion Hammer","Runic Dome"],"picked":"Black Star"}],"items_purged_floors":[],"is_endless":false,"potions_floor_spawned":[1,8,14,16,19],"killed_by":"Gremlin Leader","ascension_level":2}}