{"host":"osfffw6eu3utmcte","time":1612188552,"event":{"mods":["AchievementEnabler","BaseMod","Downfall","Hermit","Jorbs\u0027s Wanderer Trilogy","Minty Spire (QoL Compilation)","StSLib","The Cursed"],"gold_per_floor":[99,116,116,126,156,173,173,15,45,45,76,91,91,109,124,222,222,222,236,252,252,270,287,311,11,54,63,89,108,108,145,170,170,170,170],"floor_reached":33,"language":"ENG","playtime":2980,"items_purged":["Slimebound:Strike_Slimebound"],"score":341,"play_id":"42f486c6-b319-420c-8a84-e5cd6ae15f93","local_time":"20210201150912","is_ascension_mode":true,"campfire_choices":[{"data":"Slimebound:Split","floor":1.0,"key":"SMITH"},{"floor":10.0,"key":"REST"},{"floor":18.0,"key":"RECALL"},{"data":"Slimebound:DuplicatedForm","floor":25,"key":"SMITH"},{"floor":30,"key":"REST"}],"circlet_count":0,"master_deck":["Slimebound:Tackle","Slimebound:Defend_Slimebound","Slimebound:Defend_Slimebound","Slimebound:Defend_Slimebound","Slimebound:Defend_Slimebound","Slimebound:Split+1","Slimebound:CorrosiveSpit+1","Slimebound:Prepare","Slimebound:LeechEnergy","Slimebound:SplitBruiser","Slimebound:DuplicatedForm+1","Slimebound:Dissolve","Slimebound:MassRepurpose","Slimebound:RollThrough","Slimebound:Repurpose","Slimebound:Schlurp","Slimebound:DisruptingSlam","Slimebound:FirmFortitude","Slimebound:Repurpose","Slimebound:GoopTackle+1","Slimebound:LeechingTouch","Slimebound:RainOfGoop","Slimebound:Dissolve","Slimebound:SlimeSpikes","Slimebound:SpikyOuterGoop","Slimebound:SplitBruiser","Slimebound:SplitLeeching+1"],"relics":["SlaversCollar","Oddly Smooth Stone","CaptainsWheel","Lantern","bronze:MakeshiftBattery","MealTicket","downfall:HeartBlessingBlue","downfall:HeartBlessingRed","downfall:HeartBlessingGreen","CeramicFish","StrikeDummy"],"acts_visited":["Exordium","TheCity"],"potions_floor_usage":[23,26,31,33,33],"damage_taken":[{"damage":1.0,"enemies":"Jaw Worm","floor":2.0,"turns":4.0},{"damage":0.0,"enemies":"2 Louse","floor":4.0,"turns":3.0},{"damage":0.0,"enemies":"Cultist","floor":6.0,"turns":3.0},{"damage":0.0,"enemies":"downfall:FleeingMerchant","floor":8.0,"turns":4.0},{"damage":50.0,"enemies":"Gremlin Nob","floor":9.0,"turns":5.0},{"damage":24.0,"enemies":"3 Sentries","floor":11.0,"turns":6.0},{"damage":4.0,"enemies":"Lots of Slimes","floor":12.0,"turns":3.0},{"damage":15.0,"enemies":"2 Fungi Beasts","floor":14.0,"turns":3.0},{"damage":20.0,"enemies":"Red Slaver","floor":15.0,"turns":5.0},{"damage":18.0,"enemies":"SI_SHIV_ARCHETYPE","floor":16.0,"turns":7.0},{"damage":17.0,"enemies":"Spheric Guardian","floor":19.0,"turns":4.0},{"damage":20.0,"enemies":"Chosen","floor":20.0,"turns":5.0},{"damage":27.0,"enemies":"Shelled Parasite and Fungi","floor":22.0,"turns":7.0},{"damage":15,"enemies":"3 Cultists","floor":23,"turns":5},{"damage":39,"enemies":"Slavers","floor":26,"turns":4},{"damage":20,"enemies":"Snake Plant","floor":28,"turns":4},{"damage":0,"enemies":"Snecko","floor":29,"turns":5},{"damage":24,"enemies":"Gremlin Leader","floor":31,"turns":5},{"damage":18,"enemies":"Cultist and Chosen","floor":32,"turns":6},{"damage":21,"enemies":"WA_ARCHETYPE_CALM","floor":33,"turns":5}],"seed_played":"-6374896210747918100","potions_obtained":[{"floor":4.0,"key":"Regen Potion"},{"floor":9.0,"key":"Block Potion"},{"floor":11.0,"key":"Guardian:BlockOnCardUsePotion"},{"floor":16.0,"key":"SkillPotion"},{"floor":19.0,"key":"Explosive Potion"},{"floor":22.0,"key":"LiquidMemories"},{"floor":29,"key":"Slimebound:SlimedPotion"},{"floor":31,"key":"bronze:BurnAndBuffPotion"}],"is_trial":false,"path_per_floor":["R","M","?","M","?","M","T","$","E","R","E","M","?","M","M","B",null,"R","M","M","?","M","M","T","R","E","?","M","M","R","E","M","B"],"character_chosen":"SLIMEBOUND","items_purchased":["Slimebound:Dissolve"],"campfire_rested":2,"item_purchase_floors":[8],"current_hp_per_floor":[65,64,64,64,64,64,64,64,38,57,48,44,49,49,44,41,70,70,68,63,55,43,43,43,53,29,29,9,9,33,24,21,0,0,0],"gold":170,"neow_bonus":"BOSS_RELIC","is_daily":false,"chose_seed":false,"campfire_upgraded":2,"win_rate":0.0,"timestamp":1612188552,"path_taken":["R","M","?","M","?","M","T","$","E","R","E","M","?","?","M","BOSS","R","M","M","?","?","M","T","R","E","?","M","?","R","E","M","BOSS"],"items_purchased_type":["Card"],"build_version":"2020-12-22","purchased_purges":1,"victory":false,"max_hp_per_floor":[65,65,65,65,65,65,65,65,65,65,65,65,70,70,70,70,70,70,70,70,70,70,70,70,80,80,80,80,80,80,80,80,80,80,80],"card_choices":[{"not_picked":["Slimebound:GoopSpray","Slimebound:ItLooksTasty"],"picked":"Slimebound:Prepare","floor":2.0},{"not_picked":["Slimebound:GoopTackle","Slimebound:FinishingTackle"],"picked":"Slimebound:LeechEnergy","floor":4.0},{"not_picked":["Slimebound:RollThrough","Slimebound:Replication"],"picked":"Slimebound:SplitBruiser","floor":6.0},{"not_picked":["Slimebound:LivingWall","Slimebound:SplitBruiser"],"picked":"Slimebound:DuplicatedForm","floor":8.0},{"not_picked":["Slimebound:Prepare","Slimebound:LeadByExample"],"picked":"Slimebound:MassRepurpose","floor":9.0},{"not_picked":["Slimebound:SplitMire","Slimebound:Prepare"],"picked":"Slimebound:RollThrough","floor":11.0},{"not_picked":["Slimebound:LivingWall","Slimebound:RollThrough"],"picked":"Slimebound:Repurpose","floor":12.0},{"not_picked":["Slimebound:TongueLash","Slimebound:RollThrough"],"picked":"Slimebound:Schlurp","floor":14.0},{"not_picked":["Slimebound:DivideAndConquer","Slimebound:HauntingLick"],"picked":"Slimebound:DisruptingSlam","floor":15.0},{"not_picked":["Slimebound:OozeBath","Slimebound:MinionMaster"],"picked":"Slimebound:FirmFortitude","floor":16.0},{"not_picked":["Slimebound:RainOfGoop","Slimebound:Chomp"],"picked":"Slimebound:ProtectTheBoss","floor":19.0},{"not_picked":["Slimebound:LeechEnergy","Slimebound:ComboTackle"],"picked":"Slimebound:Repurpose","floor":20.0},{"not_picked":["Slimebound:SplitLeeching+1","Slimebound:MegaLick+1"],"picked":"Slimebound:GoopTackle+1","floor":22.0},{"not_picked":["Slimebound:SlimeSpikes+1","Slimebound:HauntingLick"],"picked":"Slimebound:LeechingTouch","floor":23},{"not_picked":["Slimebound:Chomp+1","Slimebound:MassRepurpose"],"picked":"Slimebound:RainOfGoop","floor":26},{"not_picked":["Slimebound:PressTheAttack+1","Slimebound:ViciousTackle+1"],"picked":"Slimebound:SlimeSpikes","floor":28},{"not_picked":["Slimebound:MegaLick","Slimebound:SamplingLick"],"picked":"Slimebound:SpikyOuterGoop","floor":29},{"not_picked":["Slimebound:PressTheAttack","Slimebound:GoopTackle+1"],"picked":"Slimebound:SplitBruiser","floor":31},{"not_picked":["Slimebound:RollThrough","Slimebound:SlimeBarrage+1"],"picked":"Slimebound:SplitLeeching+1","floor":32}],"player_experience":612446,"relics_obtained":[{"floor":9.0,"key":"CaptainsWheel"},{"floor":11.0,"key":"Lantern"},{"floor":24,"key":"MealTicket"},{"floor":26,"key":"CeramicFish"},{"floor":31,"key":"StrikeDummy"}],"event_choices":[{"damage_healed":0.0,"max_hp_gain":5.0,"max_hp_loss":0.0,"gold_gain":0.0,"event_name":"Big Fish","player_choice":"Donut","floor":13.0,"gold_loss":0.0,"damage_taken":0.0}],"is_beta":false,"boss_relics":[{"not_picked":["Pandora\u0027s Box","Coffee Dripper"],"picked":"bronze:MakeshiftBattery"}],"items_purged_floors":[8],"is_endless":false,"potions_floor_spawned":[4,9,11,16,19,22,29,31],"killed_by":"WA_ARCHETYPE_CALM","ascension_level":1}}