{"host":"p0aue7rxhhd16ni6","time":1612157889,"event":{"mods":["BaseMod","Minty Spire (QoL Compilation)","StSLib","The Bug Knight","[IsaacMod]ÒÔÈö¼âËþ"],"gold_per_floor":[116,116,129,129,204,204,53,53,80,80,137,137,137,153,153,254,254,272,272,272,283,283,311,328,328,352,54,54,54,54,72,72,175,175,191,191,191,191,191,191,209,209,209,241,252,24,50,50,50,50],"floor_reached":51,"language":"ZHS","playtime":1853,"items_purged":["Parasite"],"score":855,"play_id":"d88f7c8f-1330-44a6-afa3-5db19f9a98a0","local_time":"20210201133809","is_ascension_mode":false,"campfire_choices":[{"data":"Regret","floor":6,"key":"PURGE"},{"data":"HollowMod:QuickDashStart","floor":8,"key":"PURGE"},{"data":"HollowMod:FocusHealStart","floor":10,"key":"SMITH"},{"data":"HollowMod:ShapeofUnn","floor":12,"key":"SMITH"},{"data":"HollowMod:CloakDash","floor":15,"key":"SMITH"},{"data":"HollowMod:AwokenDreamNail","floor":25,"key":"SMITH"},{"data":"1","floor":30,"key":"LIFT"},{"data":"2","floor":32,"key":"LIFT"},{"data":"3","floor":40,"key":"LIFT"},{"data":"Madness","floor":42,"key":"SMITH"},{"data":"J.A.X.","floor":49,"key":"SMITH"}],"circlet_count":0,"master_deck":["HollowMod:NailStrikeStart+1","HollowMod:NailStrikeStart","HollowMod:NailStrikeStart","HollowMod:NailStrikeStart","HollowMod:QuickDashStart","HollowMod:QuickDashStart","HollowMod:QuickDashStart","HollowMod:FocusHealStart+1","HollowMod:PogoStrike+1","EpicFetus","Finesse","HollowMod:PerfectDash","HollowMod:CloakDash+1","HollowMod:PureVessel","RitualDagger","HollowMod:Grubsong","HollowMod:AwokenDreamNail+1","J.A.X.+1","HollowMod:CloakDash+1","Deep Breath","HandOfGreed","Madness","Madness+1","HollowMod:HuntersJournal+1","HollowMod:CloakDash","HollowMod:SoulEater+1"],"relics":["HollowMod:VesselMask","HushsDoor","BookofShadows","Peace Pipe","Ornamental Fan","HandDrill","HowToJump","Singing Bowl","MagicMushroom","AnarchistCookbook","EdensBlessing","BookOfRevelations","Girya","Philosopher\u0027s Stone","TungstenRod","Meat on the Bone","Ice Cream","Boot","Bottled Flame"],"acts_visited":["Exordium","TheCity","TheBeyond"],"potions_floor_usage":[1,50,50,50],"damage_taken":[{"damage":0,"enemies":"2 Louse","floor":1,"turns":3},{"damage":0,"enemies":"Small Slimes","floor":3,"turns":3},{"damage":10,"enemies":"3 Sentries","floor":11,"turns":4},{"damage":0,"enemies":"Jaw Worm","floor":14,"turns":4},{"damage":16,"enemies":"The Guardian","floor":16,"turns":10},{"damage":0,"enemies":"3 Byrds","floor":18,"turns":3},{"damage":7,"enemies":"2 Thieves","floor":21,"turns":3},{"damage":23,"enemies":"Book of Stabbing","floor":23,"turns":5},{"damage":30,"enemies":"Cultist and Chosen","floor":24,"turns":8},{"damage":3,"enemies":"Centurion and Healer","floor":31,"turns":4},{"damage":11,"enemies":"Automaton","floor":33,"turns":7},{"damage":0,"enemies":"3 Darklings","floor":35,"turns":4},{"damage":0,"enemies":"Orb Walker","floor":41,"turns":2},{"damage":4,"enemies":"Reptomancer","floor":44,"turns":4},{"damage":4,"enemies":"Writhing Mass","floor":45,"turns":2},{"damage":2,"enemies":"Nemesis","floor":47,"turns":3},{"damage":2,"enemies":"Donu and Deca","floor":50,"turns":4}],"seed_played":"-617506001154350396","potions_obtained":[{"floor":1,"key":"Fruit Juice"},{"floor":23,"key":"SpeedPotion"},{"floor":31,"key":"Fire Potion"},{"floor":33,"key":"Regen Potion"},{"floor":35,"key":"AttackPotion"},{"floor":41,"key":"Strength Potion"}],"is_trial":false,"path_per_floor":["M","?","M","?","?","R","$","R","T","R","?","R","?","M","R","B",null,"M","?","T","M","?","E","M","R","T","$","?","?","R","M","R","B",null,"M","?","?","T","?","R","M","R","T","E","M","$","E","$","R","B",null],"character_chosen":"THE_BUGKNIGHT","items_purchased":["HandDrill","Girya","Boot"],"campfire_rested":0,"item_purchase_floors":[7,27,46],"current_hp_per_floor":[80,80,80,55,44,44,44,44,44,44,40,40,24,30,30,28,89,91,85,85,88,88,74,55,55,55,55,55,55,55,61,61,63,97,97,87,75,75,75,75,82,82,82,79,78,78,77,77,77,93],"gold":50,"neow_bonus":"RANDOM_COLORLESS","is_daily":false,"chose_seed":false,"campfire_upgraded":6,"win_rate":0.0,"timestamp":1612157889,"path_taken":["M","?","M","?","?","R","?","R","T","R","?","R","?","M","R","BOSS","M","?","?","?","?","E","M","R","T","$","?","?","R","M","R","BOSS","M","?","?","?","?","R","M","R","T","E","?","?","E","$","R","BOSS"],"items_purchased_type":["Relic","Relic","Relic"],"build_version":"2020-12-22","purchased_purges":1,"victory":true,"max_hp_per_floor":[80,80,80,80,80,80,80,80,80,80,80,80,80,80,80,82,89,91,91,91,91,91,93,93,93,93,93,93,93,93,95,95,97,97,97,97,97,97,97,97,97,97,97,97,99,96,96,96,96,96],"card_choices":[{"not_picked":[],"picked":"EpicFetus","floor":0},{"not_picked":["Enlightenment","Panacea"],"picked":"Finesse","floor":0},{"not_picked":["HollowMod:GoodIntentions","HollowMod:ChannelNail"],"picked":"HollowMod:PerfectDash","floor":1},{"not_picked":["HollowMod:HowlingWraiths","HollowMod:GoodIntentions"],"picked":"HollowMod:CloakDash","floor":3},{"not_picked":["HollowMod:GoodIntentions","HollowMod:DoubleDash"],"picked":"HollowMod:ShapeofUnn","floor":11},{"not_picked":["HollowMod:CrystalDash","HollowMod:MawleksShell"],"picked":"HollowMod:PureVessel","floor":14},{"not_picked":["HollowMod:LifebloodCore","HollowMod:VoidDash","HollowMod:HornetsHelp"],"picked":"Singing Bowl","floor":16},{"not_picked":["HollowMod:CycloneSlash","HollowMod:DescendingDark","HollowMod:QuirrelsAssistance+1"],"picked":"Singing Bowl","floor":18},{"not_picked":["HollowMod:CrystalDash","HollowMod:VengefulVoid+1"],"picked":"HollowMod:Grubsong","floor":21},{"not_picked":["HollowMod:NewJinnsSoul","HollowMod:InfectionAssault","HollowMod:VengefulSpirit"],"picked":"Singing Bowl","floor":23},{"not_picked":["HollowMod:DungDefenderAura","HollowMod:HeavyBlow+1"],"picked":"HollowMod:AwokenDreamNail","floor":24},{"not_picked":["HollowMod:HowlingWraiths+1","HollowMod:GoodIntentions","HollowMod:SoulSplash"],"picked":"Singing Bowl","floor":31},{"not_picked":["HollowMod:HornetsHelp","HollowMod:NewInfectedGuardian","HollowMod:ElderbugsWisdom"],"picked":"Singing Bowl","floor":33},{"not_picked":["HollowMod:CycloneSlash","HollowMod:QuirrelsAssistance"],"picked":"HollowMod:CloakDash+1","floor":35},{"not_picked":["DoctorFetus","Mind Blast"],"picked":"Deep Breath","floor":36},{"not_picked":["PanicButton","Swift Strike"],"picked":"HandOfGreed","floor":36},{"not_picked":["Battery","Discovery"],"picked":"Bomb","floor":36},{"not_picked":["HollowMod:SoulStrike+1","HollowMod:InfectedAttack+1"],"picked":"HollowMod:HuntersJournal+1","floor":41},{"not_picked":["HollowMod:BrokenVessel+1","HollowMod:LordofShades"],"picked":"HollowMod:CloakDash","floor":44},{"not_picked":["HollowMod:ShadowDash+1","HollowMod:DescendingDark","HollowMod:VengefulVoid+1"],"picked":"Singing Bowl","floor":45},{"not_picked":["HollowMod:Grubsong+1","HollowMod:SoulSplash"],"picked":"HollowMod:SoulEater+1","floor":47}],"player_experience":475399,"relics_obtained":[{"floor":9,"key":"HowToJump"},{"floor":11,"key":"Singing Bowl"},{"floor":20,"key":"AnarchistCookbook"},{"floor":23,"key":"EdensBlessing"},{"floor":26,"key":"BookOfRevelations"},{"floor":38,"key":"TungstenRod"},{"floor":43,"key":"Meat on the Bone"},{"floor":44,"key":"Ice Cream"},{"floor":47,"key":"Bottled Flame"}],"event_choices":[{"damage_healed":0,"gold_gain":0,"player_choice":"Box","damage_taken":0,"relics_obtained":["Peace Pipe"],"max_hp_gain":0,"max_hp_loss":0,"event_name":"Big Fish","floor":2,"gold_loss":0,"cards_obtained":["Regret"]},{"damage_healed":0,"gold_gain":0,"player_choice":"Success","damage_taken":25,"relics_obtained":["Ornamental Fan"],"max_hp_gain":0,"max_hp_loss":0,"event_name":"Scrap Ooze","floor":4,"gold_loss":0},{"damage_healed":0,"gold_gain":75,"player_choice":"Gather Gold","damage_taken":11,"max_hp_gain":0,"max_hp_loss":0,"event_name":"World of Goop","floor":5,"gold_loss":0},{"damage_healed":0,"gold_gain":0,"player_choice":"Searched \u00271\u0027 times","damage_taken":0,"max_hp_gain":0,"max_hp_loss":0,"event_name":"Dead Adventurer","floor":11,"gold_loss":0},{"damage_healed":0,"gold_gain":0,"player_choice":"Entered Light","damage_taken":16,"max_hp_gain":0,"max_hp_loss":0,"event_name":"Shining Light","floor":13,"gold_loss":0,"cards_upgraded":["HollowMod:NailStrikeStart","HollowMod:PogoStrike"]},{"damage_healed":0,"gold_gain":0,"player_choice":"Joined the Cult","damage_taken":6,"max_hp_gain":0,"max_hp_loss":0,"event_name":"Nest","floor":19,"gold_loss":0,"cards_obtained":["RitualDagger"]},{"damage_healed":0,"gold_gain":0,"player_choice":"Ignored","damage_taken":0,"max_hp_gain":0,"max_hp_loss":0,"event_name":"Vampires","floor":22,"gold_loss":0},{"damage_healed":0,"gold_gain":0,"player_choice":"Obtain J.A.X.","damage_taken":0,"max_hp_gain":0,"max_hp_loss":0,"event_name":"Drug Dealer","floor":29,"gold_loss":0,"cards_obtained":["J.A.X."]},{"damage_healed":0,"gold_gain":0,"player_choice":"Memory 3","damage_taken":10,"max_hp_gain":0,"max_hp_loss":0,"event_name":"SensoryStone","floor":36,"gold_loss":0},{"damage_healed":0,"gold_gain":0,"player_choice":"Embrace Madness","damage_taken":12,"max_hp_gain":0,"max_hp_loss":0,"event_name":"Winding Halls","floor":37,"gold_loss":0,"cards_obtained":["Madness","Madness"]},{"cards_removed":["HollowMod:ShapeofUnn"],"damage_healed":0,"gold_gain":0,"player_choice":"Removed Power","damage_taken":0,"max_hp_gain":0,"max_hp_loss":0,"event_name":"Falling","floor":39,"gold_loss":0}],"is_beta":false,"boss_relics":[{"not_picked":["ChampionBelt","Runic Dome"],"picked":"MagicMushroom"},{"not_picked":[]},{"not_picked":["Tiny House","Sozu"],"picked":"Philosopher\u0027s Stone"},{"not_picked":[]}],"items_purged_floors":[46],"is_endless":false,"potions_floor_spawned":[1,23,31,33,35,41,45],"ascension_level":0}}