{"host":"jumrmhf584hajrnz","time":1612205236,"event":{"mods":["BaseMod","Duelist Mod","GifTheSpireLib","Minty Spire (QoL Compilation)","Quick Restart","StSLib"],"gold_per_floor":[141,141,155,155,52,78,29,82,82,57,80,52,32,68,68,169,169,192,192,201,210,229,229,288,288,337,337,356,404,450,481,481,481,481],"floor_reached":33,"language":"ENG","playtime":2021,"items_purged":["Writhe"],"score":698,"play_id":"056cf17d-3ef3-49c7-9691-e539edc4dd1a","local_time":"20210201194716","is_ascension_mode":true,"campfire_choices":[{"floor":15,"key":"REST"},{"floor":23,"key":"REST"},{"floor":25,"key":"RECALL"},{"floor":27,"key":"REST"},{"floor":32,"key":"REST"}],"circlet_count":0,"master_deck":["AscendersBane","theDuelist:BabyDragon+1","theDuelist:CastleWalls","theDuelist:CastleWalls","theDuelist:CaveDragon+1","theDuelist:CaveDragon+1","theDuelist:LesserDragon+1","theDuelist:LesserDragon+1","theDuelist:Sparks","theDuelist:Sparks","theDuelist:YamataDragon+1","theDuelist:DoomkaiserDragon+1","theDuelist:MaskedDragon+1","theDuelist:CyberneticRevolution","theDuelist:BusterDrake+1","theDuelist:SilverWing","theDuelist:HazyFlameHydra","theDuelist:BlueEyesUltimate+1","theDuelist:MadFlameKaiju+1","theDuelist:TwinHeadedFire","theDuelist:CyberDragonCore","Dramatic Entrance","theDuelist:DragonMastery","Sadistic Nature+1","Necronomicurse","Writhe","theDuelist:TwinHeadedFire","theDuelist:Hinotama+1","theDuelist:Dracocension+1","theDuelist:BlackPtera","theDuelist:TwinHeadedBehemoth","theDuelist:BlackStego"],"relics":["theDuelist:MillenniumPuzzle","theDuelist:CardPoolRelic","theDuelist:CardPoolBasicRelic","theDuelist:BoosterPackPoolRelic","theDuelist:CardPoolAddRelic","theDuelist:CardPoolMinusRelic","theDuelist:CardPoolSaveRelic","theDuelist:CardPoolOptionsRelic","theDuelist:KaibaToken","Torii","theDuelist:MillenniumRod","theDuelist:MerchantPendant","CeramicFish","Mark of Pain","Necronomicon","theDuelist:BoosterPackSpellEgg","theDuelist:DuelistTeaSet","Question Card"],"acts_visited":["Exordium","TheCity"],"potions_floor_usage":[14,16,24,28,31],"damage_taken":[{"damage":0,"enemies":"2 Louse","floor":1,"turns":3},{"damage":6,"enemies":"Jaw Worm","floor":3,"turns":2},{"damage":23,"enemies":"3 Sentries","floor":6,"turns":9},{"damage":13,"enemies":"Lagavulin","floor":8,"turns":8},{"damage":1,"enemies":"Cultist","floor":11,"turns":3},{"damage":1,"enemies":"3 Sentries","floor":14,"turns":7},{"damage":0,"enemies":"Hexaghost","floor":16,"turns":6},{"damage":13,"enemies":"Shell Parasite","floor":18,"turns":4},{"damage":14,"enemies":"Book of Stabbing","floor":24,"turns":5},{"damage":0,"enemies":"3 Byrds","floor":28,"turns":3},{"damage":50,"enemies":"Slavers","floor":29,"turns":7},{"damage":4,"enemies":"Snake Plant","floor":30,"turns":4},{"damage":0,"enemies":"3 Cultists","floor":31,"turns":3},{"damage":32,"enemies":"Collector","floor":33,"turns":5}],"seed_played":"-1295086970217293767","potions_obtained":[{"floor":6,"key":"theDuelist:OrbBottle"},{"floor":8,"key":"theDuelist:BottledKuriboh"},{"floor":13,"key":"HeartOfIron"},{"floor":14,"key":"theDuelist:WhiteBottle"},{"floor":16,"key":"Explosive Potion"},{"floor":18,"key":"FearPotion"},{"floor":30,"key":"theDuelist:DragonfirePotion"}],"is_trial":false,"path_per_floor":["M","?","M","?","$","E","$","E","T","$","M","$","?","E","R","B",null,"M","$","?","?","?","R","E","R","T","R","M","E","M","M","R","B"],"character_chosen":"THE_DUELIST","items_purchased":["theDuelist:BusterDrake","theDuelist:HazyFlameHydra","theDuelist:MadFlameKaiju","theDuelist:MerchantPendant","theDuelist:CyberDragonCore"],"campfire_rested":4,"item_purchase_floors":[5,7,10,12,12],"current_hp_per_floor":[63,63,57,57,57,34,34,21,21,21,20,20,20,19,40,40,63,50,50,29,29,29,50,36,36,36,57,57,7,3,3,24,0,0],"gold":481,"neow_bonus":"THREE_RARE_CARDS","is_daily":false,"chose_seed":false,"campfire_upgraded":0,"win_rate":0.0,"timestamp":1612205236,"path_taken":["M","?","M","?","$","E","$","E","T","?","M","$","?","E","R","BOSS","M","$","?","?","?","R","E","R","T","R","M","E","M","?","R","BOSS"],"items_purchased_type":["Card","Card","Card","Relic","Card"],"build_version":"2020-12-22","purchased_purges":1,"victory":false,"max_hp_per_floor":[70,70,70,70,70,70,70,70,70,70,70,70,70,70,70,70,70,70,70,70,70,70,70,70,70,70,70,70,70,70,70,70,70,70],"card_choices":[{"not_picked":["theDuelist:BusterBladerDDS","theDuelist:BlasterDragonInfernos"],"picked":"theDuelist:DoomkaiserDragon","floor":0},{"not_picked":["theDuelist:AncientPixieDragon","theDuelist:DarkHorus","theDuelist:Earthquake","theDuelist:BusterDrake"],"picked":"theDuelist:MaskedDragon","floor":1},{"not_picked":["theDuelist:Kabazauls","theDuelist:BlackBrutdrago","theDuelist:SafeZone","theDuelist:CyberDragonVier"],"picked":"theDuelist:CyberneticRevolution","floor":3},{"not_picked":["theDuelist:TyrantWing","theDuelist:MiraculousDescent","theDuelist:CastleDragonSouls"],"picked":"theDuelist:SilverWing","floor":6},{"not_picked":["theDuelist:TwinHeadedFire","theDuelist:DragonShield","theDuelist:CaveDragon","theDuelist:ArmedDragon5"],"picked":"theDuelist:BlueEyesUltimate","floor":8},{"not_picked":["theDuelist:BusterBlader","theDuelist:MadSwordBeast","theDuelist:CyberDinosaur","theDuelist:CurseDragon"],"picked":"theDuelist:TwinHeadedFire","floor":11},{"not_picked":["Chrysalis","HandOfGreed","Secret Weapon"],"picked":"Dramatic Entrance","floor":14},{"not_picked":["theDuelist:Lancephorhynchus","theDuelist:DoomkaiserDragon","theDuelist:CyberDragonInfinity","theDuelist:ChimeratechOverdragon"],"picked":"theDuelist:DragonMastery","floor":16},{"not_picked":["Apotheosis","Finesse","The Bomb"],"picked":"Sadistic Nature+1","floor":18},{"not_picked":["theDuelist:RainbowOverdragon","theDuelist:BigKoala","theDuelist:GreyGreedOni","theDuelist:JamBreeding+1"],"picked":"theDuelist:Hinotama+1","floor":24},{"not_picked":["theDuelist:CyberEmergency+1","theDuelist:FluteSummoning+1","theDuelist:EvilMind+1","theDuelist:VeilDarkness+1"],"picked":"theDuelist:Dracocension+1","floor":28},{"not_picked":["theDuelist:TwinBarrelDragon","theDuelist:TornadoDragon","theDuelist:CyberDragonCore","theDuelist:SphereChaos"],"picked":"theDuelist:BlackPtera","floor":29},{"not_picked":["theDuelist:MadSwordBeast","theDuelist:TrihornedDragon","theDuelist:DarkDriceratops","theDuelist:ChimeratechOverdragon"],"picked":"theDuelist:TwinHeadedBehemoth","floor":30},{"not_picked":["theDuelist:TwinHeadedFire","theDuelist:CyberValley","theDuelist:BlackBrutdrago","theDuelist:Pyrorex"],"picked":"theDuelist:BlackStego","floor":31}],"player_experience":1658358,"relics_obtained":[{"floor":6,"key":"theDuelist:KaibaToken"},{"floor":8,"key":"Torii"},{"floor":9,"key":"theDuelist:MillenniumRod"},{"floor":14,"key":"CeramicFish"},{"floor":20,"key":"Necronomicon"},{"floor":24,"key":"theDuelist:DuelistTeaSet"},{"floor":29,"key":"Question Card"}],"event_choices":[{"damage_healed":0,"gold_gain":0,"player_choice":"Leave","duelist":true,"damage_taken":0,"max_hp_gain":0,"max_hp_loss":0,"event_name":"Relic Duplicator","floor":2,"gold_loss":0},{"damage_healed":0,"gold_gain":0,"player_choice":"Leave","duelist":true,"damage_taken":0,"max_hp_gain":0,"max_hp_loss":0,"event_name":"Tomb of the Nameless","floor":4,"gold_loss":0},{"damage_healed":0,"gold_gain":0,"player_choice":"Bought 1 Potion","damage_taken":0,"max_hp_gain":0,"max_hp_loss":0,"event_name":"The Woman in Blue","floor":13,"gold_loss":0},{"damage_healed":0,"gold_gain":0,"player_choice":"Obtained Book","damage_taken":21,"max_hp_gain":0,"max_hp_loss":0,"event_name":"Cursed Tome","floor":20,"gold_loss":0},{"damage_healed":0,"gold_gain":0,"player_choice":"Opened","damage_taken":0,"relics_obtained":["theDuelist:BoosterPackSpellEgg"],"max_hp_gain":0,"max_hp_loss":0,"event_name":"The Mausoleum","floor":21,"gold_loss":0,"cards_obtained":["Writhe"]},{"damage_healed":0,"gold_gain":0,"player_choice":"1 cards matched","damage_taken":0,"max_hp_gain":0,"max_hp_loss":0,"event_name":"Match and Keep!","floor":22,"gold_loss":0,"cards_obtained":["theDuelist:TwinHeadedFire"]}],"is_beta":false,"boss_relics":[{"not_picked":["Tiny House","Empty Cage"],"picked":"Mark of Pain"}],"items_purged_floors":[5],"is_endless":false,"potions_floor_spawned":[6,8,11,14,16,18,30],"killed_by":"Collector","ascension_level":20}}