{"host":"jksa5rawk3m4gilz","time":1612207755,"event":{"mods":["BaseMod","Colored Map","Highlight Path","Minty Spire (QoL Compilation)","Quick Restart"],"gold_per_floor":[109,109,9,20,32,59,59,85,109,132,232,276,163,174,174,259,259,259,259],"floor_reached":18,"language":"ENG","playtime":765,"items_purged":["Shame","Strike_R"],"score":306,"play_id":"a19cf038-5c08-4cac-aa05-05b6a502ef33","local_time":"20210201202915","is_ascension_mode":true,"campfire_choices":[{"floor":7,"key":"REST"},{"data":"Armaments","floor":15,"key":"SMITH"}],"circlet_count":0,"master_deck":["AscendersBane","Strike_R","Strike_R","Strike_R","Strike_R","Defend_R","Defend_R","Defend_R","Defend_R","Bash+1","Reaper","Flex","Pummel","Shockwave","Berserk","Armaments+1","Barricade"],"relics":["Burning Blood","Anchor","CeramicFish","Red Skull","Pear","Black Star"],"acts_visited":["Exordium","TheCity"],"potions_floor_usage":[8,16],"damage_taken":[{"damage":11,"enemies":"Cultist","floor":1,"turns":4},{"damage":0,"enemies":"2 Louse","floor":4,"turns":3},{"damage":14,"enemies":"Small Slimes","floor":5,"turns":5},{"damage":52,"enemies":"Gremlin Nob","floor":6,"turns":5},{"damage":35,"enemies":"3 Sentries","floor":8,"turns":8},{"damage":4,"enemies":"Red Slaver","floor":10,"turns":3},{"damage":20,"enemies":"Gremlin Nob","floor":12,"turns":4},{"damage":21,"enemies":"Large Slime","floor":14,"turns":8},{"damage":37,"enemies":"The Guardian","floor":16,"turns":12},{"damage":58,"enemies":"Chosen","floor":18,"turns":9}],"seed_played":"5785870985167536874","potions_obtained":[{"floor":5,"key":"EssenceOfSteel"},{"floor":6,"key":"Fire Potion"},{"floor":12,"key":"EntropicBrew"},{"floor":16,"key":"Block Potion"}],"is_trial":false,"path_per_floor":["M","?","$","M","M","E","R","E","T","M","?","E","$","M","R","B",null,"M"],"character_chosen":"IRONCLAD","items_purchased":["Flex","Armaments"],"campfire_rested":1,"item_purchase_floors":[3,13],"current_hp_per_floor":[63,63,63,75,73,29,51,40,40,52,52,48,48,39,39,8,66,17,17],"gold":259,"neow_bonus":"THREE_RARE_CARDS","is_daily":false,"chose_seed":false,"campfire_upgraded":1,"win_rate":0.0,"timestamp":1612207755,"path_taken":["M","?","$","M","?","E","R","E","T","M","?","E","$","?","R","BOSS","M"],"items_purchased_type":["Card","Card"],"build_version":"2020-12-22","purchased_purges":2,"victory":false,"max_hp_per_floor":[75,75,75,75,75,75,75,75,75,75,75,85,85,85,85,85,85,85,85],"card_choices":[{"not_picked":["Offering","Immolate"],"picked":"Reaper","floor":0},{"not_picked":["Perfected Strike","Hemokinesis","Evolve"],"picked":"SKIP","floor":1},{"not_picked":["Uppercut","Havoc"],"picked":"Pummel","floor":4},{"not_picked":["Sword Boomerang","Shrug It Off","Clothesline"],"picked":"SKIP","floor":5},{"not_picked":["Perfected Strike","Thunderclap","Wild Strike"],"picked":"SKIP","floor":6},{"not_picked":["Body Slam","Clothesline","Cleave"],"picked":"SKIP","floor":8},{"not_picked":["Dropkick","Burning Pact"],"picked":"Shockwave","floor":10},{"not_picked":["Rampage","Battle Trance"],"picked":"Berserk","floor":12},{"not_picked":["Pommel Strike","Body Slam","Battle Trance"],"picked":"SKIP","floor":14},{"not_picked":["Impervious","Reaper"],"picked":"Barricade","floor":16}],"player_experience":1811913,"relics_obtained":[{"floor":6,"key":"Anchor"},{"floor":8,"key":"CeramicFish"},{"floor":9,"key":"Red Skull"},{"floor":12,"key":"Pear"}],"event_choices":[{"damage_healed":0,"gold_gain":0,"player_choice":"Forge","damage_taken":0,"max_hp_gain":0,"max_hp_loss":0,"event_name":"Accursed Blacksmith","floor":2,"gold_loss":0,"cards_upgraded":["Bash"]},{"damage_healed":0,"gold_gain":100,"player_choice":"Pray","damage_taken":0,"max_hp_gain":0,"max_hp_loss":0,"event_name":"Golden Shrine","floor":11,"gold_loss":0}],"is_beta":false,"boss_relics":[{"not_picked":["Sozu","Philosopher\u0027s Stone"],"picked":"Black Star"}],"items_purged_floors":[3,13],"is_endless":false,"potions_floor_spawned":[5,6,12,14,16],"killed_by":"Chosen","ascension_level":14}}