{"host":"6r341r9cz00j2qc1","time":1612211916,"event":{"mods":["BaseMod","Better Third Choice","GungeonMod","Hermit","Lobotomy","LobotomyExtend","Minty Spire (QoL Compilation)","Replay The Spire","Shop Mod","StSLib"],"gold_per_floor":[112,123,123,123,198,222,222,222,222,247,247,261,95,118,118,241,241,257,284,264,285,225,268,14,14,40,66,80,95,129,42,42,171,234,247,270,363,388,388,413,413,448,448,483,497,497,513,513,513,537,537,537,577,577,577,280,280,280,301,325,325,448,448,463,488,506,506,525,568,588,634,634,634,670,488,488,507,507,633,633,657,726,726,740,758,758,687,687,687,746,746,746,769,789,789,789],"floor_reached":51,"language":"ENG","playtime":7746,"items_purged":["AddBullet"],"score":1143,"play_id":"a7ac2b64-74fc-47a5-a0c8-e2393960ee0d","local_time":"20210201213836","is_ascension_mode":false,"campfire_choices":[],"circlet_count":1,"master_deck":["SpecialBullet","SpecialBullet","SpecialBullet","SpecialBullet","SpecialBullet","SpecialBullet","SpecialBullet","SpecialBullet","InformationCode","SecurityCode","ExtractionCode","TodaysExpression+1","OSAHOGD","CUTE","Bloodbath","CENSORED_ego","Tough","Scorched","Woodsman","Beak","OldLady","Penitence","Magnetism","TheSmile","TheSmile","TodaysExpression","SolemnVow+1","Regret_ego","Wellcheers","Moonlight+1","CENSORED_ego","SpecialBullet","Wingbeat","Beak","WristCuter","InTheNameOfLoveAndHate","QueenOfHatred","Wingbeat","Penitence","Harvest+1","Bandage Up+1","Pinks+1","Mimicry","FeatherOfHonor+1","Horn+1","CherryBlossom","GreenStem","FeatherOfHonor+2","Twilight+1","RedEyes+1","Moonlight+1","CrimsonScar+1","SomewhereSpear+1","Rudolta","Lamp+3","Penitence+1","TrainingCode","CherryBlossom+1","Regret_ego+1","CENSORED_ego+1","Wingbeat+1","Soda+1","RecordCode","Beak+1","DaCapo+1","Soda+1","Harvest+1","SomewhereSpear+1","CherryBlossom+1","DaCapo+1","CUTE+1","GrinderMk4+1","Noise+1","GrinderMk4+1","GrinderMk4+1","ParadiseLost+1","CrimsonScar+1","Laetitia_ego+1","CUTE+1","TT2Protocol","Beak+1","SomewhereSpear+1","Soda+1","BlueScar+1","WristCuter+1","Spore+1","SummonCall","TheSmile+1","DaCapo+1","DisciplinaryCode","Soda+1","CUTE+1","Regret_ego+1","Ecstasy+1","CUTE+1","Soda+1","Moonlight+1","Soda+1","SomewhereSpear+1","Christmas+1","CherryBlossom+1","WelfareCode","FieryBird","Spore+1","Soda+1","Necronomicurse"],"relics":["CogitoBucket","RabbitCall","Omamori","Golden Idol","Replay:Rubber Ducky","Pet Ghost","DemoMod:RiddleOfLead","TreeSap","DemoMod:SerJunkan","PreservedInsect","DemoMod:PoisonVial","Lantern","DemoMod:Junk","BackwardClock","ReplayTheSpireMod:CursedCoin","DemoMod:MemoryAlloy","HellTrain","LetterFromLob","RedMistMask","ReplayTheSpireMod:Ring of Challenge","DemoMod:LamentConfigurum","Circlet","HonorFeather","DemoMod:NanoMachines","Necronomicon","Shuriken","Pantograph","MerchantsRug","Membership Card","Replay:Wax Seal","Cursed Key","Strawberry","Orrery","Mummified Hand","ReplayFunnel","StoneCalendar","DemoMod:Armor"],"acts_visited":["Exordium","TheCity","TheBeyond","TheCity","TheBeyond"],"potions_floor_usage":[33,44,51,51,51,51],"damage_taken":[{"damage":6.0,"enemies":"Cultist","floor":1.0,"turns":3.0},{"damage":0.0,"enemies":"Small Slimes","floor":2.0,"turns":2.0},{"damage":18.0,"enemies":"2 Louse","floor":6.0,"turns":4.0},{"damage":21.0,"enemies":"Exordium Thugs","floor":10.0,"turns":3.0},{"damage":0.0,"enemies":"Lots of Slimes","floor":12.0,"turns":1.0},{"damage":63.0,"enemies":"The Guardian","floor":16.0,"turns":10.0},{"damage":19.0,"enemies":"2 Thieves","floor":18.0,"turns":5.0},{"damage":16.0,"enemies":"3 Byrds","floor":21.0,"turns":7.0},{"damage":0.0,"enemies":"Gremlin Leader","floor":23.0,"turns":4.0},{"damage":0.0,"enemies":"Snecko","floor":28.0,"turns":3.0},{"damage":0.0,"enemies":"Snake Plant","floor":29.0,"turns":3.0},{"damage":0.0,"enemies":"Replay:Snechameleon","floor":30.0,"turns":5.0},{"damage":37.0,"enemies":"Automaton","floor":33.0,"turns":10.0},{"damage":33.0,"enemies":"3 Darklings","floor":35.0,"turns":6.0},{"damage":1.0,"enemies":"3 Shapes","floor":36.0,"turns":3.0},{"damage":0.0,"enemies":"3 Darklings","floor":38.0,"turns":3.0},{"damage":3.0,"enemies":"Maw","floor":40.0,"turns":10.0},{"damage":59.0,"enemies":"Reptomancer","floor":42.0,"turns":4.0},{"damage":71.0,"enemies":"Giant Head","floor":44.0,"turns":10.0},{"damage":67.0,"enemies":"Jaw Worm Horde","floor":45.0,"turns":7.0},{"damage":0.0,"enemies":"Cultist","floor":1.0,"turns":2.0},{"damage":0.0,"enemies":"2 Louse","floor":4.0,"turns":1.0},{"damage":0.0,"enemies":"Lagavulin","floor":7.0,"turns":3.0},{"damage":99.0,"enemies":"Small Slimes","floor":12.0,"turns":4.0},{"damage":0.0,"enemies":"Small Slimes","floor":13.0,"turns":1.0},{"damage":8.0,"enemies":"Hexaghost","floor":16.0,"turns":6.0},{"damage":0.0,"enemies":"Spheric Guardian","floor":18.0,"turns":2.0},{"damage":2.0,"enemies":"Chosen","floor":19.0,"turns":3.0},{"damage":4.0,"enemies":"Snake Plant","floor":20.0,"turns":2.0},{"damage":7.0,"enemies":"Cultist and Chosen","floor":22.0,"turns":3.0},{"damage":12.0,"enemies":"Book of Stabbing","floor":23.0,"turns":5.0},{"damage":15.0,"enemies":"Centurion and Healer","floor":24.0,"turns":3.0},{"damage":10.0,"enemies":"Slavers","floor":28.0,"turns":2.0},{"damage":0,"enemies":"Snecko","floor":31,"turns":1},{"damage":1,"enemies":"Collector","floor":33,"turns":3},{"damage":0,"enemies":"Orb Walker","floor":35,"turns":2},{"damage":0,"enemies":"2 Orb Walkers","floor":36,"turns":1},{"damage":0,"enemies":"3 Shapes","floor":38,"turns":1},{"damage":0,"enemies":"Sphere and 2 Shapes","floor":39,"turns":1},{"damage":9,"enemies":"4 Shapes","floor":44,"turns":2},{"damage":0,"enemies":"Nemesis","floor":45,"turns":1},{"damage":0,"enemies":"Maw","floor":47,"turns":2},{"damage":0,"enemies":"Sphere and 2 Shapes","floor":48,"turns":1},{"damage":0,"enemies":"Replay:Hell Engine","floor":50,"turns":4},{"damage":0,"enemies":"Malkuth","floor":51,"turns":3},{"damage":0,"enemies":"Netzach","floor":51,"turns":4},{"damage":137,"enemies":"Geburah","floor":51,"turns":7},{"damage":104,"enemies":"Binah","floor":51,"turns":9},{"damage":1,"enemies":"Angela","floor":51,"turns":4}],"seed_played":"4203788733300365642","potions_obtained":[{"floor":2.0,"key":"EssenceOfSteel"},{"floor":6.0,"key":"Weak Potion"},{"floor":12.0,"key":"Strength Potion"},{"floor":16.0,"key":"SteroidPotion"},{"floor":18.0,"key":"Dexterity Potion"},{"floor":20.0,"key":"SneckoOil"},{"floor":29.0,"key":"SpeedPotion"},{"floor":30.0,"key":"Doom Potion"},{"floor":44.0,"key":"Milkshake"},{"floor":45.0,"key":"BlessingOfTheForge"},{"floor":13.0,"key":"Cursed Concoction"},{"floor":16.0,"key":"PowerPotion"},{"floor":18.0,"key":"Block Potion"},{"floor":19.0,"key":"Adrenaline Potion"},{"floor":22.0,"key":"BlessingOfTheForge"},{"floor":23.0,"key":"Energy Potion"},{"floor":33,"key":"DistilledChaos"},{"floor":47,"key":"Explosive Potion"}],"is_trial":false,"path_per_floor":["M","M","?","?","?","M","R","M","T","M","R","M","$","T","R","B",null,"M","T","?","M","?","E","$","R","T","T","M","M","E","$","R","B",null,"M","M","$","M","?","M","?","E","T","E","M","R","?","M","?","?","M","?","R","E","R","T","$","R","M","M","T","R","B",null,"M","M","M","?","M","E","M","?","T","R","E","$","?","M","R","B",null,"M","?","?","M","M","R","$","?","T","M","E","R","M","M","R","B",null],"character_chosen":"Angela","items_purchased":["Magnetism","PreservedInsect","Wingbeat","Bandage Up","ReplayTheSpireMod:CursedCoin","FeatherOfHonor+2","Dead Branch","MerchantsRug","Membership Card","Replay:Wax Seal","Soda+1","BlueScar+1","WristCuter+1","Strawberry","Orrery"],"campfire_rested":0,"item_purchase_floors":[13,24,24,31,37,37,10,29,29,29,29,29,29,41,41],"current_hp_per_floor":[70,70,70,70,59,50,50,70,70,58,58,70,70,70,70,33,80,80,80,80,80,80,80,80,80,80,80,80,80,80,80,80,80,85,67,85,85,85,85,85,85,85,85,89,89,89,89,89,89,89,89,89,89,89,89,89,89,89,89,89,89,89,89,89,99,99,83,99,99,99,75,75,99,99,99,99,99,99,99,99,99,99,99,99,99,99,106,106,106,103,103,103,107,107,107,107],"gold":789,"neow_bonus":"RANDOM_COMMON_RELIC","is_daily":false,"chose_seed":false,"campfire_upgraded":0,"win_rate":0.0,"timestamp":1612211916,"path_taken":["M","M","?","?","?","M","R","?","T","M","R","M","$","?","R","BOSS","M","?","?","?","?","E","?","R","T","?","?","M","E","$","R","BOSS","M","M","$","M","?","?","?","E","T","E","M","R","?","M","?","?","?","?","R","E","R","T","$","R","M","?","?","R","BOSS","M","M","M","?","M","E","M","?","T","R","E","?","?","?","R","BOSS","M","?","?","M","?","R","$","?","T","M","E","R","M","M","R","BOSS"],"items_purchased_type":["Card","Relic","Card","Card","Relic","Card","Relic","Relic","Relic","Relic","Card","Card","Card","Relic","Relic"],"build_version":"2020-12-22","purchased_purges":1,"victory":true,"max_hp_per_floor":[70,70,70,70,70,70,70,70,70,70,70,70,70,70,70,70,80,80,80,80,80,80,80,80,80,80,80,80,80,80,80,80,80,85,85,85,85,85,85,85,85,89,89,89,89,89,89,89,89,89,89,89,89,89,89,89,89,89,89,89,89,89,89,89,99,99,99,99,99,99,99,99,99,99,99,99,99,99,99,99,99,99,99,99,99,99,106,106,106,103,103,103,107,107,107,107],"card_choices":[{"not_picked":["Penitence"],"picked":"TodaysExpression","floor":1.0},{"not_picked":["OldLady","MHz"],"picked":"OSAHOGD","floor":1.0},{"not_picked":["CherryBlossom"],"picked":"CUTE","floor":1.0},{"not_picked":["CrumblingArmor","Funeral"],"picked":"Bloodbath","floor":2.0},{"not_picked":["Hypocrisy"],"picked":"CENSORED_ego","floor":2.0},{"not_picked":["SolemnVow"],"picked":"Tough","floor":6.0},{"not_picked":["Wellcheers","CherryBlossoms"],"picked":"Scorched","floor":6.0},{"not_picked":["Laetitia_ego"],"picked":"Wingbeat","floor":6.0},{"not_picked":["SpiderBud","DespairKnight"],"picked":"Woodsman","floor":10.0},{"not_picked":["Loneliness"],"picked":"Beak","floor":10.0},{"not_picked":["BigBird","LaLuna"],"picked":"OldLady","floor":12.0},{"not_picked":["CherryBlossom"],"picked":"Penitence","floor":12.0},{"not_picked":["CENSORED_ego"],"picked":"TheSmile","floor":16.0},{"not_picked":["CENSORED_ego"],"picked":"TheSmile","floor":16.0},{"not_picked":["FourthMatchFlame"],"picked":"TodaysExpression","floor":18.0},{"not_picked":["Hornet+1"],"picked":"SolemnVow+1","floor":18.0},{"not_picked":["RapturousDream"],"picked":"Regret_ego","floor":21.0},{"not_picked":["GreedKing","BeautyBeast"],"picked":"Wellcheers","floor":21.0},{"not_picked":["BloodyDesire"],"picked":"Moonlight+1","floor":21.0},{"not_picked":["Penitence"],"picked":"CENSORED_ego","floor":23.0},{"not_picked":["BlackSwan_ego"],"picked":"RedEyes","floor":23.0},{"not_picked":["FrostShard"],"picked":"Beak","floor":28.0},{"not_picked":["ShedSkin"],"picked":"WristCuter","floor":28.0},{"not_picked":["Hypocrisy"],"picked":"InTheNameOfLoveAndHate","floor":29.0},{"not_picked":["WhiteNight","LaLuna"],"picked":"QueenOfHatred","floor":29.0},{"not_picked":["BearPaw"],"picked":"Wingbeat","floor":29.0},{"not_picked":["Hypocrisy+1"],"picked":"Penitence","floor":30.0},{"not_picked":["Regret_ego"],"picked":"Harvest+1","floor":30.0},{"not_picked":["Adoration"],"picked":"Pinks","floor":33.0},{"not_picked":["TheSmile"],"picked":"Mimicry","floor":33.0},{"not_picked":["SolemnVow+1"],"picked":"FeatherOfHonor+1","floor":34.0},{"not_picked":["RapturousDream"],"picked":"Horn+1","floor":35.0},{"not_picked":["BearPaw"],"picked":"CherryBlossom","floor":35.0},{"not_picked":["GrinderMk4+1","CUTE"],"picked":"GreenStem","floor":36.0},{"not_picked":["RedEyes+1","ShedSkin"],"picked":"Twilight+1","floor":38.0},{"not_picked":["CherryBlossoms","QueenBee","Scarecrow"],"picked":"Singing Bowl","floor":38.0},{"not_picked":["BearPaw+1","CUTE"],"picked":"RedEyes+1","floor":38.0},{"not_picked":["RedEyes+1","Adoration"],"picked":"CrimsonScar+1","floor":40.0},{"not_picked":["MeltingLove","BlueStar","Freischutz"],"picked":"Singing Bowl","floor":40.0},{"not_picked":["Wingbeat+1","Amita"],"picked":"SomewhereSpear+1","floor":40.0},{"not_picked":["WallGazer","Porccubus","Freischutz"],"picked":"Singing Bowl","floor":42.0},{"not_picked":["BodiesMountain","Scarecrow"],"picked":"Rudolta","floor":42.0},{"not_picked":["TheSmile","Horn+1"],"picked":"Lamp+1","floor":42.0},{"not_picked":["BearPaw+1","Lamp+1"],"picked":"Penitence+1","floor":44.0},{"not_picked":["SpiderBud","SnowQueen","DreamingCurrent"],"picked":"Singing Bowl","floor":44.0},{"not_picked":["Noise","FourthMatchFlame+1"],"picked":"CherryBlossom+1","floor":44.0},{"not_picked":["ShyLook","NothingThere","BigBird"],"picked":"Singing Bowl","floor":45.0},{"not_picked":["Reverberation+1","Tough+1"],"picked":"Regret_ego+1","floor":45.0},{"not_picked":["MeatLantern","WallGazer","FairyFestival"],"picked":"Singing Bowl","floor":1.0},{"not_picked":["LifeForTheDareDevil","Lantern+1","Heaven+1"],"picked":"SKIP","floor":1.0},{"not_picked":["PunishingBird","MHz","CherryBlossoms"],"picked":"Singing Bowl","floor":4.0},{"not_picked":["Adoration+1","RedEyes+1"],"picked":"Wingbeat+1","floor":4.0},{"not_picked":["WhitesApple","LittlePrince","BeautyBeast"],"picked":"Singing Bowl","floor":7.0},{"not_picked":["Discord+1","Lantern+1"],"picked":"Soda+1","floor":7.0},{"not_picked":["FeatherOfHonor+1","Lamp+1","Hypocrisy+1"],"picked":"SKIP","floor":7.0},{"not_picked":["WallGazer","SpiderBud","FairyFestival"],"picked":"Singing Bowl","floor":13.0},{"not_picked":["Adoration+1","RedEyes+1"],"picked":"Beak+1","floor":13.0},{"not_picked":["MeatLantern","SilentOrchestra","HeroicMonk"],"picked":"Singing Bowl","floor":16.0},{"not_picked":["TheSmile+1","Pinks+1"],"picked":"DaCapo+1","floor":16.0},{"not_picked":["Penitence+1","Christmas+1","Logging+1"],"picked":"Soda+1","floor":18.0},{"not_picked":["Penitence+1","TodaysExpression+1","RedEyes+1"],"picked":"Harvest+1","floor":18.0},{"not_picked":["Reverberation+1","RapturousDream+1","Moonlight+1"],"picked":"SomewhereSpear+1","floor":19.0},{"not_picked":["FrostShard+1","Justitia+1","CUTE+1"],"picked":"CherryBlossom+1","floor":19.0},{"not_picked":["CherryBlossom+1","RapturousDream+1","Harmony+1"],"picked":"DaCapo+1","floor":20.0},{"not_picked":["TodaysExpression+1","Tough+1","Beak+1"],"picked":"CUTE+1","floor":20.0},{"not_picked":["Mimicry+1","Galaxy+1","InTheNameOfLoveAndHate+1"],"picked":"GrinderMk4+1","floor":22.0},{"not_picked":["Penitence+1","TodaysExpression+1","Gaze+1"],"picked":"Noise+1","floor":22.0},{"not_picked":["RedEyes+1","FourthMatchFlame+1","Tough+1"],"picked":"GrinderMk4+1","floor":23.0},{"not_picked":["RapturousDream+1","RedEyes+1","Wingbeat+1"],"picked":"GrinderMk4+1","floor":23.0},{"not_picked":["Heaven+1","Diffraction+1","BearPaw+1"],"picked":"ParadiseLost+1","floor":24.0},{"not_picked":["Loneliness+1","RedEyes+1","Penitence+1"],"picked":"CrimsonScar+1","floor":24.0},{"not_picked":["FourthMatchFlame+1","Tough+1","SolemnVow+1"],"picked":"Laetitia_ego+1","floor":25.0},{"not_picked":["Penitence+1","Lantern+1","RedEyes+1"],"picked":"CUTE+1","floor":25.0},{"not_picked":["Loneliness+1","Pinks+1","RapturousDream+1"],"picked":"Beak+1","floor":28},{"not_picked":["RapturousDream+1","CUTE+1","Harvest+1"],"picked":"SomewhereSpear+1","floor":28},{"not_picked":["RedShoes","DreamingCurrent","Alriune"],"picked":"Singing Bowl","floor":31},{"not_picked":["FourthMatchFlame+1","Hornet+1"],"picked":"Spore+1","floor":31},{"not_picked":["BlackSwan_ego+1","Harvest+1","GreenStem+1"],"picked":"SKIP","floor":31},{"not_picked":["Variant","Alriune","LittlePrince"],"picked":"Singing Bowl","floor":33},{"not_picked":["SoundOfStar+1","Twilight+1"],"picked":"TheSmile+1","floor":33},{"not_picked":["Pinks+1","ParadiseLost+1"],"picked":"DaCapo+1","floor":33},{"not_picked":["BlackArmy","HappyTeddy","DreamingCurrent"],"picked":"Singing Bowl","floor":35},{"not_picked":["Laetitia_ego+1","BearPaw+1","Gaze+1"],"picked":"SKIP","floor":35},{"not_picked":["RedEyes+1","Diffraction+1","GreenStem+1"],"picked":"SKIP","floor":35},{"not_picked":["LittleHelper","RedShoes","FairyFestival"],"picked":"Singing Bowl","floor":36},{"not_picked":["Mimicry+1","Hypocrisy+1"],"picked":"Soda+1","floor":36},{"not_picked":["CrumblingArmor","Variant","CENSORED"],"picked":"Singing Bowl","floor":38},{"not_picked":["Lantern+1","FeatherOfHonor+1"],"picked":"CUTE+1","floor":38},{"not_picked":["BloodyDesire+1","Loneliness+1"],"picked":"Regret_ego+1","floor":38},{"not_picked":["NakedNest","BlackSwan","MeltingLove"],"picked":"Singing Bowl","floor":39},{"not_picked":["FourthMatchFlame+1","Regret_ego+1","Laetitia_ego+1"],"picked":"SKIP","floor":39},{"not_picked":["MagicBullet+1","Regret_ego+1","Horn+1"],"picked":"SKIP","floor":39},{"not_picked":["Soda+1","CrimsonScar+1"],"picked":"Ecstasy+1","floor":41},{"not_picked":["SwordSharpenedByTears+1","ParadiseLost+1"],"picked":"CUTE+1","floor":41},{"not_picked":["SwordSharpenedByTears+1","BearPaw+1"],"picked":"Soda+1","floor":41},{"not_picked":["CrimsonScar+1","Harmony+1"],"picked":"Moonlight+1","floor":41},{"not_picked":["ScreamingWedge+1","Loneliness+1"],"picked":"Soda+1","floor":41},{"not_picked":["HeroicMonk","Variant","BeautyBeast"],"picked":"Singing Bowl","floor":44},{"not_picked":["InTheNameOfLoveAndHate+1","Reverberation+1"],"picked":"SomewhereSpear+1","floor":44},{"not_picked":["Lantern+1","CherryBlossom+1","CENSORED_ego+1"],"picked":"SKIP","floor":44},{"not_picked":["HappyTeddy","LaLuna","GalaxyChild"],"picked":"Singing Bowl","floor":45},{"not_picked":["CENSORED_ego+1","Tough+1"],"picked":"Christmas+1","floor":45},{"not_picked":["Wingbeat+1","Hypocrisy+1"],"picked":"CherryBlossom+1","floor":45},{"not_picked":["BigBird","SnowQueen","Mercenary"],"picked":"Singing Bowl","floor":47},{"not_picked":["Freischutz","Porccubus"],"picked":"FieryBird","floor":47},{"not_picked":["Pinks+1","Diffraction+1"],"picked":"Spore+1","floor":47},{"not_picked":["TodaysExpression+1","CrimsonScar+1","Lantern+1"],"picked":"SKIP","floor":47},{"not_picked":["Porccubus","NakedNest","PunishingBird"],"picked":"Singing Bowl","floor":48},{"not_picked":["Horn+1","Logging+1"],"picked":"Soda+1","floor":48},{"not_picked":["BlueScar+1","Tough+1","Penitence+1"],"picked":"SKIP","floor":48}],"player_experience":467758,"relics_obtained":[{"floor":1.0,"key":"LetterFromLob"},{"floor":9.0,"key":"Replay:Rubber Ducky"},{"floor":14.0,"key":"Pet Ghost"},{"floor":19.0,"key":"DemoMod:WeirdEgg"},{"floor":23.0,"key":"DemoMod:SerJunkan"},{"floor":26.0,"key":"DemoMod:PoisonVial"},{"floor":27.0,"key":"Lantern"},{"floor":30.0,"key":"DemoMod:Junk"},{"floor":42.0,"key":"DemoMod:Junk"},{"floor":43.0,"key":"DemoMod:MemoryAlloy"},{"floor":44.0,"key":"DemoMod:Junk"},{"floor":45.0,"key":"DemoMod:Junk"},{"floor":1.0,"key":"LetterFromLob"},{"floor":1.0,"key":"RedMistMask"},{"floor":2.0,"key":"ReplayTheSpireMod:Ring of Challenge"},{"floor":7.0,"key":"DemoMod:Junk"},{"floor":9.0,"key":"DemoMod:LamentConfigurum"},{"floor":14.0,"key":"War Paint"},{"floor":21.0,"key":"Necronomicon"},{"floor":23.0,"key":"DemoMod:Junk"},{"floor":25.0,"key":"DemoMod:Junk"},{"floor":28,"key":"Pantograph"},{"floor":36,"key":"Replay:Arrowhead"},{"floor":43,"key":"Mummified Hand"},{"floor":45,"key":"ReplayFunnel"}],"event_choices":[{"damage_healed":0.0,"max_hp_gain":0.0,"max_hp_loss":0.0,"gold_gain":0.0,"event_name":"Golden Wing","player_choice":"Ignored","floor":3.0,"gold_loss":0.0,"damage_taken":0.0},{"damage_healed":0.0,"max_hp_gain":0.0,"max_hp_loss":0.0,"gold_gain":0.0,"event_name":"Golden Idol","player_choice":"Take Wound","floor":4.0,"gold_loss":0.0,"damage_taken":0.0,"relics_obtained":["Golden Idol"],"cards_obtained":["Injury"]},{"damage_healed":0.0,"max_hp_gain":0.0,"max_hp_loss":0.0,"gold_gain":75.0,"event_name":"betterThird:BetterGoop","player_choice":"Gold","floor":5.0,"gold_loss":0.0,"damage_taken":11.0},{"damage_healed":0.0,"max_hp_gain":0.0,"max_hp_loss":0.0,"gold_gain":0.0,"event_name":"The Woman in Blue","player_choice":"Bought 1 Potion","floor":20.0,"gold_loss":0.0,"damage_taken":0.0},{"damage_healed":0.0,"max_hp_gain":0.0,"max_hp_loss":0.0,"gold_gain":0.0,"event_name":"Duplicator","player_choice":"Copied","floor":39.0,"gold_loss":0.0,"damage_taken":0.0,"cards_obtained":["Moonlight"]},{"cards_removed":["RedEyes"],"damage_healed":5.0,"max_hp_gain":0.0,"max_hp_loss":0.0,"gold_gain":0.0,"event_name":"Bonfire Elementals","player_choice":"Offered Common","floor":41.0,"gold_loss":0.0,"damage_taken":0.0},{"cards_removed":["RedEyes"],"damage_healed":5.0,"max_hp_gain":0.0,"max_hp_loss":0.0,"gold_gain":0.0,"event_name":"Bonfire Elementals","player_choice":"Offered Special","floor":41.0,"gold_loss":0.0,"damage_taken":0.0},{"damage_healed":0.0,"max_hp_gain":0.0,"max_hp_loss":0.0,"gold_gain":0.0,"cards_transformed":["Wingbeat"],"event_name":"Transmorgrifier","player_choice":"Transformed","floor":3.0,"gold_loss":0.0,"damage_taken":0.0,"cards_obtained":["CENSORED_ego"]},{"damage_healed":0.0,"max_hp_gain":0.0,"max_hp_loss":0.0,"gold_gain":0.0,"event_name":"Purifier","player_choice":"Ignored","floor":5.0,"gold_loss":0.0,"damage_taken":0.0},{"damage_healed":0.0,"max_hp_gain":0.0,"max_hp_loss":0.0,"gold_gain":0.0,"event_name":"Cursed Tome","player_choice":"Obtained Book","floor":21.0,"gold_loss":0.0,"damage_taken":16.0},{"damage_healed":0,"gold_gain":0,"player_choice":"Bought 0 Potions","damage_taken":0,"max_hp_gain":0,"max_hp_loss":0,"event_name":"The Woman in Blue","floor":30,"gold_loss":0},{"damage_healed":0,"gold_gain":0,"player_choice":"Fight","damage_taken":0,"max_hp_gain":0,"max_hp_loss":0,"event_name":"Mysterious Sphere","floor":36,"gold_loss":0},{"damage_healed":0,"gold_gain":0,"player_choice":"Ignored","damage_taken":0,"max_hp_gain":0,"max_hp_loss":0,"event_name":"NoteForYourself","floor":37,"gold_loss":0},{"damage_healed":0,"gold_gain":0,"player_choice":"Ignored","damage_taken":0,"max_hp_gain":0,"max_hp_loss":0,"event_name":"Tomb of Lord Red Mask","floor":42,"gold_loss":0}],"is_beta":false,"boss_relics":[{"not_picked":["Ring of Chaos","Kintsugi"],"picked":"DemoMod:RiddleOfLead"},{"not_picked":["Empty Cage","Philosopher\u0027s Stone"],"picked":"Tiny House"},{"not_picked":["Runic Dome","Snecko Eye"],"picked":"Honey Jar"},{"not_picked":["ChewingGum","Philosopher\u0027s Stone"],"picked":"Cursed Key"}],"items_purged_floors":[24],"is_endless":false,"potions_floor_spawned":[2,6,12,16,18,29,30,36,42,44,45,13,16,18,19,22,23,33,35,38,39,47],"ascension_level":0}}