{"host":"vqgrg90fv56geajp","time":1612183082,"event":{"mods":["BaseMod","Colored Map","Colored Powertips","Minty Spire (QoL Compilation)","Quick Restart","Rare Cards Sparkle","Relic Stats"],"gold_per_floor":[111,26,26,38,48,48,74,92,92,92,106,118,118,118],"floor_reached":13,"language":"ENG","playtime":513,"items_purged":[],"score":174,"play_id":"d96679cd-da59-4746-a340-40293d9afa71","local_time":"20210201143802","is_ascension_mode":true,"campfire_choices":[{"data":"Wraith Form v2","floor":6,"key":"SMITH"}],"circlet_count":0,"master_deck":["AscendersBane","Strike_G","Strike_G","Strike_G","Strike_G","Strike_G","Defend_G","Defend_G","Defend_G","Defend_G","Defend_G","Survivor","Neutralize","Flying Knee","Bullet Time","Cloak And Dagger","Wraith Form v2+1","Terror","Storm of Steel","Parasite","PiercingWail"],"relics":["Ring of the Snake","NeowsBlessing","Shuriken","Mercury Hourglass"],"acts_visited":["Exordium"],"potions_floor_usage":[7],"damage_taken":[{"damage":0,"enemies":"Small Slimes","floor":1,"turns":1},{"damage":0,"enemies":"Cultist","floor":4,"turns":1},{"damage":0,"enemies":"2 Louse","floor":5,"turns":1},{"damage":41,"enemies":"3 Sentries","floor":7,"turns":18},{"damage":6,"enemies":"Looter","floor":8,"turns":4},{"damage":4,"enemies":"Large Slime","floor":11,"turns":6},{"damage":3,"enemies":"Red Slaver","floor":12,"turns":4},{"damage":22,"enemies":"Lagavulin","floor":13,"turns":4}],"seed_played":"1559883665256707689","potions_obtained":[{"floor":1,"key":"EssenceOfSteel"},{"floor":11,"key":"Fire Potion"},{"floor":12,"key":"Dexterity Potion"}],"is_trial":false,"path_per_floor":["M","$","?","M","M","R","E","M","T","?","M","M","E"],"character_chosen":"THE_SILENT","items_purchased":["Bullet Time"],"campfire_rested":0,"item_purchase_floors":[2],"current_hp_per_floor":[59,59,59,59,59,59,18,12,12,28,24,21,0,0],"gold":118,"neow_bonus":"THREE_ENEMY_KILL","is_daily":false,"chose_seed":false,"campfire_upgraded":1,"win_rate":0.0,"timestamp":1612183082,"path_taken":["M","$","?","?","M","R","E","M","T","?","M","M","E"],"items_purchased_type":["Card"],"build_version":"2020-12-22","purchased_purges":0,"victory":false,"max_hp_per_floor":[66,66,66,66,66,66,66,66,66,66,66,66,66,66],"relic_stats":{"counters":[8,39],"Shuriken":[4],"obtain_stats":[{"NeowsBlessing":0,"Shuriken":7,"Ring of the Snake":0,"Mercury Hourglass":9},{"NeowsBlessing":0,"Shuriken":4,"Ring of the Snake":0,"Mercury Hourglass":5},{"NeowsBlessing":0,"Shuriken":21,"Ring of the Snake":0,"Mercury Hourglass":25}],"Ring of the Snake":[16],"Mercury Hourglass":[36]},"card_choices":[{"not_picked":["Catalyst","Dagger Throw"],"picked":"Flying Knee","floor":1},{"not_picked":["Deadly Poison","Deflect"],"picked":"Terror","floor":4},{"not_picked":["Distraction","Dagger Throw","Dodge and Roll"],"picked":"SKIP","floor":5},{"not_picked":["Sucker Punch","Outmaneuver"],"picked":"Storm of Steel","floor":7},{"not_picked":["Outmaneuver","Quick Slash","Catalyst"],"picked":"SKIP","floor":8},{"not_picked":["Bane","Sucker Punch"],"picked":"PiercingWail","floor":11},{"not_picked":["Acrobatics","Eviscerate","Flechettes"],"picked":"SKIP","floor":12}],"player_experience":2529916,"relics_obtained":[{"floor":7,"key":"Shuriken"},{"floor":9,"key":"Mercury Hourglass"}],"event_choices":[{"damage_healed":0,"gold_gain":0,"player_choice":"2 cards matched","damage_taken":0,"max_hp_gain":0,"max_hp_loss":0,"event_name":"Match and Keep!","floor":3,"gold_loss":0,"cards_obtained":["Cloak And Dagger","Wraith Form v2"]},{"damage_healed":16,"gold_gain":0,"player_choice":"Healed and dodged fight","damage_taken":0,"max_hp_gain":0,"max_hp_loss":0,"event_name":"Mushrooms","floor":10,"gold_loss":0,"cards_obtained":["Parasite"]}],"is_beta":false,"boss_relics":[],"items_purged_floors":[],"is_endless":false,"potions_floor_spawned":[1,11,12],"killed_by":"Lagavulin","ascension_level":20}}