{"host":"a7kzx4u255enh074","time":1612175641,"event":{"mods":["BaseMod","Better Match","Hubris","Infinite Spire","Marked Mod","Minty Spire (QoL Compilation)","Replay The Spire","Shop Mod","StSLib","The Servant 0.9.4"],"gold_per_floor":[365,440,440,451,451,451,510,510,535,555,565,106,141,174,174,277,277,293,293,307,307,307,341,361,435,435,435,451,451,451,451,549,549,564,574,574,331,331,331,360,384,384,398,130,130,155,155,155,155,155,21,46,46],"floor_reached":55,"language":"ENG","playtime":1908,"items_purged":["Strike_R","Strike_R","Strike_R","Strike_R"],"score":1223,"play_id":"f1a362d6-3250-4157-8f63-056eaca50a2a","local_time":"20210201113401","is_ascension_mode":true,"campfire_choices":[{"data":"hubris:Fate","floor":6.0,"key":"SMITH"},{"data":"Seeing Red","floor":8.0,"key":"SMITH"},{"data":"infinitespire:Fortify","floor":23.0,"key":"SMITH"},{"data":"infinitespire:Gouge","floor":27.0,"key":"SMITH"},{"data":"Flame Barrier","floor":30.0,"key":"SMITH"},{"data":"Pummel","floor":32.0,"key":"SMITH"},{"floor":40.0,"key":"RECALL"},{"data":"Body Slam","floor":46.0,"key":"SMITH"},{"data":"Impervious","floor":48.0,"key":"SMITH"},{"data":"Bloodletting","floor":51,"key":"SMITH"}],"circlet_count":0,"master_deck":["AscendersBane","Strike_R","Defend_R","Defend_R","Defend_R","Defend_R","Bash","ReplayTheSpireMod:Faulty Equipment","Carnage+1","Seeing Red+1","hubris:Fate+1","Pummel+1","Seeing Red+1","Bloodletting+1","Exhume","Feed","ReplayTheSpireMod:Stacked","infinitespire:Fortify+1","Impervious+1","Flame Barrier+1","Body Slam+1","Demonic Infusion+1","Exhume","Decay","Dual Wield+1","Demonic Infusion+1","Panacea"],"relics":["Burning Blood","ReplayFunnel","Akabeko","hubris:EmptyBottle","Garlic","hubris:Teleporter","Runic Dome","hubris:TenFootPole","Bag of Preparation","Centennial Puzzle","Busted Crown","hubris:Icosahedron","Bronze Scales","MealTicket","PreservedInsect","DollysMirror","Blood Vial","hubris:ToyBattleship"],"acts_visited":["Exordium","TheCity","TheBeyond","TheEnding"],"potions_floor_usage":[54,54,54,54],"damage_taken":[{"damage":5.0,"enemies":"Small Slimes","floor":1.0,"turns":4.0},{"damage":4.0,"enemies":"2 Louse","floor":4.0,"turns":3.0},{"damage":12.0,"enemies":"Jaw Worm","floor":10.0,"turns":2.0},{"damage":6.0,"enemies":"Looter","floor":11.0,"turns":3.0},{"damage":11.0,"enemies":"3 Sentries","floor":13.0,"turns":10.0},{"damage":12.0,"enemies":"Hexaghost","floor":16.0,"turns":9.0},{"damage":5.0,"enemies":"Shell Parasite","floor":18.0,"turns":4.0},{"damage":0.0,"enemies":"Chosen","floor":21.0,"turns":1.0},{"damage":25.0,"enemies":"Nightmare","floor":24.0,"turns":6.0},{"damage":3.0,"enemies":"Snake Plant","floor":25.0,"turns":3.0},{"damage":4.0,"enemies":"Cultist and Chosen","floor":29.0,"turns":4.0},{"damage":0.0,"enemies":"Automaton","floor":33.0,"turns":2.0},{"damage":3.0,"enemies":"3 Darklings","floor":35.0,"turns":8.0},{"damage":2.0,"enemies":"Orb Walker","floor":36.0,"turns":4.0},{"damage":10.0,"enemies":"Giant Head","floor":41.0,"turns":3.0},{"damage":3.0,"enemies":"Jaw Worm Horde","floor":44.0,"turns":5.0},{"damage":4,"enemies":"infinitespire:MassOfShapes","floor":49,"turns":3},{"damage":0,"enemies":"Shield and Spear","floor":53,"turns":1},{"damage":63,"enemies":"The Heart","floor":54,"turns":8}],"seed_played":"423555674395787674","potions_obtained":[{"floor":1.0,"key":"PowerPotion"},{"floor":16.0,"key":"Block Potion"},{"floor":25.0,"key":"Weak Potion"},{"floor":29.0,"key":"FearPotion"},{"floor":41.0,"key":"Dexterity Potion"},{"floor":44.0,"key":"FearPotion"}],"is_trial":false,"path_per_floor":["M","?","?","M","?","R","?","R","T","M","M","$","E","?","R","B",null,"M","?","M","AVR","R","NM","M","T","R","?","M","R","?","R","B",null,"M","M","?","$","?","R","E","T","$","M","$","R","T","R","B",null,"R","$","E","B",null],"character_chosen":"IRONCLAD","items_purchased":["Akabeko","hubris:EmptyBottle","Seeing Red","Bronze Scales","DollysMirror","Panacea","Adrenaline Potion"],"campfire_rested":0,"item_purchase_floors":[12,12,12,38,45,52,52],"current_hp_per_floor":[73,62,62,64,44,44,44,44,44,38,38,38,33,1,25,19,65,69,69,75,75,75,56,59,59,59,59,61,61,61,61,67,79,82,83,83,83,83,83,79,79,83,83,83,83,83,83,83,83,83,83,83,41],"gold":46,"neow_bonus":"TWO_FIFTY_GOLD","is_daily":false,"chose_seed":false,"campfire_upgraded":9,"win_rate":0.0,"timestamp":1612175641,"path_taken":["M","?","?","M","?","R","?","R","T","?","M","$","E","?","R","BOSS","M","?","M","AVR","R","NM","?","T","R","?","M","R","?","R","BOSS","M","?","?","$","?","R","E","T","$","?","?","R","?","R","BOSS","R","$","E","BOSS"],"items_purchased_type":["Relic","Relic","Card","Relic","Relic","Card","Potion"],"build_version":"2020-12-22","purchased_purges":4,"victory":true,"max_hp_per_floor":[80,80,80,80,80,80,80,80,80,80,80,80,80,80,80,80,80,83,83,83,83,83,83,83,83,83,83,83,83,83,83,83,83,83,83,83,83,83,83,83,83,83,83,83,83,83,83,83,83,83,83,83,83],"card_choices":[{"not_picked":["Sword Boomerang","Armaments"],"picked":"Carnage","floor":1.0},{"not_picked":["Searing Blow","Havoc"],"picked":"Seeing Red","floor":4.0},{"not_picked":["ReplayTheSpireMod:Black Plague","ReplayTheSpireMod:Haul"],"picked":"hubris:Fate","floor":5.0},{"not_picked":["True Grit","hubris:ReadiedAction"],"picked":"Pummel","floor":10.0},{"not_picked":["ReplayTheSpireMod:Strike From Hell","Cleave","Havoc"],"picked":"SKIP","floor":11.0},{"not_picked":["Second Wind","ReplayTheSpireMod:Strike From Hell"],"picked":"Bloodletting","floor":13.0},{"not_picked":["Flex","Second Wind"],"picked":"Exhume","floor":14.0},{"not_picked":["Immolate","Corruption"],"picked":"Feed","floor":16.0},{"not_picked":["Clothesline","Anger"],"picked":"ReplayTheSpireMod:Stacked","floor":18.0},{"not_picked":["Iron Wave","Clothesline","Pommel Strike"],"picked":"SKIP","floor":21.0},{"not_picked":["infinitespire:Oblivion","infinitespire:NeuralNetwork"],"picked":"infinitespire:Gouge","floor":24.0},{"not_picked":["Reckless Charge+1","Berserk"],"picked":"Impervious","floor":24.0},{"not_picked":["Thunderclap","Headbutt"],"picked":"Flame Barrier","floor":25.0},{"not_picked":["Clothesline","ReplayTheSpireMod:LeadingStrike","Replay:Undeath\u0027s Touch+1"],"picked":"SKIP","floor":29.0},{"not_picked":["Berserk","Brutality"],"picked":"Exhume","floor":33.0},{"not_picked":["Perfected Strike"],"picked":"SKIP","floor":35.0},{"not_picked":["Thunderclap"],"picked":"SKIP","floor":36.0},{"not_picked":["Sword Boomerang"],"picked":"SKIP","floor":41.0},{"not_picked":[],"picked":"Dual Wield+1","floor":44.0},{"not_picked":["Pommel Strike"],"picked":"SKIP","floor":53}],"player_experience":363155,"relics_obtained":[{"floor":9.0,"key":"ReplayFunnel"},{"floor":13.0,"key":"Garlic"},{"floor":14.0,"key":"hubris:Teleporter"},{"floor":24.0,"key":"Centennial Puzzle"},{"floor":41.0,"key":"MealTicket"},{"floor":42.0,"key":"PreservedInsect"},{"floor":47.0,"key":"Blood Vial"},{"floor":53,"key":"hubris:ToyBattleship"}],"event_choices":[{"damage_healed":0.0,"max_hp_gain":0.0,"max_hp_loss":0.0,"gold_gain":75.0,"event_name":"World of Goop","player_choice":"Gather Gold","floor":2.0,"gold_loss":0.0,"damage_taken":11.0},{"damage_healed":0.0,"max_hp_gain":0.0,"max_hp_loss":0.0,"gold_gain":59.0,"event_name":"Golden Wing","player_choice":"Gained Gold","floor":7.0,"gold_loss":0.0,"damage_taken":0.0},{"damage_healed":0.0,"max_hp_gain":0.0,"max_hp_loss":0.0,"gold_gain":0.0,"event_name":"WeMeetAgain","player_choice":"Gave Potion","floor":19.0,"gold_loss":0.0,"damage_taken":0.0,"relics_obtained":["hubris:TenFootPole"]},{"damage_healed":0.0,"max_hp_gain":0.0,"max_hp_loss":0.0,"gold_gain":0.0,"event_name":"The Library","player_choice":"Read","floor":28.0,"gold_loss":0.0,"damage_taken":0.0,"cards_obtained":["Body Slam"]},{"cards_removed":["infinitespire:Gouge"],"damage_healed":0.0,"max_hp_gain":0.0,"max_hp_loss":0.0,"gold_gain":0.0,"event_name":"NoteForYourself","player_choice":"Took Card","floor":31.0,"gold_loss":0.0,"damage_taken":0.0,"cards_obtained":["Demonic Infusion"]},{"damage_healed":0.0,"max_hp_gain":0.0,"max_hp_loss":0.0,"gold_gain":0.0,"event_name":"Wheel of Change","player_choice":"Cursed","floor":39.0,"gold_loss":0.0,"damage_taken":0.0,"cards_obtained":["Decay"]}],"is_beta":false,"boss_relics":[{"not_picked":["Ectoplasm","Snecko Eye"],"picked":"Runic Dome"},{"not_picked":["hubris:ScarierMask","ReplayTheSpireMod:SealedPack"],"picked":"Busted Crown"}],"items_purged_floors":[12,22,38,45],"is_endless":false,"potions_floor_spawned":[1,16,24,25,29,33,41,44,53],"ascension_level":10}}