{"host":"bxn2em57qlx5u4i0","time":1612155633,"event":{"mods":["BaseMod","Colored Map","Colored Powertips","Highlight Path","Minty Spire (QoL Compilation)","Random Character Button","Relic Sorter","Relic Stats","StSLib","SuperFastMode"],"gold_per_floor":[118,6,6,16,31,64,64,64,64],"floor_reached":8,"language":"ENG","playtime":199,"items_purged":[],"score":112,"play_id":"366a2b5e-cc9d-466d-a71e-8ebc4afa077d","local_time":"20210201000033","is_ascension_mode":true,"campfire_choices":[{"data":"Wraith Form v2","floor":7,"key":"SMITH"}],"circlet_count":0,"master_deck":["AscendersBane","Strike_G","Strike_G","Strike_G","Strike_G","Defend_G","Defend_G","Defend_G","Defend_G","Survivor","Neutralize","Finisher","Wraith Form v2+1","Slice","Escape Plan","Flying Knee","Endless Agony","PiercingWail","Corpse Explosion"],"relics":["Ring of the Snake","Akabeko"],"acts_visited":["Exordium"],"potions_floor_usage":[],"damage_taken":[{"damage":1,"enemies":"Jaw Worm","floor":1,"turns":7},{"damage":1,"enemies":"Cultist","floor":4,"turns":4},{"damage":1,"enemies":"2 Louse","floor":5,"turns":3},{"damage":39,"enemies":"3 Sentries","floor":6,"turns":11},{"damage":38,"enemies":"Gremlin Nob","floor":8,"turns":4}],"seed_played":"5548350240252458461","potions_obtained":[{"floor":5,"key":"Dexterity Potion"}],"is_trial":false,"path_per_floor":["M","$","?","M","M","E","R","E"],"character_chosen":"THE_SILENT","items_purchased":["Escape Plan","Flying Knee"],"campfire_rested":0,"item_purchase_floors":[2,2],"current_hp_per_floor":[58,58,60,59,58,19,19,0,0],"gold":64,"neow_bonus":"TRANSFORM_TWO_CARDS","is_daily":false,"chose_seed":false,"campfire_upgraded":1,"win_rate":0.0,"timestamp":1612155633,"path_taken":["M","$","?","M","M","E","R","E"],"items_purchased_type":["Card","Card"],"build_version":"2020-12-22","purchased_purges":0,"victory":false,"max_hp_per_floor":[60,60,60,60,60,60,60,60,60],"relic_stats":{"counters":[5,29],"obtain_stats":[{"Akabeko":6,"Ring of the Snake":0},{"Akabeko":4,"Ring of the Snake":0},{"Akabeko":25,"Ring of the Snake":0}],"Ring of the Snake":[10]},"card_choices":[{"not_picked":["Dagger Throw","Setup"],"picked":"Slice","floor":1},{"not_picked":["Sucker Punch","Quick Slash"],"picked":"Endless Agony","floor":4},{"not_picked":["Finisher","Prepared"],"picked":"PiercingWail","floor":5},{"not_picked":["Crippling Poison","Quick Slash"],"picked":"Corpse Explosion","floor":6}],"player_experience":2984614,"relics_obtained":[{"floor":6,"key":"Akabeko"}],"event_choices":[{"damage_healed":2,"gold_gain":0,"player_choice":"Full Heal","damage_taken":0,"max_hp_gain":0,"max_hp_loss":0,"event_name":"Wheel of Change","floor":3,"gold_loss":0}],"is_beta":false,"boss_relics":[],"items_purged_floors":[],"is_endless":false,"potions_floor_spawned":[5],"killed_by":"Gremlin Nob","ascension_level":20}}