{"host":"815dqs41i1y8uxms","time":1612197414,"event":{"mods":["Act Like it!","BaseMod","GungeonMod","Minty Spire (QoL Compilation)","Shop Mod","StSLib"],"gold_per_floor":[112,112,132,143,161,161,197,216,216,216,277,509,509,521,521,628,628,652,637,637],"floor_reached":19,"language":"ENG","playtime":1712,"items_purged":[],"score":204,"play_id":"d14bf957-e381-4866-9052-b761060f88fe","local_time":"20210201173654","is_ascension_mode":false,"campfire_choices":[{"data":"DemoMod:HardPowerCard","floor":6.0,"key":"SMITH"},{"data":"1","floor":13.0,"key":"LIFT"},{"data":"2","floor":15.0,"key":"LIFT"}],"circlet_count":0,"master_deck":["DemoMod:Strike_Huntress","DemoMod:Strike_Huntress","DemoMod:Strike_Huntress","DemoMod:Defend_Huntress","DemoMod:Defend_Huntress","DemoMod:Defend_Huntress","DemoMod:Defend_Huntress","DemoMod:Roll","DemoMod:ManualReload+1","DemoMod:RustySidearm+1","DemoMod:CrossBow","DemoMod:HardPowerCard+1","DemoMod:FinishedGun","DemoMod:SniperShot","DemoMod:AWP","DemoMod:TripleGun","DemoMod:JK47","DemoMod:PotionOfGunFriendShip","DemoMod:BSG","DemoMod:AbyssalTentacle"],"relics":["DemoMod:Dog","MealTicket","Girya","Lizard Tail","Black Star"],"acts_visited":["Exordium","TheCity"],"potions_floor_usage":[19],"damage_taken":[{"damage":0.0,"enemies":"Small Slimes","floor":1.0,"turns":3.0},{"damage":0.0,"enemies":"Cultist","floor":3.0,"turns":3.0},{"damage":0.0,"enemies":"2 Louse","floor":4.0,"turns":3.0},{"damage":0.0,"enemies":"Blue Slaver","floor":5.0,"turns":2.0},{"damage":5.0,"enemies":"3 Sentries","floor":7.0,"turns":6.0},{"damage":0.0,"enemies":"Exordium Thugs","floor":8.0,"turns":2.0},{"damage":0.0,"enemies":"Gremlin Nob","floor":11.0,"turns":2.0},{"damage":2.0,"enemies":"Large Slime","floor":14.0,"turns":6.0},{"damage":23.0,"enemies":"Slime Boss","floor":16.0,"turns":8.0},{"damage":91.0,"enemies":"Chosen","floor":18.0,"turns":8.0},{"damage":18,"enemies":"2 Thieves","floor":19,"turns":1}],"seed_played":"1141991381802646851","potions_obtained":[{"floor":4.0,"key":"Block Potion"},{"floor":7.0,"key":"Strength Potion"},{"floor":11.0,"key":"SteroidPotion"},{"floor":14.0,"key":"DuplicationPotion"},{"floor":18.0,"key":"GamblersBrew"}],"is_trial":false,"path_per_floor":["M","?","M","M","M","R","E","M","T","?","E","?","R","M","R","B",null,"M","M"],"character_chosen":"HUNTRESS","items_purchased":[],"campfire_rested":0,"item_purchase_floors":[],"current_hp_per_floor":[70,70,70,70,70,70,65,65,65,65,65,65,65,63,63,40,70,17,0,0],"gold":637,"neow_bonus":"UPGRADE_CARD","is_daily":false,"chose_seed":false,"campfire_upgraded":1,"win_rate":0.0,"timestamp":1612197414,"path_taken":["M","?","M","M","M","R","E","?","T","?","E","?","R","M","R","BOSS","M","M"],"items_purchased_type":[],"build_version":"2020-12-22","purchased_purges":0,"victory":false,"max_hp_per_floor":[70,70,70,70,70,70,70,70,70,70,70,70,70,70,70,70,70,70,70,70],"card_choices":[{"not_picked":["DemoMod:AC15","DemoMod:Ejector"],"picked":"DemoMod:HardPowerCard","floor":1.0},{"not_picked":["DemoMod:ConditionalReflex","DemoMod:EasyReloadBullets"],"picked":"DemoMod:FinishedGun","floor":3.0},{"not_picked":["DemoMod:PotionOfGunFriendShip","DemoMod:Unmoved"],"picked":"DemoMod:SniperShot","floor":4.0},{"not_picked":["DemoMod:SAA","DemoMod:StickyCrossBow"],"picked":"DemoMod:DirectionalPad","floor":5.0},{"not_picked":["DemoMod:Unity","DemoMod:ProbeStrike"],"picked":"DemoMod:AWP","floor":7.0},{"not_picked":["DemoMod:Ejector","DemoMod:Unmoved"],"picked":"DemoMod:TripleGun","floor":8.0},{"not_picked":["DemoMod:BlankBullets","DemoMod:Ejector"],"picked":"DemoMod:JK47","floor":11.0},{"not_picked":["DemoMod:AWP","DemoMod:DirectionalPad"],"picked":"DemoMod:PotionOfGunFriendShip","floor":14.0},{"not_picked":["DemoMod:ThirdPartyController","DemoMod:DarkMarker"],"picked":"DemoMod:BSG","floor":16.0},{"not_picked":["DemoMod:FastSwitch","DemoMod:BattleInHaste"],"picked":"DemoMod:AbyssalTentacle","floor":18.0}],"player_experience":3711851,"relics_obtained":[{"floor":7.0,"key":"MealTicket"},{"floor":9.0,"key":"Girya"},{"floor":11.0,"key":"Lizard Tail"}],"event_choices":[{"damage_healed":0.0,"max_hp_gain":0.0,"max_hp_loss":0.0,"gold_gain":0.0,"event_name":"Upgrade Shrine","player_choice":"Upgraded","floor":2.0,"gold_loss":0.0,"damage_taken":0.0,"cards_upgraded":["DemoMod:ManualReload"]},{"damage_healed":0.0,"max_hp_gain":0.0,"max_hp_loss":0.0,"gold_gain":0.0,"event_name":"The Cleric","player_choice":"Leave","floor":10.0,"gold_loss":0.0,"damage_taken":0.0}],"is_beta":false,"boss_relics":[{"not_picked":["DemoMod:ElasticCartridgeClip","Busted Crown"],"picked":"Black Star"}],"items_purged_floors":[],"is_endless":false,"potions_floor_spawned":[4,7,11,14,18],"killed_by":"2 Thieves","ascension_level":0}}