{"host":"neeznpvpgo0qgfkd","time":1612151972,"event":{"mods":["AchievementEnabler","BaseMod","BetterRewards","Colored Map","Colored Powertips","Exacting","Minty Spire (QoL Compilation)","Permanent Neow","Quick Restart","Shop Mod"],"gold_per_floor":[116,116,14,45,45,78,90,121,121,121,176,192,192,192,192,264,264,280,280,280,296,314,342,371,371,371,371,399,399,211,211,211,283,283,303,187,187,34,34,64,64,76,76,89,89,118,151,165,165,165,165],"floor_reached":50,"language":"ENG","playtime":2788,"items_purged":["Pain"],"score":1487,"play_id":"8b806631-d0ac-4d32-bf60-5b1742059e97","local_time":"20210131225932","is_ascension_mode":true,"campfire_choices":[{"floor":10,"key":"REST"},{"data":"1","floor":15,"key":"LIFT"},{"floor":25,"key":"REST"},{"data":"2","floor":27,"key":"LIFT"},{"floor":29,"key":"REST"},{"data":"3","floor":32,"key":"LIFT"},{"data":"Infinite Blades","floor":41,"key":"SMITH"},{"floor":45,"key":"RECALL"},{"floor":49,"key":"REST"}],"circlet_count":0,"master_deck":["AscendersBane","Strike_G","Strike_G","Strike_G","Strike_G","Strike_G","Defend_G","Defend_G","Defend_G","Defend_G","Defend_G","Survivor","Neutralize","Accuracy","Apotheosis","Cloak And Dagger","Outmaneuver+1","Blade Dance","Infinite Blades+1","Dagger Spray","Reflex","Bane","Outmaneuver","Adrenaline+1","Catalyst","Deflect+1","Cloak And Dagger","Infinite Blades","Backstab","Glass Knife","Backflip+1","Phantasmal Killer","Madness","Madness","Noxious Fumes","Dodge and Roll","After Image","Well Laid Plans","Die Die Die","Flying Knee","Noxious Fumes","Escape Plan"],"relics":["Ring of the Serpent","MealTicket","Girya","Membership Card","Pantograph","Akabeko","Lantern","Thread and Needle","FossilizedHelix","The Specimen","CaptainsWheel","HoveringKite","WarpedTongs","Prayer Wheel","Paper Crane","Tiny Chest","Shuriken","MerchantsRug","Nloth\u0027s Gift","Omamori","Matryoshka","Blood Vial","InkBottle","Orichalcum","Toy Ornithopter","Ginger","HornCleat"],"acts_visited":["Exordium","TheCity","TheBeyond"],"potions_floor_usage":[6,8,16,23,23,24,40,44,46],"damage_taken":[{"damage":0.0,"enemies":"Cultist","floor":1.0,"turns":4.0},{"damage":0.0,"enemies":"Small Slimes","floor":4.0,"turns":2.0},{"damage":11,"enemies":"Lagavulin","floor":6,"turns":5},{"damage":0,"enemies":"2 Louse","floor":7,"turns":3},{"damage":17,"enemies":"Gremlin Nob","floor":8,"turns":4},{"damage":8,"enemies":"Lagavulin","floor":11,"turns":5},{"damage":0,"enemies":"Looter","floor":12,"turns":3},{"damage":12,"enemies":"Slime Boss","floor":16,"turns":8},{"damage":9,"enemies":"Chosen","floor":18,"turns":4},{"damage":3,"enemies":"Spheric Guardian","floor":21,"turns":4},{"damage":17,"enemies":"Snecko","floor":22,"turns":5},{"damage":6,"enemies":"Slavers","floor":23,"turns":4},{"damage":25,"enemies":"Gremlin Leader","floor":24,"turns":5},{"damage":28,"enemies":"Book of Stabbing","floor":28,"turns":6},{"damage":83,"enemies":"Automaton","floor":33,"turns":8},{"damage":1,"enemies":"Orb Walker","floor":35,"turns":4},{"damage":9,"enemies":"Reptomancer","floor":40,"turns":5},{"damage":0,"enemies":"3 Darklings","floor":42,"turns":5},{"damage":1,"enemies":"Writhing Mass","floor":44,"turns":5},{"damage":34,"enemies":"Nemesis","floor":46,"turns":5},{"damage":0,"enemies":"Sphere and 2 Shapes","floor":47,"turns":4},{"damage":9,"enemies":"4 Shapes","floor":48,"turns":2},{"damage":78,"enemies":"Awakened One","floor":50,"turns":8}],"seed_played":"2806354067762076433","potions_obtained":[{"floor":4.0,"key":"SteroidPotion"},{"floor":8,"key":"Fruit Juice"},{"floor":12,"key":"Dexterity Potion"},{"floor":18,"key":"Explosive Potion"},{"floor":21,"key":"FearPotion"},{"floor":23,"key":"FearPotion"},{"floor":33,"key":"GhostInAJar"},{"floor":42,"key":"SkillPotion"},{"floor":44,"key":"Energy Potion"}],"is_trial":false,"path_per_floor":["M","?","$","M","?","E","M","E","T","R","E","M","?","T","R","B",null,"M","?","?","M","M","E","E","R","T","R","E","R","$","?","R","B",null,"M","$","?","$","T","E","R","M","T","M","R","E","M","M","R","B"],"character_chosen":"THE_SILENT","items_purchased":["MealTicket","Lizard Tail","Accuracy","Membership Card","Apotheosis","Pantograph","Akabeko","Cloak And Dagger","Outmaneuver","Infinite Blades","Lantern","Shuriken","Infinite Blades","Backstab","MerchantsRug","Omamori","Phantasmal Killer","Matryoshka","Noxious Fumes"],"campfire_rested":4,"item_purchase_floors":[0,0,0,0,0,0,0,0,0,3,3,30,30,30,30,36,36,38,38],"current_hp_per_floor":[59,59,66,66,31,20,20,15,15,38,30,30,30,30,30,43,69,60,60,60,57,40,34,9,32,32,32,4,27,42,42,42,39,68,67,78,64,78,78,69,69,71,71,77,77,44,46,39,62,0,0],"gold":165,"neow_bonus":"","is_daily":false,"chose_seed":false,"campfire_upgraded":1,"win_rate":0.0,"timestamp":1612151972,"path_taken":["M","?","$","M","?","E","M","E","T","R","E","M","?","?","R","BOSS","M","?","?","?","M","E","E","R","T","R","E","R","$","?","R","BOSS","M","?","?","$","?","E","R","M","T","M","R","E","?","M","R","BOSS"],"items_purchased_type":["Relic","Relic","Card","Relic","Card","Relic","Relic","Card","Card","Card","Relic","Relic","Card","Card","Relic","Relic","Card","Relic","Card"],"build_version":"2020-12-22","purchased_purges":1,"victory":false,"max_hp_per_floor":[66,66,66,66,66,66,66,78,78,78,78,78,78,78,78,78,78,78,78,78,78,78,78,78,78,78,78,78,78,78,78,78,78,78,78,78,78,78,78,78,78,78,78,78,78,78,78,78,78,78,78],"card_choices":[{"not_picked":["Choke","Deadly Poison"],"picked":"Blade Dance","floor":1.0},{"not_picked":["Predator","Dagger Throw","Dodge and Roll"],"picked":"SKIP","floor":4.0},{"not_picked":["Eviscerate","Predator"],"picked":"Dagger Spray","floor":6},{"not_picked":["Skewer","Backflip"],"picked":"Reflex","floor":7},{"not_picked":["Poisoned Stab","Terror"],"picked":"Bane","floor":8},{"not_picked":["Acrobatics","Bullet Time","Catalyst"],"picked":"SKIP","floor":11},{"not_picked":["Dagger Throw","Quick Slash"],"picked":"Outmaneuver","floor":12},{"not_picked":["Venomology","Grand Finale"],"picked":"Adrenaline","floor":16},{"not_picked":["Quick Slash","Poisoned Stab"],"picked":"Catalyst","floor":18},{"not_picked":["Slice","Choke","PiercingWail"],"picked":"SKIP","floor":21},{"not_picked":["Poisoned Stab","Underhanded Strike","Bane"],"picked":"SKIP","floor":22},{"not_picked":["Quick Slash","Bouncing Flask","Storm of Steel"],"picked":"SKIP","floor":23},{"not_picked":["Quick Slash","Dagger Throw"],"picked":"Deflect+1","floor":24},{"not_picked":["Prepared+1","Flying Knee"],"picked":"Cloak And Dagger","floor":28},{"not_picked":["Grand Finale","Bullet Time"],"picked":"Glass Knife","floor":33},{"not_picked":["Outmaneuver","Eviscerate"],"picked":"Backflip+1","floor":35},{"not_picked":["Distraction","Dagger Throw+1","PiercingWail"],"picked":"SKIP","floor":35},{"not_picked":["Unload","Endless Agony+1"],"picked":"Dodge and Roll","floor":40},{"not_picked":["Sucker Punch","Cloak And Dagger"],"picked":"After Image","floor":42},{"not_picked":["Expertise+1","Outmaneuver","Flechettes"],"picked":"SKIP","floor":42},{"not_picked":["Choke+1","Dagger Throw+1"],"picked":"Well Laid Plans","floor":44},{"not_picked":["Poisoned Stab","Flechettes","Well Laid Plans+1"],"picked":"SKIP","floor":44},{"not_picked":["Storm of Steel","Endless Agony+1"],"picked":"Die Die Die","floor":46},{"not_picked":["Dagger Throw","Prepared"],"picked":"Flying Knee","floor":47},{"not_picked":["Sucker Punch+1","Deflect","Masterful Stab+1"],"picked":"SKIP","floor":47},{"not_picked":["Deadly Poison","Flechettes"],"picked":"Noxious Fumes","floor":48},{"not_picked":["Blade Dance","Bane"],"picked":"Escape Plan","floor":48}],"player_experience":1954655,"relics_obtained":[{"floor":6,"key":"FossilizedHelix"},{"floor":8,"key":"Strawberry"},{"floor":11,"key":"Centennial Puzzle"},{"floor":14,"key":"CaptainsWheel"},{"floor":23,"key":"Prayer Wheel"},{"floor":24,"key":"War Paint"},{"floor":26,"key":"Paper Crane"},{"floor":28,"key":"Tiny Chest"},{"floor":39,"key":"Blood Vial"},{"floor":39,"key":"InkBottle"},{"floor":40,"key":"Orichalcum"},{"floor":43,"key":"Toy Ornithopter"},{"floor":43,"key":"Ginger"},{"floor":46,"key":"HornCleat"}],"event_choices":[{"damage_healed":0.0,"max_hp_gain":0.0,"max_hp_loss":0.0,"gold_gain":0.0,"event_name":"Golden Wing","player_choice":"Ignored","floor":2.0,"gold_loss":0.0,"damage_taken":0.0},{"damage_healed":0.0,"max_hp_gain":0.0,"max_hp_loss":0.0,"gold_gain":0.0,"event_name":"Scrap Ooze","player_choice":"Success","floor":5.0,"gold_loss":0.0,"damage_taken":35.0,"relics_obtained":["Thread and Needle"]},{"damage_healed":0,"gold_gain":0,"player_choice":"Searched \u00271\u0027 times","damage_taken":0,"relics_obtained":["The Specimen"],"max_hp_gain":0,"max_hp_loss":0,"event_name":"Dead Adventurer","floor":13,"gold_loss":0},{"damage_healed":0,"gold_gain":0,"player_choice":"Ignored","damage_taken":0,"max_hp_gain":0,"max_hp_loss":0,"event_name":"Beggar","floor":19,"gold_loss":0},{"damage_healed":0,"gold_gain":0,"player_choice":"Rummage","damage_taken":0,"relics_obtained":["WarpedTongs"],"max_hp_gain":0,"max_hp_loss":0,"event_name":"Accursed Blacksmith","floor":20,"gold_loss":0,"cards_obtained":["Pain"]},{"damage_healed":0,"gold_gain":0,"player_choice":"Traded Relic","damage_taken":0,"relics_obtained":["Nloth\u0027s Gift"],"max_hp_gain":0,"max_hp_loss":0,"event_name":"N\u0027loth","floor":31,"relics_lost":["Centennial Puzzle"],"gold_loss":0},{"damage_healed":0,"gold_gain":0,"player_choice":"Embrace Madness","damage_taken":14,"max_hp_gain":0,"max_hp_loss":0,"event_name":"Winding Halls","floor":37,"gold_loss":0,"cards_obtained":["Madness","Madness"]}],"is_beta":false,"boss_relics":[{"not_picked":["Velvet Choker","Sozu"],"picked":"HoveringKite"},{"not_picked":["Fusion Hammer","SlaversCollar"],"picked":"Ring of the Serpent"}],"items_purged_floors":[36],"is_endless":false,"potions_floor_spawned":[4,8,12,18,21,22,33,44],"killed_by":"Awakened One","ascension_level":19}}