{"host":"nx6t4q2fc0vdue7l","time":1612185664,"event":{"mods":["2.2 Compatiblity","BaseMod","Minty Spire (QoL Compilation)"],"gold_per_floor":[115,132,57,132,58,85,85,116,139,168,168,168],"floor_reached":11,"language":"ENG","playtime":366,"items_purged":["Strike_B"],"score":83,"play_id":"a10ee92f-de15-4c51-8eb2-4559c8f3e4c7","local_time":"20210201142104","is_ascension_mode":true,"campfire_choices":[{"floor":7,"key":"REST"}],"circlet_count":0,"master_deck":["Strike_B","Strike_B","Strike_B","Defend_B","Defend_B","Defend_B","Defend_B","Zap","Dualcast","Darkness","Defragment","Defragment","Chill","Ball Lightning"],"relics":["Cracked Core","Akabeko","Pen Nib","Lantern","Odd Mushroom"],"acts_visited":["Exordium"],"potions_floor_usage":[],"damage_taken":[{"damage":15,"enemies":"Jaw Worm","floor":1,"turns":4},{"damage":0,"enemies":"Small Slimes","floor":2,"turns":3},{"damage":26,"enemies":"Lagavulin","floor":6,"turns":6},{"damage":20,"enemies":"3 Sentries","floor":8,"turns":11},{"damage":21,"enemies":"The Mushroom Lair","floor":10,"turns":5},{"damage":19,"enemies":"Lagavulin","floor":11,"turns":3}],"seed_played":"5794172336394214735","potions_obtained":[{"floor":8,"key":"CultistPotion"}],"is_trial":false,"path_per_floor":["M","M","$","?","$","E","R","E","T","?","E"],"character_chosen":"DEFECT","items_purchased":["Defragment"],"campfire_rested":1,"item_purchase_floors":[5],"current_hp_per_floor":[67,67,67,56,56,30,54,34,34,13,0,0],"gold":168,"neow_bonus":"TEN_PERCENT_HP_BONUS","is_daily":false,"chose_seed":false,"campfire_upgraded":0,"win_rate":0.0,"timestamp":1612185664,"path_taken":["M","M","$","?","$","E","R","E","T","?","E"],"items_purchased_type":["Card"],"build_version":"2020-12-22","purchased_purges":1,"victory":false,"max_hp_per_floor":[82,82,82,82,82,82,82,82,82,82,82,82],"card_choices":[{"not_picked":["Beam Cell","Steam"],"picked":"Darkness","floor":1},{"not_picked":["Barrage","Leap"],"picked":"Defragment","floor":2},{"not_picked":["Cold Snap","Stack"],"picked":"Chill","floor":6},{"not_picked":["Rebound","Barrage"],"picked":"Ball Lightning","floor":8}],"player_experience":328516,"relics_obtained":[{"floor":6,"key":"Akabeko"},{"floor":8,"key":"Pen Nib"},{"floor":9,"key":"Lantern"},{"floor":10,"key":"Odd Mushroom"}],"event_choices":[{"damage_healed":0,"gold_gain":75,"player_choice":"Gather Gold","damage_taken":11,"max_hp_gain":0,"max_hp_loss":0,"event_name":"World of Goop","floor":4,"gold_loss":0},{"damage_healed":0,"gold_gain":0,"player_choice":"Fought Mushrooms","damage_taken":0,"max_hp_gain":0,"max_hp_loss":0,"event_name":"Mushrooms","floor":10,"gold_loss":0}],"is_beta":false,"boss_relics":[],"items_purged_floors":[3],"is_endless":false,"potions_floor_spawned":[8],"killed_by":"Lagavulin","ascension_level":1}}