{"host":"d61fcf2p3sjwe6yo","time":1612212902,"event":{"mods":["AchievementEnabler","BaseMod","Colored Map","Downfall","Minty Spire (QoL Compilation)","StSLib","SuperFastMode"],"gold_per_floor":[99,114,114,130,230,244,267,367,267,294,294,321,334,362,382,382,382,382],"floor_reached":16,"language":"ENG","playtime":817,"items_purged":[],"score":289,"play_id":"afab3dd6-8c43-4c57-8da5-4474d06246f1","local_time":"20210201235502","is_ascension_mode":true,"campfire_choices":[{"floor":1.0,"key":"RECALL"},{"floor":9,"key":"REST"},{"data":"sneckomod:SerpentIdol","floor":11,"key":"SMITH"}],"circlet_count":0,"master_deck":["AscendersBane","sneckomod:Strike","sneckomod:Strike","sneckomod:Defend","sneckomod:Defend","sneckomod:Defend","sneckomod:TailWhip","sneckomod:SnekBite","sneckomod:Unknown","sneckomod:Unknown","sneckomod:SerpentIdol+1","sneckomod:UnknownX","Guardian:SphericShield","sneckomod:UnknownWeak","sneckomod:UnknownClassGUARDIAN","sneckomod:UnknownBlock","sneckomod:QuickMove"],"relics":["SlaversCollar","Vajra","downfall:CloakOfManyFaces","CultistMask","FaceOfCleric","NlothsMask","GremlinMask","SsserpentHead","downfall:HeartBlessingRed","Letter Opener","Bag of Preparation","Centennial Puzzle"],"acts_visited":["Exordium"],"potions_floor_usage":[8,10,16,16],"damage_taken":[{"damage":10.0,"enemies":"Small Slimes","floor":2.0,"turns":3.0},{"damage":8.0,"enemies":"2 Louse","floor":4.0,"turns":4.0},{"damage":0.0,"enemies":"Cultist","floor":6.0,"turns":3.0},{"damage":12,"enemies":"downfall:FaceTrader","floor":8,"turns":9},{"damage":0,"enemies":"Lagavulin","floor":10,"turns":7},{"damage":15,"enemies":"3 Sentries","floor":12,"turns":4},{"damage":0,"enemies":"Exordium Wildlife","floor":13,"turns":3},{"damage":0,"enemies":"Lagavulin","floor":14,"turns":5},{"damage":0,"enemies":"Lots of Slimes","floor":15,"turns":2},{"damage":68,"enemies":"SI_SHIV_ARCHETYPE","floor":16,"turns":8}],"seed_played":"3238045420849715503","potions_obtained":[{"floor":6.0,"key":"champ:CounterPotion"},{"floor":8,"key":"EntropicBrew"},{"floor":15,"key":"DuplicationPotion"}],"is_trial":false,"path_per_floor":["R","M","?","M","?","M","T","?","R","E","R","E","M","E","M","B"],"character_chosen":"THE_SNECKO","items_purchased":[],"campfire_rested":1,"item_purchase_floors":[],"current_hp_per_floor":[75,65,65,57,57,57,57,45,69,70,70,56,57,58,59,0,0,0],"gold":382,"neow_bonus":"BOSS_RELIC","is_daily":false,"chose_seed":false,"campfire_upgraded":1,"win_rate":0.0,"timestamp":1612212902,"path_taken":["R","M","?","M","?","M","T","?","R","E","R","E","M","E","M","BOSS"],"items_purchased_type":[],"build_version":"2020-12-22","purchased_purges":0,"victory":false,"max_hp_per_floor":[83,83,83,83,83,83,83,83,83,84,84,85,86,87,88,88,88,88],"card_choices":[{"not_picked":["sneckomod:TrashToTreasure","sneckomod:SnakeSap","sneckomod:SlitherStrike"],"picked":"SKIP","floor":2.0},{"not_picked":["sneckomod:WideSting","sneckomod:UnknownDexterity"],"picked":"sneckomod:SerpentIdol","floor":4.0},{"not_picked":["sneckomod:WideSting","sneckomod:UnknownCommonSkill"],"picked":"sneckomod:UnknownX","floor":6.0},{"not_picked":["sneckomod:ImprovisedAttack","sneckomod:SoulRoll"],"picked":"sneckomod:UnknownExhaust","floor":8},{"not_picked":["sneckomod:DiceBlock","sneckomod:UnknownCommonSkill"],"picked":"sneckomod:Memorize","floor":10},{"not_picked":["sneckomod:Unknown1Cost","sneckomod:UnknownDexterity"],"picked":"sneckomod:UnknownWeak","floor":12},{"not_picked":["sneckomod:SoulExchange","sneckomod:WideSting"],"picked":"sneckomod:UnknownClassGUARDIAN","floor":13},{"not_picked":["sneckomod:DiceCrush","sneckomod:UnknownClassGREEN"],"picked":"sneckomod:UnknownBlock","floor":14},{"not_picked":["sneckomod:Nope","sneckomod:UnknownClassGREEN"],"picked":"sneckomod:QuickMove","floor":15}],"player_experience":752717,"relics_obtained":[{"floor":7.0,"key":"Vajra"},{"floor":8,"key":"downfall:CloakOfManyFaces"},{"floor":10,"key":"Letter Opener"},{"floor":12,"key":"Bag of Preparation"},{"floor":14,"key":"Centennial Puzzle"}],"event_choices":[],"is_beta":false,"boss_relics":[],"items_purged_floors":[],"is_endless":false,"potions_floor_spawned":[6,8,10,15],"killed_by":"SI_SHIV_ARCHETYPE","ascension_level":14}}