{"host":"o3nki8hvugtioqst","time":1612191657,"event":{"mods":["BaseMod","Minty Spire (QoL Compilation)","Quick Restart","Rare Cards Sparkle","StSLib","SuperFastMode","The Bug Knight"],"gold_per_floor":[111,127,42,42,60,91,119,119,171,121,121,121,132,145,145,247,247,261,271,26,26,26,26,36,66,91,111,111,138,138,138,138,238,238,250,175,175,175,0,27,47,66,66,76,111,111,36,36,36,36,36,36,36,62,62,62],"floor_reached":55,"language":"ENG","playtime":2881,"items_purged":["Normality"],"score":786,"play_id":"570b0e17-5f55-4392-b2fd-190b16a19f3f","local_time":"20210201170057","is_ascension_mode":false,"campfire_choices":[{"data":"HollowMod:FocusHealStart","floor":8.0,"key":"SMITH"},{"data":"HollowMod:MantisMark","floor":15.0,"key":"SMITH"},{"floor":23.0,"key":"REST"},{"floor":32.0,"key":"REST"},{"floor":46.0,"key":"RECALL"},{"floor":49.0,"key":"REST"},{"data":"HollowMod:FastStrike","floor":52.0,"key":"SMITH"}],"circlet_count":0,"master_deck":["HollowMod:NailStrikeStart+1","HollowMod:NailStrikeStart+1","HollowMod:NailStrikeStart+1","HollowMod:NailStrikeStart+1","HollowMod:QuickDashStart+1","HollowMod:QuickDashStart+1","HollowMod:QuickDashStart+1","HollowMod:FocusHealStart+1","HollowMod:PogoStrike","HollowMod:HowlingWraiths","Finesse","HollowMod:QuirrelsAssistance","HollowMod:Grubsong","HollowMod:MantisMark+1","HollowMod:HornetsHelp+1","HollowMod:DashSlash+1","HollowMod:CloakDash+1","HollowMod:MantisMark","HollowMod:CloakDash+1","HollowMod:LifebloodCore","HollowMod:DreamGate+1","Madness","Madness","Mayhem","HollowMod:SoulSplash","HollowMod:CloakDash","HollowMod:MantisMark+1","HollowMod:MawleksShell+1","HollowMod:FastStrike+1","Normality"],"relics":["HollowMod:VesselMask","PreservedInsect","Odd Mushroom","Anchor","Black Star","Shuriken","White Beast Statue","Mango","HollowMod:PaleOreRelic","Darkstone Periapt","Calipers","Cursed Key","Red Mask","Ancient Tea Set","Bag of Preparation","Pen Nib","Orichalcum","Letter Opener","Blood Vial","Torii"],"acts_visited":["Exordium","TheCity","TheBeyond","TheEnding"],"potions_floor_usage":[55,55],"damage_taken":[{"damage":2.0,"enemies":"2 Louse","floor":1.0,"turns":2.0},{"damage":3.0,"enemies":"Jaw Worm","floor":2.0,"turns":3.0},{"damage":0.0,"enemies":"Small Slimes","floor":5.0,"turns":5.0},{"damage":19.0,"enemies":"HollowMod:MossKnight","floor":6.0,"turns":10.0},{"damage":0.0,"enemies":"The Mushroom Lair","floor":7.0,"turns":3.0},{"damage":1.0,"enemies":"Blue Slaver","floor":13.0,"turns":5.0},{"damage":3.0,"enemies":"Looter","floor":14.0,"turns":4.0},{"damage":47.0,"enemies":"Hexaghost","floor":16.0,"turns":12.0},{"damage":12.0,"enemies":"Spheric Guardian","floor":18.0,"turns":5.0},{"damage":13.0,"enemies":"2 Thieves","floor":19.0,"turns":4.0},{"damage":22.0,"enemies":"Shelled Parasite and Fungi","floor":24.0,"turns":5.0},{"damage":40.0,"enemies":"Slavers","floor":25.0,"turns":6.0},{"damage":2.0,"enemies":"3 Cultists","floor":27.0,"turns":5.0},{"damage":20.0,"enemies":"HollowMod:Nosk","floor":29.0,"turns":6.0},{"damage":60.0,"enemies":"Collector","floor":33.0,"turns":10.0},{"damage":0.0,"enemies":"Orb Walker","floor":35.0,"turns":3.0},{"damage":20.0,"enemies":"Nemesis","floor":40.0,"turns":5.0},{"damage":4.0,"enemies":"3 Darklings","floor":41.0,"turns":4.0},{"damage":0.0,"enemies":"4 Shapes","floor":42.0,"turns":3.0},{"damage":0.0,"enemies":"Maw","floor":44.0,"turns":6.0},{"damage":67.0,"enemies":"Reptomancer","floor":45.0,"turns":6.0},{"damage":38.0,"enemies":"Awakened One","floor":50.0,"turns":12.0},{"damage":42,"enemies":"Shield and Spear","floor":54,"turns":5},{"damage":73,"enemies":"The Heart","floor":55,"turns":5}],"seed_played":"4056530567718955163","potions_obtained":[{"floor":5.0,"key":"Explosive Potion"},{"floor":6.0,"key":"Ancient Potion"},{"floor":13.0,"key":"EssenceOfSteel"},{"floor":18.0,"key":"SpeedPotion"},{"floor":25.0,"key":"AttackPotion"},{"floor":27.0,"key":"Strength Potion"},{"floor":29.0,"key":"Explosive Potion"},{"floor":33.0,"key":"ColorlessPotion"},{"floor":35.0,"key":"Energy Potion"},{"floor":40.0,"key":"ColorlessPotion"},{"floor":41.0,"key":"Explosive Potion"},{"floor":42.0,"key":"Block Potion"},{"floor":44.0,"key":"SmokeBomb"},{"floor":45.0,"key":"AttackPotion"},{"floor":54,"key":"LiquidBronze"}],"is_trial":false,"path_per_floor":["M","M","$","?","M","E","?","R","T","?","$","?","M","M","R","B",null,"M","M","$","?","?","R","M","E","T","M","$","E","$","?","R","B",null,"M","?","?","?","?","E","M","M","T","M","E","R","$","T","R","B",null,"R","$","E","B"],"character_chosen":"THE_BUGKNIGHT","items_purchased":["Finesse","Shuriken"],"campfire_rested":3,"item_purchase_floors":[3,20],"current_hp_per_floor":[82,79,79,63,73,64,64,64,64,64,64,64,75,82,82,35,82,70,57,57,57,57,81,65,49,49,53,53,43,43,43,71,17,96,96,101,88,88,88,78,80,86,92,98,41,41,41,47,80,48,113,113,113,71,0,0],"gold":62,"neow_bonus":"TEN_PERCENT_HP_BONUS","is_daily":false,"chose_seed":false,"campfire_upgraded":3,"win_rate":0.0,"timestamp":1612191657,"path_taken":["M","M","$","?","M","E","?","R","T","?","?","?","M","M","R","BOSS","M","M","$","?","?","R","?","E","T","?","?","E","$","?","R","BOSS","M","?","?","?","?","E","M","M","T","M","E","R","?","?","R","BOSS","R","$","E","BOSS"],"items_purchased_type":["Card","Relic"],"build_version":"2020-12-22","purchased_purges":1,"victory":false,"max_hp_per_floor":[82,82,82,82,82,82,82,82,82,82,82,82,82,82,82,82,82,82,82,82,82,82,82,82,96,96,96,96,96,96,96,96,96,96,96,101,101,101,101,101,101,101,107,107,107,107,107,113,113,113,113,113,113,113,113,113],"card_choices":[{"not_picked":["HollowMod:SoulSplash","HollowMod:SoulVessel"],"picked":"HollowMod:HowlingWraiths","floor":1.0},{"not_picked":["HollowMod:TaintedHusks","HollowMod:SoulShaman","HollowMod:MonarchWings"],"picked":"SKIP","floor":2.0},{"not_picked":["HollowMod:HowlingWraiths","HollowMod:FallenFury","HollowMod:GoodIntentions"],"picked":"SKIP","floor":5.0},{"not_picked":["HollowMod:HowlingWraiths","HollowMod:SiblingsSouls"],"picked":"HollowMod:QuirrelsAssistance","floor":6.0},{"not_picked":["HollowMod:SiblingsSouls","HollowMod:InfectedAttack"],"picked":"HollowMod:Grubsong","floor":7.0},{"not_picked":["HollowMod:NewLittleFool","HollowMod:SoulShaman"],"picked":"HollowMod:MantisMark","floor":13.0},{"not_picked":["HollowMod:NewGlowingWomb","HollowMod:InfectedAttack","HollowMod:SharpenedNail"],"picked":"SKIP","floor":14.0},{"not_picked":["HollowMod:MidwifesHunger","HollowMod:LifebloodCore"],"picked":"HollowMod:HornetsHelp","floor":16.0},{"not_picked":["HollowMod:CornifersMapStart","HollowMod:ShadowDash","HollowMod:WraithStrike"],"picked":"SKIP","floor":18.0},{"not_picked":["HollowMod:FallenFury","HollowMod:TaintedHusks"],"picked":"HollowMod:DashSlash+1","floor":19.0},{"not_picked":["HollowMod:CycloneSlash+1","HollowMod:GreatSlash","HollowMod:PureNailStrike"],"picked":"SKIP","floor":24.0},{"not_picked":["HollowMod:Weaversong","HollowMod:InfectionAssault"],"picked":"HollowMod:CloakDash+1","floor":25.0},{"not_picked":["HollowMod:InfectedCysts","HollowMod:HeavyBlow"],"picked":"HollowMod:MantisMark","floor":27.0},{"not_picked":["HollowMod:NewGlowingWomb","HollowMod:NewJinnsSoul+1"],"picked":"HollowMod:CloakDash+1","floor":29.0},{"not_picked":["HollowMod:theNailsmith","HollowMod:NewInfectedGuardian"],"picked":"HollowMod:LifebloodCore","floor":33.0},{"not_picked":["HollowMod:SiblingsSouls","HollowMod:PureNailStrike"],"picked":"HollowMod:DreamGate+1","floor":35.0},{"not_picked":["Impatience","PanicButton"],"picked":"Mayhem","floor":38.0},{"not_picked":["HollowMod:InfectedCysts","HollowMod:BaldurShell+1"],"picked":"HollowMod:SoulSplash","floor":40.0},{"not_picked":["HollowMod:DoubleDash","HollowMod:FallenFury"],"picked":"HollowMod:CloakDash","floor":41.0},{"not_picked":["HollowMod:CoiledNail+1","HollowMod:InfectionAssault+1"],"picked":"HollowMod:MantisMark+1","floor":42.0},{"not_picked":["HollowMod:SoulStrike+1","HollowMod:NewLittleFool+1"],"picked":"HollowMod:MawleksShell+1","floor":44.0},{"not_picked":["HollowMod:DashSlash","HollowMod:LifebloodCocoon+1"],"picked":"HollowMod:FastStrike","floor":45.0},{"not_picked":["HollowMod:SoulEater","HollowMod:GreatSlash","HollowMod:WraithStrike"],"picked":"SKIP","floor":54}],"player_experience":241541,"relics_obtained":[{"floor":6.0,"key":"PreservedInsect"},{"floor":7.0,"key":"Odd Mushroom"},{"floor":9.0,"key":"Anchor"},{"floor":25.0,"key":"White Beast Statue"},{"floor":25.0,"key":"Mango"},{"floor":26.0,"key":"HollowMod:PaleOreRelic"},{"floor":29.0,"key":"Darkstone Periapt"},{"floor":29.0,"key":"Calipers"},{"floor":40.0,"key":"Ancient Tea Set"},{"floor":40.0,"key":"Bag of Preparation"},{"floor":45.0,"key":"Pen Nib"},{"floor":45.0,"key":"Orichalcum"},{"floor":48.0,"key":"Letter Opener"},{"floor":54,"key":"Blood Vial"},{"floor":54,"key":"Torii"}],"event_choices":[{"damage_healed":0.0,"max_hp_gain":0.0,"max_hp_loss":0.0,"gold_gain":0.0,"event_name":"Shining Light","player_choice":"Entered Light","floor":4.0,"gold_loss":0.0,"damage_taken":16.0,"cards_upgraded":["HollowMod:QuickDashStart","HollowMod:QuickDashStart"]},{"damage_healed":0.0,"max_hp_gain":0.0,"max_hp_loss":0.0,"gold_gain":0.0,"event_name":"Mushrooms","player_choice":"Fought Mushrooms","floor":7.0,"gold_loss":0.0,"damage_taken":0.0},{"cards_removed":["HollowMod:QuickDashStart"],"damage_healed":0.0,"max_hp_gain":0.0,"max_hp_loss":0.0,"gold_gain":0.0,"event_name":"The Cleric","player_choice":"Card Removal","floor":10.0,"gold_loss":50.0,"damage_taken":0.0},{"damage_healed":0.0,"max_hp_gain":0.0,"max_hp_loss":0.0,"gold_gain":0.0,"event_name":"The Woman in Blue","player_choice":"Bought 0 Potions","floor":12.0,"gold_loss":0.0,"damage_taken":0.0},{"damage_healed":0.0,"max_hp_gain":0.0,"max_hp_loss":0.0,"gold_gain":0.0,"event_name":"Back to Basics","player_choice":"Simplicity","floor":21.0,"gold_loss":0.0,"damage_taken":0.0,"cards_upgraded":["HollowMod:NailStrikeStart","HollowMod:NailStrikeStart","HollowMod:NailStrikeStart","HollowMod:NailStrikeStart","HollowMod:QuickDashStart"]},{"damage_healed":0.0,"max_hp_gain":0.0,"max_hp_loss":0.0,"gold_gain":0.0,"event_name":"Upgrade Shrine","player_choice":"Upgraded","floor":22.0,"gold_loss":0.0,"damage_taken":0.0,"cards_upgraded":["HollowMod:HornetsHelp"]},{"damage_healed":0.0,"max_hp_gain":0.0,"max_hp_loss":0.0,"gold_gain":0.0,"event_name":"Ghosts","player_choice":"Ignored","floor":31.0,"gold_loss":0.0,"damage_taken":0.0},{"damage_healed":0.0,"max_hp_gain":0.0,"max_hp_loss":0.0,"gold_gain":0.0,"event_name":"Winding Halls","player_choice":"Embrace Madness","floor":37.0,"gold_loss":0.0,"damage_taken":13.0,"cards_obtained":["Madness","Madness"]},{"damage_healed":0.0,"max_hp_gain":0.0,"max_hp_loss":0.0,"gold_gain":0.0,"event_name":"SensoryStone","player_choice":"Memory 1","floor":38.0,"gold_loss":0.0,"damage_taken":0.0},{"damage_healed":0.0,"max_hp_gain":0.0,"max_hp_loss":0.0,"gold_gain":0.0,"event_name":"Tomb of Lord Red Mask","player_choice":"Paid","floor":39.0,"gold_loss":175.0,"damage_taken":0.0,"relics_obtained":["Red Mask"]}],"is_beta":false,"boss_relics":[{"not_picked":["Sozu","Philosopher\u0027s Stone"],"picked":"Black Star"},{"not_picked":["SlaversCollar","Coffee Dripper"],"picked":"Cursed Key"}],"items_purged_floors":[47],"is_endless":false,"potions_floor_spawned":[5,6,13,18,25,27,29,33,35,40,41,42,44,45,54],"killed_by":"The Heart","ascension_level":0}}