{"host":"syozzdlzcqop4jia","time":1612219073,"event":{"mods":["BaseMod","Colored Map","Colored Powertips","Minty Spire (QoL Compilation)","Quick Restart"],"gold_per_floor":[115,131,0,17,17,17,17,36,36,64,64,75,75,102,102,205,205,225,1,1,12,26,26,26,44,69,69,69,69,69],"floor_reached":29,"language":"ENG","playtime":1553,"items_purged":["Strike_R"],"score":305,"play_id":"85aa0e6a-c0a2-46f8-b6e9-900d2720e394","local_time":"20210201233753","is_ascension_mode":true,"campfire_choices":[{"data":"Pommel Strike","floor":6,"key":"SMITH"},{"data":"Seeing Red","floor":11,"key":"SMITH"},{"data":"Uppercut","floor":13,"key":"SMITH"},{"floor":15,"key":"REST"},{"data":"Dual Wield","floor":23,"key":"SMITH"}],"circlet_count":0,"master_deck":["Defend_R","Defend_R","Defend_R","Bash","Rampage","Pommel Strike","Pommel Strike+1","Uppercut+1","Anger+1","Seeing Red+1","Shrug It Off","Twin Strike","Immolate","Feed","Rage","Hemokinesis","Dual Wield+1","Pummel","Bite","Bite","Bite","Bite","Bite"],"relics":["Burning Blood","Pear","Pocketwatch","TungstenRod","Black Star","Toolbox","Tiny Chest"],"acts_visited":["Exordium","TheCity"],"potions_floor_usage":[12,22,25,25],"damage_taken":[{"damage":0,"enemies":"2 Louse","floor":1,"turns":3},{"damage":6,"enemies":"Small Slimes","floor":2,"turns":4},{"damage":1,"enemies":"Cultist","floor":4,"turns":3},{"damage":7,"enemies":"Looter","floor":8,"turns":3},{"damage":30,"enemies":"Lagavulin","floor":10,"turns":5},{"damage":6,"enemies":"3 Louse","floor":12,"turns":3},{"damage":28,"enemies":"Gremlin Nob","floor":14,"turns":4},{"damage":33,"enemies":"Hexaghost","floor":16,"turns":6},{"damage":18,"enemies":"Shell Parasite","floor":18,"turns":4},{"damage":2,"enemies":"Chosen","floor":21,"turns":4},{"damage":21,"enemies":"Shelled Parasite and Fungi","floor":22,"turns":5},{"damage":22,"enemies":"Centurion and Healer","floor":25,"turns":5},{"damage":86,"enemies":"Gremlin Leader","floor":29,"turns":6}],"seed_played":"8917351483679163419","potions_obtained":[{"floor":4,"key":"Strength Potion"},{"floor":8,"key":"SteroidPotion"},{"floor":12,"key":"CultistPotion"},{"floor":21,"key":"ColorlessPotion"},{"floor":22,"key":"ElixirPotion"}],"is_trial":false,"path_per_floor":["M","M","$","M","?","R","?","M","T","E","R","M","R","E","R","B",null,"M","$","?","M","M","R","$","M","T","$","?","E"],"character_chosen":"IRONCLAD","items_purchased":["Pommel Strike","Uppercut","Toolbox"],"campfire_rested":1,"item_purchase_floors":[3,3,19],"current_hp_per_floor":[88,88,88,88,88,88,88,87,97,73,73,73,73,51,80,53,98,89,89,89,93,81,81,81,65,65,65,65,0,0],"gold":69,"neow_bonus":"TEN_PERCENT_HP_BONUS","is_daily":false,"chose_seed":false,"campfire_upgraded":4,"win_rate":0.0,"timestamp":1612219073,"path_taken":["M","M","$","M","?","R","?","M","T","E","R","M","R","E","R","BOSS","M","$","?","M","?","R","$","M","T","$","?","E"],"items_purchased_type":["Card","Card","Relic"],"build_version":"2020-12-22","purchased_purges":1,"victory":false,"max_hp_per_floor":[88,88,88,88,88,88,88,88,98,98,98,98,98,98,98,98,98,101,101,101,101,104,104,104,104,104,104,72,72,72],"card_choices":[{"not_picked":["Body Slam","Thunderclap"],"picked":"Rampage","floor":1},{"not_picked":["Blood for Blood","Hemokinesis"],"picked":"Pommel Strike","floor":2},{"not_picked":["Wild Strike","Dropkick"],"picked":"Anger","floor":4},{"not_picked":["Double Tap","Spot Weakness"],"picked":"Seeing Red","floor":8},{"not_picked":["Armaments","Reckless Charge"],"picked":"Shrug It Off","floor":10},{"not_picked":["Headbutt","Intimidate"],"picked":"Twin Strike","floor":12},{"not_picked":["Sentinel","Armaments"],"picked":"Immolate","floor":14},{"not_picked":["Limit Break","Corruption"],"picked":"Feed","floor":16},{"not_picked":["Power Through+1","Armaments"],"picked":"Rage","floor":18},{"not_picked":["Havoc","Burning Pact"],"picked":"Hemokinesis","floor":21},{"not_picked":["Sentinel+1","Bloodletting"],"picked":"Dual Wield","floor":22},{"not_picked":["Warcry","Clothesline+1"],"picked":"Pummel","floor":25}],"player_experience":496801,"relics_obtained":[{"floor":9,"key":"Pear"},{"floor":10,"key":"Pocketwatch"},{"floor":14,"key":"TungstenRod"},{"floor":26,"key":"Tiny Chest"}],"event_choices":[{"damage_healed":0,"gold_gain":0,"player_choice":"Grow","damage_taken":0,"max_hp_gain":0,"max_hp_loss":0,"event_name":"Living Wall","floor":5,"gold_loss":0,"cards_upgraded":["Anger"]},{"damage_healed":0,"gold_gain":0,"player_choice":"Ignored","damage_taken":0,"max_hp_gain":0,"max_hp_loss":0,"event_name":"Golden Idol","floor":7,"gold_loss":0},{"cards_removed":["Defend_R"],"damage_healed":0,"gold_gain":0,"player_choice":"Offered Basic","damage_taken":0,"max_hp_gain":0,"max_hp_loss":0,"event_name":"Bonfire Elementals","floor":20,"gold_loss":0},{"damage_healed":0,"gold_gain":0,"player_choice":"Became a vampire","damage_taken":0,"max_hp_gain":0,"max_hp_loss":32,"event_name":"Vampires","floor":28,"gold_loss":0,"cards_obtained":["Bite","Bite","Bite","Bite","Bite"]}],"is_beta":false,"boss_relics":[{"not_picked":["Tiny House","SacredBark"],"picked":"Black Star"}],"items_purged_floors":[19],"is_endless":false,"potions_floor_spawned":[4,8,12,21,22],"killed_by":"Gremlin Leader","ascension_level":4}}