{"host":"z5bn7jsck728mmiq","time":1612168014,"event":{"mods":["BaseMod","Bestiary","DeckTracker","Minty Spire (QoL Compilation)","StSLib"],"gold_per_floor":[115,115,134,38,38,81,81,81,81,122,140,140,160,180,180,309,309,334,334,352,352,352,352],"floor_reached":22,"language":"ENG","playtime":491,"items_purged":[],"score":194,"play_id":"b9f1113d-9a6e-48a8-8cac-445aad2afbc6","local_time":"20210201002654","is_ascension_mode":false,"campfire_choices":[{"data":"Tantrum","floor":12,"key":"SMITH"},{"floor":15,"key":"REST"}],"circlet_count":0,"master_deck":["Eruption+1","Vigilance","SashWhip","Tantrum+1","Conclude","ClearTheMind","CutThroughFate","PathToVictory","WreathOfFlame","EmptyMind","Establishment","Ragnarok","SignatureMove","EmptyBody","FlyingSleeves","Worship","CrushJoints","Brilliance","Crescendo","CrushJoints"],"relics":["PureWater","Golden Idol","Meat on the Bone","The Courier","Dead Branch","Pandora\u0027s Box","GremlinMask"],"acts_visited":["Exordium","TheCity"],"potions_floor_usage":[16,16,16,20],"damage_taken":[{"damage":2,"enemies":"Cultist","floor":1,"turns":3},{"damage":0,"enemies":"Small Slimes","floor":3,"turns":2},{"damage":16,"enemies":"Gremlin Nob","floor":6,"turns":3},{"damage":30,"enemies":"Lagavulin","floor":10,"turns":4},{"damage":0,"enemies":"Jaw Worm","floor":11,"turns":2},{"damage":14,"enemies":"3 Louse","floor":13,"turns":3},{"damage":10,"enemies":"Red Slaver","floor":14,"turns":2},{"damage":40,"enemies":"Hexaghost","floor":16,"turns":4},{"damage":1,"enemies":"Chosen","floor":18,"turns":3},{"damage":40,"enemies":"2 Thieves","floor":20,"turns":2}],"seed_played":"8492579360767124273","potions_obtained":[{"floor":11,"key":"Strength Potion"},{"floor":13,"key":"DistilledChaos"},{"floor":14,"key":"CultistPotion"},{"floor":18,"key":"GamblersBrew"}],"is_trial":false,"path_per_floor":["M","?","M","$","?","E","?","?","T","E","M","R","M","M","R","B",null,"M","?","M","?","?"],"character_chosen":"WATCHER","items_purchased":["Conclude","ClearTheMind"],"campfire_rested":1,"item_purchase_floors":[4,4],"current_hp_per_floor":[77,79,79,79,60,44,49,49,49,31,43,43,41,43,68,40,84,83,83,43,43,43,43],"gold":352,"neow_bonus":"TEN_PERCENT_HP_BONUS","is_daily":false,"chose_seed":false,"campfire_upgraded":1,"win_rate":0.0,"timestamp":1612168014,"path_taken":["M","?","?","$","?","E","?","?","T","E","M","R","?","M","R","BOSS","M","?","M","?","?"],"items_purchased_type":["Card","Card"],"build_version":"2020-12-22","purchased_purges":0,"victory":false,"max_hp_per_floor":[79,79,79,79,79,79,84,84,84,84,84,84,84,84,84,84,84,84,84,84,84,84,84],"card_choices":[{"not_picked":["EmptyFist","JustLucky"],"picked":"SashWhip","floor":1},{"not_picked":["Protect","BowlingBash"],"picked":"Tantrum","floor":3},{"not_picked":["Crescendo","Protect"],"picked":"CutThroughFate","floor":6},{"not_picked":["CarveReality","FlyingSleeves"],"picked":"PathToVictory","floor":10},{"not_picked":["LikeWater","CutThroughFate"],"picked":"WreathOfFlame","floor":11},{"not_picked":["Adaptation","BattleHymn"],"picked":"EmptyMind","floor":13},{"not_picked":["EmptyBody","BowlingBash"],"picked":"Establishment","floor":14},{"not_picked":["Establishment","MasterReality"],"picked":"Ragnarok","floor":16},{"not_picked":["FollowUp","Worship+1","Prostrate"],"picked":"SKIP","floor":18},{"not_picked":["BowlingBash+1","Prostrate","EmptyFist"],"picked":"SKIP","floor":20}],"player_experience":89241,"relics_obtained":[{"floor":6,"key":"Meat on the Bone"},{"floor":9,"key":"The Courier"},{"floor":10,"key":"Dead Branch"}],"event_choices":[{"damage_healed":2,"gold_gain":0,"player_choice":"Full Heal","damage_taken":0,"max_hp_gain":0,"max_hp_loss":0,"event_name":"Wheel of Change","floor":2,"gold_loss":0},{"damage_healed":0,"gold_gain":0,"player_choice":"Take Damage","damage_taken":19,"relics_obtained":["Golden Idol"],"max_hp_gain":0,"max_hp_loss":0,"event_name":"Golden Idol","floor":5,"gold_loss":0},{"damage_healed":0,"gold_gain":0,"player_choice":"Donut","damage_taken":0,"max_hp_gain":5,"max_hp_loss":0,"event_name":"Big Fish","floor":7,"gold_loss":0},{"damage_healed":0,"gold_gain":0,"player_choice":"Upgraded","damage_taken":0,"max_hp_gain":0,"max_hp_loss":0,"event_name":"Upgrade Shrine","floor":8,"gold_loss":0,"cards_upgraded":["Eruption"]},{"damage_healed":0,"gold_gain":0,"player_choice":"Ignored","damage_taken":0,"max_hp_gain":0,"max_hp_loss":0,"event_name":"Vampires","floor":19,"gold_loss":0},{"damage_healed":0,"gold_gain":0,"player_choice":"Ignored","damage_taken":0,"max_hp_gain":0,"max_hp_loss":0,"event_name":"The Mausoleum","floor":21,"gold_loss":0},{"damage_healed":0,"gold_gain":0,"player_choice":"Trade","damage_taken":0,"relics_obtained":["GremlinMask"],"max_hp_gain":0,"max_hp_loss":0,"event_name":"FaceTrader","floor":22,"gold_loss":0}],"is_beta":false,"boss_relics":[{"not_picked":["Busted Crown","VioletLotus"],"picked":"Pandora\u0027s Box"}],"items_purged_floors":[],"is_endless":false,"potions_floor_spawned":[11,13,14,18],"ascension_level":0}}