{"host":"126yiuos2nq86se7","time":1612143110,"event":{"mods":["AchievementEnabler","Act Like it!","BaseMod","Colored Map","Colored Powertips","Friendly Minions","Highlight Path","Minty Spire (QoL Compilation)","StSLib","SuperFastMode"],"gold_per_floor":[18,18,35,35,45,45,77,77,77,77,91,61,61,61,61,165,165,185,202,215,61,61,61],"floor_reached":22,"language":"ENG","playtime":700,"items_purged":["Strike_P"],"score":209,"play_id":"26091a82-2288-407c-885a-da28ead2ee70","local_time":"20210201123150","is_ascension_mode":false,"campfire_choices":[{"floor":6,"key":"REST"},{"floor":8,"key":"REST"},{"floor":10,"key":"REST"},{"data":"Vigilance","floor":13,"key":"SMITH"},{"floor":15,"key":"REST"}],"circlet_count":0,"master_deck":["Strike_P","Defend_P","Defend_P","Defend_P","Defend_P","Vigilance+1","Wallop+1","Nirvana","Protect","WreathOfFlame","BowlingBash","Alpha","Nirvana+1","WreathOfFlame","Study"],"relics":["PureWater","Lizard Tail","Pear","Fusion Hammer"],"acts_visited":["Exordium","TheCity"],"potions_floor_usage":[7,16,16],"damage_taken":[{"damage":14,"enemies":"Jaw Worm","floor":1,"turns":11},{"damage":0,"enemies":"2 Louse","floor":3,"turns":3},{"damage":3,"enemies":"Cultist","floor":5,"turns":5},{"damage":62,"enemies":"Lagavulin","floor":7,"turns":13},{"damage":6,"enemies":"Blue Slaver","floor":11,"turns":7},{"damage":0,"enemies":"Looter","floor":12,"turns":4},{"damage":82,"enemies":"Slime Boss","floor":16,"turns":23},{"damage":16,"enemies":"2 Thieves","floor":18,"turns":5},{"damage":9,"enemies":"Shell Parasite","floor":19,"turns":4},{"damage":52,"enemies":"3 Cultists","floor":20,"turns":5}],"seed_played":"-659535924488913036","potions_obtained":[{"floor":1,"key":"BottledMiracle"},{"floor":7,"key":"Swift Potion"},{"floor":11,"key":"Strength Potion"},{"floor":18,"key":"PowerPotion"}],"is_trial":false,"path_per_floor":["M","$","M","?","M","R","E","R","T","R","M","M","R","?","R","B",null,"M","M","M","$","?"],"character_chosen":"WATCHER","items_purchased":["Study"],"campfire_rested":4,"item_purchase_floors":[21],"current_hp_per_floor":[58,58,58,51,48,69,7,28,38,62,56,56,56,56,80,39,82,66,57,5,5,0,0],"gold":61,"neow_bonus":"REMOVE_TWO","is_daily":false,"chose_seed":false,"campfire_upgraded":1,"win_rate":0.0,"timestamp":1612143110,"path_taken":["M","$","M","?","M","R","E","R","T","R","M","M","R","?","R","BOSS","M","?","M","$","?"],"items_purchased_type":["Card"],"build_version":"2020-12-22","purchased_purges":1,"victory":false,"max_hp_per_floor":[72,72,72,72,72,72,72,72,82,82,82,82,82,82,82,82,82,82,82,82,82,87,87],"card_choices":[{"not_picked":["Protect","ReachHeaven"],"picked":"Wallop","floor":1},{"not_picked":["Evaluate","Conclude"],"picked":"Nirvana","floor":3},{"not_picked":["EmptyFist","CutThroughFate"],"picked":"Protect","floor":5},{"not_picked":["Blasphemy","EmptyFist","PathToVictory"],"picked":"SKIP","floor":7},{"not_picked":["CrushJoints","ClearTheMind"],"picked":"WreathOfFlame","floor":11},{"not_picked":["EmptyBody","ThirdEye"],"picked":"BowlingBash","floor":12},{"not_picked":["Ragnarok","Vault"],"picked":"Alpha","floor":16},{"not_picked":["ClearTheMind","Crescendo","PathToVictory"],"picked":"SKIP","floor":18},{"not_picked":["TalkToTheHand","JustLucky"],"picked":"Nirvana+1","floor":19},{"not_picked":["Prostrate","WaveOfTheHand"],"picked":"WreathOfFlame","floor":20}],"player_experience":1467528,"relics_obtained":[{"floor":7,"key":"Lizard Tail"},{"floor":9,"key":"Pear"}],"event_choices":[{"cards_removed":["Strike_P"],"damage_healed":0,"gold_gain":0,"player_choice":"Card Removal","damage_taken":7,"max_hp_gain":0,"max_hp_loss":0,"event_name":"Golden Wing","floor":4,"gold_loss":0},{"damage_healed":0,"gold_gain":0,"player_choice":"Forge","damage_taken":0,"max_hp_gain":0,"max_hp_loss":0,"event_name":"Accursed Blacksmith","floor":14,"gold_loss":0,"cards_upgraded":["Wallop"]}],"is_beta":false,"boss_relics":[{"not_picked":["Tiny House","Astrolabe"],"picked":"Fusion Hammer"}],"items_purged_floors":[21],"is_endless":false,"potions_floor_spawned":[1,7,11,18],"ascension_level":0}}