{"host":"gl5rgsfncjl28cj1","time":1612162257,"event":{"mods":["BaseMod","Colored Map","Highlight Path","Minty Spire (QoL Compilation)","Permanent Neow","StSLib"],"gold_per_floor":[110,110,124,139,139,139,150,181,181,106,106,51,51,63,63,139,139,156,106,106,106],"floor_reached":20,"language":"KOR","playtime":599,"items_purged":["Strike_G"],"score":344,"play_id":"444ff825-7f7a-4a71-a95f-c733f9ea4db5","local_time":"20210201155057","is_ascension_mode":true,"campfire_choices":[{"data":"Dash","floor":6,"key":"SMITH"},{"floor":11,"key":"REST"},{"data":"Dagger Spray","floor":13,"key":"SMITH"},{"data":"Blade Dance","floor":15,"key":"SMITH"}],"circlet_count":0,"master_deck":["AscendersBane","Strike_G","Strike_G","Strike_G","Defend_G","Defend_G","Defend_G","Defend_G","Defend_G","Survivor","Neutralize","Dash+1","Deflect","Terror","Blade Dance+1","Tactician+1","Dagger Spray+1","Calculated Gamble","Grand Finale","Deadly Poison+1"],"relics":["Sozu","Orichalcum","Juzu Bracelet","SlaversCollar"],"acts_visited":["Exordium","TheCity"],"potions_floor_usage":[],"damage_taken":[{"damage":3,"enemies":"Cultist","floor":1,"turns":5},{"damage":4,"enemies":"Jaw Worm","floor":3,"turns":4},{"damage":2,"enemies":"Small Slimes","floor":4,"turns":3},{"damage":6,"enemies":"3 Louse","floor":7,"turns":4},{"damage":21,"enemies":"3 Sentries","floor":8,"turns":10},{"damage":0,"enemies":"Exordium Wildlife","floor":14,"turns":3},{"damage":40,"enemies":"Hexaghost","floor":16,"turns":11},{"damage":23,"enemies":"2 Thieves","floor":18,"turns":4},{"damage":36,"enemies":"Masked Bandits","floor":20,"turns":3}],"seed_played":"4918114941084175101","potions_obtained":[],"is_trial":false,"path_per_floor":["M","?","M","M","?","R","M","E","T","$","R","$","R","M","R","B",null,"M","?","?"],"character_chosen":"THE_SILENT","items_purchased":["Dagger Spray"],"campfire_rested":1,"item_purchase_floors":[12],"current_hp_per_floor":[56,61,57,55,48,48,42,21,21,21,42,42,42,42,42,2,54,31,31,0,0],"gold":106,"neow_bonus":"BOSS_RELIC","is_daily":false,"chose_seed":false,"campfire_upgraded":3,"win_rate":0.0,"timestamp":1612162257,"path_taken":["M","?","M","M","?","R","M","E","T","$","R","$","R","M","R","BOSS","M","?","?"],"items_purchased_type":["Card"],"build_version":"2020-12-22","purchased_purges":1,"victory":false,"max_hp_per_floor":[66,71,71,71,71,71,71,71,71,71,71,71,71,71,71,71,71,71,71,71,71],"card_choices":[{"not_picked":["Cloak And Dagger","Backflip"],"picked":"Dash","floor":1},{"not_picked":["Accuracy","Sucker Punch"],"picked":"Deflect","floor":3},{"not_picked":["Sucker Punch","Catalyst"],"picked":"Terror","floor":4},{"not_picked":["Prepared","Sucker Punch"],"picked":"Blade Dance","floor":7},{"not_picked":["Dagger Spray","Cloak And Dagger"],"picked":"Tactician","floor":8},{"not_picked":["Escape Plan","Leg Sweep"],"picked":"Calculated Gamble","floor":14},{"not_picked":["Burst","Storm of Steel"],"picked":"Grand Finale","floor":16},{"not_picked":["Quick Slash","Bane"],"picked":"Deadly Poison+1","floor":18}],"player_experience":1006493,"relics_obtained":[{"floor":8,"key":"Orichalcum"},{"floor":9,"key":"Juzu Bracelet"}],"event_choices":[{"damage_healed":0,"gold_gain":0,"player_choice":"Donut","damage_taken":0,"max_hp_gain":5,"max_hp_loss":0,"event_name":"Big Fish","floor":2,"gold_loss":0},{"cards_removed":["Strike_G"],"damage_healed":0,"gold_gain":0,"player_choice":"Card Removal","damage_taken":7,"max_hp_gain":0,"max_hp_loss":0,"event_name":"Golden Wing","floor":5,"gold_loss":0},{"damage_healed":0,"gold_gain":0,"player_choice":"Upgrade","damage_taken":0,"max_hp_gain":0,"max_hp_loss":0,"event_name":"Designer","floor":19,"gold_loss":50,"cards_upgraded":["Tactician"]},{"damage_healed":0,"gold_gain":0,"player_choice":"Fought Bandits","damage_taken":0,"max_hp_gain":0,"max_hp_loss":0,"event_name":"Masked Bandits","floor":20,"gold_loss":0}],"is_beta":false,"boss_relics":[{"not_picked":["Snecko Eye","Tiny House"],"picked":"SlaversCollar"}],"items_purged_floors":[10],"is_endless":false,"potions_floor_spawned":[3,4,14,18],"killed_by":"Masked Bandits","ascension_level":20}}