{"host":"gk5m6v7zec9neb0j","time":1612156744,"event":{"mods":["AchievementEnabler","AlwaysNeverKeys","BaseMod","BetterRewards","Block Reminder","Minty Spire (QoL Compilation)","Rare Cards Sparkle","Relic Stats","StSLib"],"gold_per_floor":[110,110,126,144,144,144,144,144,170,18,38,69,82,82,82,182,182,196,211,211,227,241,241,253,264,264,189,189,21,33,58,58,153,153,164,180,180,74,88,88,105,30,79,96,109,109,31,49,49,49,49],"floor_reached":50,"language":"ENG","playtime":2008,"items_purged":["Strike_R","Defend_R+1"],"score":493,"play_id":"4f204c76-8cc0-46c0-a9d0-c8fb7ee606c3","local_time":"20210201001904","is_ascension_mode":false,"campfire_choices":[{"data":"Bash","floor":6.0,"key":"SMITH"},{"data":"Body Slam","floor":8.0,"key":"SMITH"},{"data":"Heavy Blade","floor":15.0,"key":"SMITH"},{"data":"Armaments","floor":23.0,"key":"SMITH"},{"data":"Battle Trance","floor":28.0,"key":"SMITH"},{"data":"Cleave","floor":32.0,"key":"SMITH"},{"floor":46,"key":"REST"},{"data":"Seeing Red","floor":49,"key":"SMITH"}],"circlet_count":0,"master_deck":["Strike_R+1","Strike_R+1","Defend_R+1","Defend_R+1","Defend_R+1","Bash+1","Inflame+1","Body Slam+1","Battle Trance+1","Metallicize+1","Heavy Blade+1","Armaments+1","Iron Wave+1","Shrug It Off","Twin Strike+1","Juggernaut+1","Shrug It Off","Rampage+1","Headbutt","Metallicize+1","Seeing Red+1","Cleave+1","Barricade+1","Inflame+1","Shrug It Off","Spot Weakness+1","Juggernaut+1","Seeing Red","Seeing Red+1"],"relics":["Black Blood","Paper Frog","Frozen Egg 2","Oddly Smooth Stone","MealTicket","Bag of Marbles","Mercury Hourglass","Bottled Tornado","Whetstone"],"acts_visited":["Exordium","TheCity","TheBeyond"],"potions_floor_usage":[50],"damage_taken":[{"damage":0.0,"enemies":"2 Louse","floor":1.0,"turns":5.0},{"damage":0.0,"enemies":"Cultist","floor":3.0,"turns":3.0},{"damage":6.0,"enemies":"Jaw Worm","floor":4.0,"turns":5.0},{"damage":10.0,"enemies":"Large Slime","floor":11.0,"turns":5.0},{"damage":2.0,"enemies":"Lagavulin","floor":12.0,"turns":5.0},{"damage":0.0,"enemies":"Blue Slaver","floor":13.0,"turns":3.0},{"damage":23.0,"enemies":"The Guardian","floor":16.0,"turns":8.0},{"damage":19.0,"enemies":"2 Thieves","floor":18.0,"turns":4.0},{"damage":16.0,"enemies":"Shell Parasite","floor":19.0,"turns":4.0},{"damage":14.0,"enemies":"Sentry and Sphere","floor":21.0,"turns":6.0},{"damage":3.0,"enemies":"Chosen and Byrds","floor":22.0,"turns":6.0},{"damage":3.0,"enemies":"Snake Plant","floor":24.0,"turns":4.0},{"damage":39.0,"enemies":"3 Cultists","floor":25.0,"turns":6.0},{"damage":7.0,"enemies":"Shelled Parasite and Fungi","floor":30.0,"turns":9.0},{"damage":19.0,"enemies":"Slavers","floor":31.0,"turns":5.0},{"damage":42.0,"enemies":"Collector","floor":33.0,"turns":10.0},{"damage":28.0,"enemies":"Orb Walker","floor":35.0,"turns":7.0},{"damage":7.0,"enemies":"3 Shapes","floor":36.0,"turns":7.0},{"damage":43.0,"enemies":"Transient","floor":39.0,"turns":5.0},{"damage":21.0,"enemies":"Maw","floor":41.0,"turns":9.0},{"damage":43.0,"enemies":"4 Shapes","floor":44.0,"turns":6.0},{"damage":29,"enemies":"Writhing Mass","floor":45,"turns":7},{"damage":0,"enemies":"Maw","floor":48,"turns":6},{"damage":101,"enemies":"Donu and Deca","floor":50,"turns":7}],"seed_played":"7058501311588821240","potions_obtained":[{"floor":3.0,"key":"Block Potion"},{"floor":12.0,"key":"LiquidBronze"},{"floor":18.0,"key":"BlessingOfTheForge"},{"floor":24.0,"key":"SteroidPotion"},{"floor":31.0,"key":"BloodPotion"},{"floor":39.0,"key":"Fruit Juice"},{"floor":41.0,"key":"PowerPotion"},{"floor":48,"key":"FearPotion"}],"is_trial":false,"path_per_floor":["M","?","M","M","$","R","$","R","T","$","M","E","M","?","R","B",null,"M","M","?","M","M","R","M","M","T","?","R","$","M","E","R","B",null,"M","M","?","$","M","?","M","$","T","M","M","R","$","M","R","B"],"character_chosen":"IRONCLAD","items_purchased":["Fruit Juice","Paper Frog","Frozen Egg 2","Inflame+1","Oddly Smooth Stone","Metallicize+1","Heavy Blade","Armaments","Metallicize+1","Inflame+1","Shrug It Off","Seeing Red","DuplicationPotion"],"campfire_rested":1,"item_purchase_floors":[0,0,0,0,0,10,10,10,29,38,38,42,47],"current_hp_per_floor":[55,55,61,61,61,61,61,61,61,76,72,76,82,87,87,70,90,83,79,79,77,86,86,90,63,63,63,63,78,83,76,76,46,90,74,79,79,90,64,64,55,70,70,58,41,69,84,95,95,0,0],"gold":49,"neow_bonus":"","is_daily":false,"chose_seed":false,"campfire_upgraded":7,"win_rate":0.0,"timestamp":1612156744,"path_taken":["M","?","M","M","?","R","$","R","T","$","M","E","?","?","R","BOSS","M","M","?","M","M","R","M","M","T","?","R","$","M","E","R","BOSS","M","M","?","$","?","?","M","$","T","M","?","R","?","M","R","BOSS"],"items_purchased_type":["Potion","Relic","Relic","Card","Relic","Card","Card","Card","Card","Card","Card","Card","Potion"],"build_version":"2020-12-22","purchased_purges":2,"victory":false,"max_hp_per_floor":[85,85,85,85,85,85,85,85,85,85,85,85,85,90,90,90,90,90,90,90,90,90,90,90,90,90,90,90,90,90,90,90,90,90,90,90,90,90,95,95,95,95,95,95,95,95,95,95,95,95,95],"relic_stats":{"counters":[24,142],"Black Blood":228,"MealTicket":71,"Whetstone":["Iron Wave","Twin Strike"],"obtain_stats":[{"Singing Bowl":0,"Vajra":0,"Oddly Smooth Stone":0,"Black Blood":17,"Whetstone":43,"Frozen Egg 2":0,"Bottled Tornado":31,"Burning Blood":0,"ClockworkSouvenir":0,"Mercury Hourglass":26,"Shovel":0,"MealTicket":9,"Bag of Marbles":12,"Champion Belt":0,"Paper Frog":0},{"Singing Bowl":0,"Vajra":0,"Oddly Smooth Stone":0,"Black Blood":7,"Whetstone":20,"Frozen Egg 2":0,"Bottled Tornado":15,"Burning Blood":0,"ClockworkSouvenir":0,"Mercury Hourglass":13,"Shovel":0,"MealTicket":3,"Bag of Marbles":5,"Champion Belt":0,"Paper Frog":0},{"Singing Bowl":0,"Vajra":0,"Oddly Smooth Stone":0,"Black Blood":34,"Whetstone":116,"Frozen Egg 2":0,"Bottled Tornado":78,"Burning Blood":0,"ClockworkSouvenir":0,"Mercury Hourglass":64,"Shovel":0,"MealTicket":13,"Bag of Marbles":23,"Champion Belt":0,"Paper Frog":0}],"Mercury Hourglass":[309]},"card_choices":[{"not_picked":["Dark Embrace+1","Sentinel","Havoc"],"picked":"SKIP","floor":1.0},{"not_picked":["Perfected Strike","Flame Barrier"],"picked":"Body Slam","floor":3.0},{"not_picked":["Combust+1","Bloodletting"],"picked":"Battle Trance","floor":4.0},{"not_picked":["Armaments","Body Slam"],"picked":"Iron Wave","floor":11.0},{"not_picked":["Clothesline","Body Slam"],"picked":"Shrug It Off","floor":12.0},{"not_picked":["Pummel","Havoc"],"picked":"Twin Strike","floor":13.0},{"not_picked":["Bludgeon","Reaper"],"picked":"Juggernaut+1","floor":16.0},{"not_picked":["Pommel Strike","Clothesline","Rampage"],"picked":"SKIP","floor":18.0},{"not_picked":["Anger","Flex+1","Iron Wave"],"picked":"SKIP","floor":19.0},{"not_picked":["Perfected Strike","Body Slam","Hemokinesis"],"picked":"SKIP","floor":21.0},{"not_picked":["Armaments+1","Flex"],"picked":"Shrug It Off","floor":22.0},{"not_picked":["Warcry","Cleave+1"],"picked":"Rampage+1","floor":24.0},{"not_picked":["Armaments","True Grit"],"picked":"Headbutt","floor":25.0},{"not_picked":["Rage+1","Reckless Charge"],"picked":"Seeing Red","floor":30.0},{"not_picked":["Second Wind","Exhume"],"picked":"Cleave","floor":31.0},{"not_picked":["Immolate","Juggernaut+1"],"picked":"Barricade+1","floor":33.0},{"not_picked":["Anger+1","Armaments+1","Intimidate+1"],"picked":"SKIP","floor":35.0},{"not_picked":["Cleave+1","Intimidate","Disarm"],"picked":"SKIP","floor":36.0},{"not_picked":["Thunderclap+1","Perfected Strike+1"],"picked":"Spot Weakness+1","floor":39.0},{"not_picked":["Cleave","True Grit","Wild Strike"],"picked":"SKIP","floor":41.0},{"not_picked":["Wild Strike","Iron Wave+1"],"picked":"Seeing Red+1","floor":44.0},{"not_picked":["Headbutt","Clothesline","Anger+1"],"picked":"SKIP","floor":45},{"not_picked":["Rupture+1","Sentinel","Searing Blow+1"],"picked":"SKIP","floor":48}],"player_experience":769046,"relics_obtained":[{"floor":9.0,"key":"MealTicket"},{"floor":12.0,"key":"Bag of Marbles"},{"floor":26.0,"key":"Mercury Hourglass"},{"floor":31.0,"key":"Bottled Tornado"},{"floor":43.0,"key":"Whetstone"}],"event_choices":[{"cards_removed":["Strike_R"],"damage_healed":0.0,"max_hp_gain":0.0,"max_hp_loss":0.0,"gold_gain":0.0,"event_name":"Wheel of Change","player_choice":"Card Removal","floor":2.0,"gold_loss":0.0,"damage_taken":0.0},{"damage_healed":0.0,"max_hp_gain":5.0,"max_hp_loss":0.0,"gold_gain":0.0,"event_name":"Big Fish","player_choice":"Donut","floor":14.0,"gold_loss":0.0,"damage_taken":0.0},{"damage_healed":0.0,"max_hp_gain":0.0,"max_hp_loss":0.0,"gold_gain":0.0,"event_name":"Back to Basics","player_choice":"Simplicity","floor":20.0,"gold_loss":0.0,"damage_taken":0.0,"cards_upgraded":["Strike_R","Strike_R","Strike_R","Defend_R","Defend_R","Defend_R","Defend_R"]},{"cards_removed":["Strike_R"],"damage_healed":0.0,"max_hp_gain":0.0,"max_hp_loss":0.0,"gold_gain":0.0,"event_name":"Beggar","player_choice":"Gave Gold","floor":27.0,"gold_loss":75.0,"damage_taken":0.0},{"damage_healed":0.0,"max_hp_gain":0.0,"max_hp_loss":0.0,"gold_gain":0.0,"event_name":"The Woman in Blue","player_choice":"Bought 0 Potions","floor":37.0,"gold_loss":0.0,"damage_taken":0.0},{"damage_healed":0.0,"max_hp_gain":0.0,"max_hp_loss":0.0,"gold_gain":0.0,"event_name":"Duplicator","player_choice":"Copied","floor":40.0,"gold_loss":0.0,"damage_taken":0.0,"cards_obtained":["Juggernaut"]}],"is_beta":false,"boss_relics":[{"not_picked":["SlaversCollar","Runic Dome"],"picked":"Black Blood"},{"not_picked":["Astrolabe","Runic Pyramid","Velvet Choker"]}],"items_purged_floors":[0,29],"is_endless":false,"potions_floor_spawned":[3,4,12,18,24,25,31,33,39,41,48],"killed_by":"Donu and Deca","ascension_level":0}}