{"host":"3jpwrwmmgyabjceh","time":1612205794,"event":{"mods":["AchievementEnabler","BaseMod","Colored Map","Colored Powertips","Highlight Path","Minty Spire (QoL Compilation)","Quick Restart","Relic Stats","StSLib","SuperFastMode"],"gold_per_floor":[119,135,60,60,80,111,111,140,140,155,169,181,181,207,207,303,303,323,98,110,120,45,72,84,127,139,151,174,197,209,221,233,341,353,380,492,516,539,566,609,621,647,659,671,694,736,798,820,832,844,856,868,250,276,276],"floor_reached":56,"language":"ENG","playtime":2156,"items_purged":["Strike_P","Defend_P"],"score":1737,"play_id":"fd628f8f-f508-4dd2-a103-a2cd20f287b3","local_time":"20210201215634","is_ascension_mode":true,"campfire_choices":[{"data":"WheelKick","floor":15.0,"key":"SMITH"},{"data":"SandsOfTime","floor":24.0,"key":"SMITH"},{"data":"Protect","floor":27.0,"key":"SMITH"},{"data":"Fasting2","floor":30.0,"key":"SMITH"},{"data":"SandsOfTime","floor":32.0,"key":"SMITH"},{"floor":41.0,"key":"RECALL"},{"data":"TalkToTheHand","floor":44.0,"key":"SMITH"},{"floor":49.0,"key":"REST"},{"data":"InnerPeace","floor":52.0,"key":"SMITH"}],"circlet_count":0,"master_deck":["Defend_P+1","Defend_P+1","Eruption+1","Vigilance+1","CutThroughFate","FlyingSleeves","SandsOfTime+1","Consecrate+1","Tantrum+1","WheelKick+1","FollowUp+1","CutThroughFate","Halt+1","LessonLearned","TalkToTheHand+1","InnerPeace+1","Protect+1","SandsOfTime+1","Fasting2+1","Vault+1","FearNoEvil+1","BowlingBash+1","FollowUp+1","TalkToTheHand+1","Vault","Protect+1","Wallop","WheelKick","Wallop+1"],"relics":["Cursed Key","Omamori","Kunai","Orichalcum","Meat on the Bone","Yang","Snecko Eye","Bronze Scales","MawBank","Nunchaku","Astrolabe","Smiling Mask","Question Card","Torii","Strange Spoon","Bottled Tornado","TungstenRod"],"acts_visited":["Exordium","TheCity","TheBeyond","TheEnding"],"potions_floor_usage":[55,55,55],"damage_taken":[{"damage":2.0,"enemies":"Jaw Worm","floor":1.0,"turns":4.0},{"damage":2.0,"enemies":"Small Slimes","floor":2.0,"turns":4.0},{"damage":0.0,"enemies":"Cultist","floor":5.0,"turns":2.0},{"damage":2.0,"enemies":"Gremlin Nob","floor":6.0,"turns":3.0},{"damage":11.0,"enemies":"Lagavulin","floor":8.0,"turns":5.0},{"damage":3.0,"enemies":"Looter","floor":10.0,"turns":2.0},{"damage":4.0,"enemies":"2 Fungi Beasts","floor":11.0,"turns":2.0},{"damage":12.0,"enemies":"Exordium Wildlife","floor":12.0,"turns":4.0},{"damage":10.0,"enemies":"Gremlin Nob","floor":14.0,"turns":3.0},{"damage":31.0,"enemies":"The Guardian","floor":16.0,"turns":7.0},{"damage":11.0,"enemies":"2 Thieves","floor":18.0,"turns":2.0},{"damage":2.0,"enemies":"3 Byrds","floor":20.0,"turns":2.0},{"damage":7.0,"enemies":"Sentry and Sphere","floor":21.0,"turns":3.0},{"damage":36.0,"enemies":"Slavers","floor":23.0,"turns":4.0},{"damage":0.0,"enemies":"Gremlin Leader","floor":25.0,"turns":3.0},{"damage":0.0,"enemies":"Snake Plant","floor":28.0,"turns":1.0},{"damage":2.0,"enemies":"Shelled Parasite and Fungi","floor":29.0,"turns":4.0},{"damage":1.0,"enemies":"Collector","floor":33.0,"turns":5.0},{"damage":12.0,"enemies":"3 Shapes","floor":35.0,"turns":4.0},{"damage":0.0,"enemies":"3 Darklings","floor":37.0,"turns":3.0},{"damage":0.0,"enemies":"Sphere and 2 Shapes","floor":38.0,"turns":3.0},{"damage":0.0,"enemies":"Transient","floor":39.0,"turns":6.0},{"damage":0.0,"enemies":"Nemesis","floor":40.0,"turns":4.0},{"damage":0.0,"enemies":"4 Shapes","floor":42.0,"turns":4.0},{"damage":0.0,"enemies":"Maw","floor":45.0,"turns":4.0},{"damage":0.0,"enemies":"Reptomancer","floor":46.0,"turns":4.0},{"damage":0.0,"enemies":"Mind Bloom Boss Battle","floor":47.0,"turns":2.0},{"damage":0.0,"enemies":"Spire Growth","floor":48.0,"turns":2.0},{"damage":1.0,"enemies":"Donu and Deca","floor":50.0,"turns":5.0},{"damage":0.0,"enemies":"Shield and Spear","floor":54.0,"turns":5.0},{"damage":49,"enemies":"The Heart","floor":55,"turns":8}],"seed_played":"-4522601532599587478","potions_obtained":[{"floor":6.0,"key":"EssenceOfSteel"},{"floor":8.0,"key":"StancePotion"},{"floor":11.0,"key":"Block Potion"},{"floor":14.0,"key":"PowerPotion"},{"floor":18.0,"key":"Regen Potion"},{"floor":23.0,"key":"Energy Potion"},{"floor":25.0,"key":"LiquidBronze"},{"floor":33.0,"key":"PowerPotion"}],"is_trial":false,"path_per_floor":["M","M","$","?","M","E","?","E","T","M","M","M","?","E","R","B",null,"M","$","M","M","?","E","R","E","T","R","M","M","R","?","R","B",null,"M","?","M","M","M","E","R","M","T","R","M","E","?","M","R","B",null,"R","$","E","B",null],"character_chosen":"WATCHER","items_purchased":["TalkToTheHand","Bronze Scales","Strange Spoon","Wallop","WheelKick","Bottled Tornado","GamblersBrew"],"campfire_rested":1,"item_purchase_floors":[19,19,53,53,53,53,53],"current_hp_per_floor":[63,61,61,43,43,41,41,30,30,39,47,47,47,37,37,18,59,48,48,46,39,39,15,15,27,27,27,39,37,37,24,24,35,67,55,55,55,55,55,55,55,55,55,55,55,55,55,55,77,76,77,77,77,77,40],"gold":276,"neow_bonus":"BOSS_RELIC","is_daily":false,"chose_seed":false,"campfire_upgraded":7,"win_rate":0.0,"timestamp":1612205794,"path_taken":["M","M","$","?","M","E","?","E","T","M","?","M","?","E","R","BOSS","M","$","M","M","?","E","R","E","T","R","M","M","R","?","R","BOSS","M","?","M","M","?","E","R","M","T","R","M","E","?","M","R","BOSS","R","$","E","BOSS"],"items_purchased_type":["Card","Relic","Relic","Card","Card","Relic","Potion"],"build_version":"2020-12-22","purchased_purges":2,"victory":true,"max_hp_per_floor":[72,72,72,72,72,72,72,72,72,72,72,72,72,72,72,72,72,72,72,72,72,72,72,72,72,72,72,72,72,72,77,77,77,77,77,77,77,77,77,77,77,77,77,77,77,77,77,77,77,77,77,77,77,77,77],"relic_stats":{"Torii":2,"counters":[31,114],"Astrolabe":["FearNoEvil","BowlingBash","FollowUp"],"Yang":[274],"Orichalcum":[96],"Cursed Key":2,"MawBank":360,"Smiling Mask":50,"Question Card":3,"Strange Spoon":[4],"Nunchaku":[20],"Bronze Scales":[180],"Snecko Eye":[171,158,158,138],"Kunai":[71],"obtain_stats":[{"Torii":47,"Astrolabe":34,"Yang":14,"Omamori":4,"Orichalcum":8,"Bottled Tornado":53,"Cursed Key":0,"MawBank":23,"Smiling Mask":40,"Question Card":46,"Strange Spoon":53,"Nunchaku":25,"Bronze Scales":19,"Snecko Eye":17,"Kunai":6,"PureWater":0,"TungstenRod":54,"Meat on the Bone":9},{"Torii":27,"Astrolabe":18,"Yang":9,"Omamori":2,"Orichalcum":5,"Bottled Tornado":29,"Cursed Key":0,"MawBank":14,"Smiling Mask":23,"Question Card":26,"Strange Spoon":29,"Nunchaku":15,"Bronze Scales":11,"Snecko Eye":10,"Kunai":4,"PureWater":0,"TungstenRod":30,"Meat on the Bone":5},{"Torii":94,"Astrolabe":60,"Yang":29,"Omamori":8,"Orichalcum":18,"Bottled Tornado":101,"Cursed Key":0,"MawBank":47,"Smiling Mask":80,"Question Card":92,"Strange Spoon":101,"Nunchaku":50,"Bronze Scales":38,"Snecko Eye":36,"Kunai":13,"PureWater":0,"TungstenRod":106,"Meat on the Bone":18}],"TungstenRod":4,"Meat on the Bone":108},"card_choices":[{"not_picked":["JustLucky","FlurryOfBlows"],"picked":"CutThroughFate","floor":1.0},{"not_picked":["DeceiveReality","InnerPeace"],"picked":"FlyingSleeves","floor":2.0},{"not_picked":["InnerPeace","Evaluate"],"picked":"SandsOfTime","floor":5.0},{"not_picked":["ReachHeaven","CarveReality"],"picked":"Consecrate","floor":6.0},{"not_picked":["FollowUp","Wish"],"picked":"Tantrum","floor":8.0},{"not_picked":["JustLucky","EmptyFist"],"picked":"WheelKick","floor":10.0},{"not_picked":["Sanctity","PathToVictory"],"picked":"FollowUp","floor":11.0},{"not_picked":["LikeWater","SashWhip"],"picked":"CutThroughFate","floor":12.0},{"not_picked":["Crescendo","FlyingSleeves"],"picked":"Halt","floor":14.0},{"not_picked":["Wish","SpiritShield"],"picked":"LessonLearned","floor":16.0},{"not_picked":["ClearTheMind","EmptyBody"],"picked":"JustLucky+1","floor":18.0},{"not_picked":["InnerPeace","CarveReality","FlyingSleeves+1"],"picked":"SKIP","floor":20.0},{"not_picked":["FollowUp+1","Collect","ClearTheMind"],"picked":"SKIP","floor":21.0},{"not_picked":["FearNoEvil","Vengeance"],"picked":"InnerPeace","floor":23.0},{"not_picked":["SignatureMove","InnerPeace"],"picked":"Protect","floor":25.0},{"not_picked":["JustLucky","FlurryOfBlows"],"picked":"SandsOfTime","floor":28.0},{"not_picked":["PathToVictory","Prostrate"],"picked":"Fasting2","floor":29.0},{"not_picked":["Establishment","Ragnarok"],"picked":"Vault","floor":33.0},{"not_picked":["Halt","Weave+1"],"picked":"TalkToTheHand","floor":35.0},{"not_picked":["Prostrate+1","Sanctity","ClearTheMind+1"],"picked":"SKIP","floor":37.0},{"not_picked":["ClearTheMind+1","SashWhip","Consecrate"],"picked":"SKIP","floor":38.0},{"not_picked":["ForeignInfluence","PathToVictory+1","CarveReality"],"picked":"SKIP","floor":39.0},{"not_picked":["ReachHeaven+1","Evaluate","Conclude"],"picked":"SKIP","floor":40.0},{"not_picked":["Evaluate+1","BowlingBash","ReachHeaven"],"picked":"SKIP","floor":42.0},{"not_picked":["ClearTheMind","Crescendo+1","EmptyFist"],"picked":"SKIP","floor":45.0},{"not_picked":["FlurryOfBlows","Evaluate+1","ReachHeaven"],"picked":"SKIP","floor":46.0},{"not_picked":["BowlingBash+1","Swivel","Adaptation+1"],"picked":"Vault","floor":47.0},{"not_picked":["Consecrate+1","Protect+1","FlurryOfBlows+1","EmptyBody"],"picked":"SKIP","floor":48.0},{"not_picked":["Consecrate+1","FlurryOfBlows+1","EmptyBody"],"picked":"Protect+1","floor":48.0},{"not_picked":["FollowUp+1","Ragnarok","EmptyBody+1"],"picked":"Wallop+1","floor":54.0}],"player_experience":317410,"relics_obtained":[{"floor":6.0,"key":"Kunai"},{"floor":8.0,"key":"Orichalcum"},{"floor":9.0,"key":"Meat on the Bone"},{"floor":14.0,"key":"Yang"},{"floor":23.0,"key":"MawBank"},{"floor":25.0,"key":"Nunchaku"},{"floor":40.0,"key":"Smiling Mask"},{"floor":46.0,"key":"Question Card"},{"floor":47.0,"key":"Torii"},{"floor":54.0,"key":"TungstenRod"}],"event_choices":[{"damage_healed":0.0,"max_hp_gain":0.0,"max_hp_loss":0.0,"gold_gain":0.0,"event_name":"Scrap Ooze","player_choice":"Success","floor":4.0,"gold_loss":0.0,"damage_taken":18.0,"relics_obtained":["Omamori"]},{"cards_removed":["Defend_P"],"damage_healed":0.0,"max_hp_gain":0.0,"max_hp_loss":0.0,"gold_gain":0.0,"event_name":"Purifier","player_choice":"Purged","floor":7.0,"gold_loss":0.0,"damage_taken":0.0},{"damage_healed":0.0,"max_hp_gain":0.0,"max_hp_loss":0.0,"gold_gain":0.0,"event_name":"Liars Game","player_choice":"Ignored","floor":13.0,"gold_loss":0.0,"damage_taken":0.0},{"cards_removed":["JustLucky"],"damage_healed":0.0,"max_hp_gain":0.0,"max_hp_loss":0.0,"gold_gain":0.0,"event_name":"Beggar","player_choice":"Gave Gold","floor":22.0,"gold_loss":75.0,"damage_taken":0.0},{"damage_healed":0.0,"max_hp_gain":5.0,"max_hp_loss":0.0,"gold_gain":0.0,"event_name":"Forgotten Altar","player_choice":"Shed Blood","floor":31.0,"gold_loss":0.0,"damage_taken":18.0},{"damage_healed":0.0,"max_hp_gain":0.0,"max_hp_loss":0.0,"gold_gain":100.0,"event_name":"Golden Shrine","player_choice":"Pray","floor":36.0,"gold_loss":0.0,"damage_taken":0.0},{"damage_healed":0.0,"max_hp_gain":0.0,"max_hp_loss":0.0,"gold_gain":0.0,"event_name":"MindBloom","player_choice":"Fight","floor":47.0,"gold_loss":0.0,"damage_taken":0.0}],"is_beta":false,"boss_relics":[{"not_picked":["Tiny House","SacredBark"],"picked":"Snecko Eye"},{"not_picked":["Philosopher\u0027s Stone","VioletLotus"],"picked":"Astrolabe"}],"items_purged_floors":[3,53],"is_endless":false,"potions_floor_spawned":[6,8,11,12,14,18,23,25,33,37,39,40,47],"ascension_level":7}}