{"host":"2q4w55ev63ot6isg","time":1612191656,"event":{"mods":["Aspiration","BaseMod","Downfall","Hubris","Marisa????????","Minty Spire (QoL Compilation)","Replay The Spire","StSLib","The Cursed","The Jungle","The Servant 0.9.4"],"gold_per_floor":[117,117,117,117,42,73,173,185,185,218,11,11,37,49,49,49,49],"floor_reached":16,"language":"ENG","playtime":682,"items_purged":["Strike_R"],"score":145,"play_id":"c5816d29-df98-478f-ab7a-b862d8628619","local_time":"20210201070056","is_ascension_mode":true,"campfire_choices":[{"floor":12,"key":"REST"}],"circlet_count":0,"master_deck":["Strike_R","Strike_R","Strike_R","Strike_R","Defend_R","Defend_R","Defend_R","Defend_R","Bash","hubris:StunningStrike","Clothesline","Eclipse","ReplayTheSpireMod:Splinters","Dropkick+1","Perfected Strike+1","Shrug It Off","Iron Wave+1","Master of Strategy","Master of Strategy+1","Whirlwind+1","Corruption","ReplayTheSpireMod:Stacked"],"relics":["Burning Blood","Molten Egg 2","Magic Flower","Blue Doll","Self Forming Clay","Pet Ghost","Potion Belt"],"acts_visited":["Exordium"],"potions_floor_usage":[10,16,16],"damage_taken":[{"damage":7,"enemies":"2 Louse","floor":1,"turns":3},{"damage":52,"enemies":"3 Sentries","floor":6,"turns":13},{"damage":5,"enemies":"Small Slimes","floor":8,"turns":2},{"damage":24,"enemies":"Lagavulin","floor":10,"turns":6},{"damage":11,"enemies":"Replay:BlueRogue","floor":13,"turns":5},{"damage":0,"enemies":"Jaw Worm","floor":14,"turns":4},{"damage":86,"enemies":"Fading Forest","floor":16,"turns":12}],"seed_played":"-2115668438277521146","potions_obtained":[{"floor":6,"key":"Swift Potion"},{"floor":8,"key":"CultistPotion"},{"floor":10,"key":"Reflective Coating"}],"is_trial":false,"path_per_floor":["M","?","?","?","$","E","?","M","T","E","$","R","E","M","R","B"],"character_chosen":"IRONCLAD","items_purchased":["Master of Strategy","Whirlwind+1"],"campfire_rested":1,"item_purchase_floors":[11,11],"current_hp_per_floor":[79,79,84,84,84,38,38,42,42,27,27,52,50,59,84,0,0],"gold":49,"neow_bonus":"ONE_RANDOM_RARE_CARD","is_daily":false,"chose_seed":false,"campfire_upgraded":0,"win_rate":0.0,"timestamp":1612191656,"path_taken":["M","?","?","?","$","E","?","M","T","E","$","R","E","M","R","BOSS"],"items_purchased_type":["Card","Card"],"build_version":"2020-12-22","purchased_purges":1,"victory":false,"max_hp_per_floor":[80,80,85,85,85,85,85,85,85,85,85,85,85,85,85,85,85],"card_choices":[{"not_picked":["Headbutt","hubris:ReadiedAction"],"picked":"Clothesline","floor":1},{"not_picked":["Demonic Infusion","Armaments"],"picked":"Eclipse","floor":6},{"not_picked":["Headbutt+1","Shrug It Off"],"picked":"Dropkick+1","floor":7},{"not_picked":["Power Through","Spot Weakness"],"picked":"Perfected Strike+1","floor":7},{"not_picked":["Sentinel","Dual Wield"],"picked":"Shrug It Off","floor":8},{"not_picked":["Twin Strike+1","ReplayTheSpireMod:Muscle Training"],"picked":"Iron Wave+1","floor":10},{"not_picked":["Whirlwind+1","Massacre+1"],"picked":"Corruption","floor":13},{"not_picked":["Havoc","Life Link"],"picked":"ReplayTheSpireMod:Stacked","floor":14}],"player_experience":192963,"relics_obtained":[{"floor":6,"key":"Magic Flower"},{"floor":7,"key":"Blue Doll"},{"floor":9,"key":"Self Forming Clay"},{"floor":10,"key":"Pet Ghost"},{"floor":13,"key":"Potion Belt"}],"event_choices":[{"damage_healed":0,"gold_gain":0,"player_choice":"Donut","damage_taken":0,"max_hp_gain":5,"max_hp_loss":0,"event_name":"Big Fish","floor":3,"gold_loss":0},{"cards_removed":["Injury"],"damage_healed":0,"gold_gain":0,"player_choice":"Forget","damage_taken":0,"max_hp_gain":0,"max_hp_loss":0,"event_name":"Living Wall","floor":4,"gold_loss":0}],"is_beta":false,"boss_relics":[],"items_purged_floors":[5],"is_endless":false,"potions_floor_spawned":[6,8,10],"killed_by":"Fading Forest","ascension_level":5}}