{"host":"j1qceugmsvfpp1ru","time":1612172503,"event":{"mods":["2.2 Compatiblity","AchievementEnabler","Act Like it!","BaseMod","Bestiary","Better Altar","Better Third Choice","Block Reminder","Colored Map","Conspire","Downfall","Elementarium","Highlight Path","Hubris","Infinite Spire","Marked Mod","Menagerie","Minty Spire (QoL Compilation)","Replay The Spire","Retaliation","Shade Mod","Spicy Shops","StSLib","The Animator","Waifu the Spire"],"gold_per_floor":[99,113,23,34,47,47,72,72,98,110,13,13,13,113,123,123,123,123],"floor_reached":16,"language":"ENG","playtime":1246,"items_purged":[],"score":100,"play_id":"c0dd9f96-3e1e-4c93-badb-6e596bde6f42","local_time":"20210201184143","is_ascension_mode":false,"campfire_choices":[{"data":"bronze:Replicate","floor":1,"key":"SMITH"},{"data":"bronze:RecursiveStrike","floor":8,"key":"SMITH"}],"circlet_count":0,"master_deck":["bronze:Strike","bronze:Strike","bronze:Strike","bronze:Strike","bronze:Defend","bronze:Defend","bronze:Defend","bronze:Defend","bronze:Replicate+1","bronze:Goto","bronze:WhirlingStrike","bronze:Branch","bronze:Flail","bronze:Shell","bronze:RecursiveStrike+1","bronze:CloningBeam","bronze:Overheat","bronze:Boost","bronze:Boost","bronze:DelayedSlice"],"relics":["bronze:BronzeCore","Blood Vial","Strawberry","hubris:SlimyHat","Oddly Smooth Stone"],"acts_visited":["Exordium"],"potions_floor_usage":[16,16],"damage_taken":[{"damage":0,"enemies":"Cultist","floor":2,"turns":4},{"damage":0,"enemies":"downfall:FleeingMerchant","floor":3,"turns":4},{"damage":0,"enemies":"2 Louse","floor":4,"turns":2},{"damage":0,"enemies":"Jaw Worm","floor":5,"turns":3},{"damage":10,"enemies":"Replay:BlueRogue","floor":9,"turns":3},{"damage":0,"enemies":"Red Slaver","floor":10,"turns":2},{"damage":7,"enemies":"downfall:FleeingMerchant","floor":11,"turns":4},{"damage":3,"enemies":"2 Fungi Beasts","floor":15,"turns":3},{"damage":72,"enemies":"SI_SHIV_ARCHETYPE","floor":16,"turns":10}],"seed_played":"6014031086532211252","potions_obtained":[{"floor":5,"key":"EssenceOfSteel"},{"floor":15,"key":"Venom Potion"}],"is_trial":false,"path_per_floor":["R","M","$","M","M","T","T","R","E","M","$","?","?","?","M","B"],"character_chosen":"THE_AUTOMATON","items_purchased":["bronze:Flail","bronze:Boost"],"campfire_rested":0,"item_purchase_floors":[3,11],"current_hp_per_floor":[77,77,77,77,77,77,84,84,74,76,71,71,71,71,70,0,0,0],"gold":123,"neow_bonus":"TEN_PERCENT_HP_BONUS","is_daily":false,"chose_seed":false,"campfire_upgraded":2,"win_rate":0.0,"timestamp":1612172503,"path_taken":["R","M","$","M","M","?","T","R","E","M","$","?","?","?","M","BOSS"],"items_purchased_type":["Card","Card"],"build_version":"2020-12-22","purchased_purges":0,"victory":false,"max_hp_per_floor":[77,77,77,77,77,77,84,84,84,84,84,84,84,84,84,84,84,84],"card_choices":[{"not_picked":["bronze:BugBarrage","bronze:Turbo"],"picked":"bronze:WhirlingStrike","floor":2},{"not_picked":["bronze:DelayedGuard","bronze:Turbo"],"picked":"bronze:Branch","floor":3},{"not_picked":["bronze:BitShift","bronze:Deprecate"],"picked":"bronze:Shell","floor":4},{"not_picked":["bronze:Frontload","bronze:BronzeArmor"],"picked":"bronze:RecursiveStrike","floor":5},{"not_picked":["bronze:Flail","bronze:BugBarrage"],"picked":"bronze:CloningBeam","floor":9},{"not_picked":["bronze:Invalidate","bronze:DelayedGuard"],"picked":"bronze:Overheat","floor":10},{"not_picked":["bronze:Iterate","bronze:ItsAFeature"],"picked":"bronze:Boost","floor":11},{"not_picked":["bronze:Allocate","bronze:ItsAFeature"],"picked":"bronze:DelayedSlice","floor":15}],"player_experience":407134,"relics_obtained":[{"floor":6,"key":"Blood Vial"},{"floor":7,"key":"Strawberry"},{"floor":9,"key":"hubris:SlimyHat"},{"floor":13,"key":"Oddly Smooth Stone"}],"event_choices":[{"damage_healed":0,"gold_gain":0,"player_choice":"Disagree","damage_taken":0,"max_hp_gain":0,"max_hp_loss":0,"event_name":"conspire:LoneGhost","floor":12,"gold_loss":0}],"is_beta":false,"boss_relics":[],"items_purged_floors":[],"is_endless":false,"potions_floor_spawned":[5,15],"killed_by":"SI_SHIV_ARCHETYPE","ascension_level":0}}