{"host":"erjc6dqs793djrmy","time":1612206333,"event":{"mods":["BaseMod","Minty Spire (QoL Compilation)","StSLib","The Animator"],"gold_per_floor":[22,22,45,65,79,114,114,114,114],"floor_reached":8,"language":"ENG","playtime":1241,"items_purged":[],"score":90,"play_id":"bb4a0091-ad8a-4b20-a363-f739228ba6c7","local_time":"20210201140533","is_ascension_mode":true,"campfire_choices":[{"floor":7,"key":"REST"}],"circlet_count":0,"master_deck":["AscendersBane","animator:Strike_Konosuba","animator:Defend_Konosuba","animator:Strike","animator:Strike","animator:Strike","animator:Defend","animator:Defend","animator:Defend","animator:Aqua","animator:HarukoHaruhara","animator:MumenRider","animator:Kazuma","animator:PandorasActor","animator:Megumin+2","animator:Genos"],"relics":["animator:LivingPicture","animator:TheMissingPiece","Nunchaku","White Beast Statue"],"acts_visited":["Exordium"],"potions_floor_usage":[6,6],"damage_taken":[{"damage":29,"enemies":"Cultist","floor":1,"turns":8},{"damage":9,"enemies":"Jaw Worm","floor":3,"turns":6},{"damage":3,"enemies":"2 Louse","floor":4,"turns":3},{"damage":7,"enemies":"2 Fungi Beasts","floor":5,"turns":5},{"damage":34,"enemies":"3 Sentries","floor":6,"turns":18},{"damage":33,"enemies":"Lagavulin","floor":8,"turns":5}],"seed_played":"-1102676740058464370","potions_obtained":[{"floor":4,"key":"Regen Potion"},{"floor":5,"key":"Block Potion"},{"floor":6,"key":"Explosive Potion"}],"is_trial":false,"path_per_floor":["M","?","M","M","M","E","R","E"],"character_chosen":"THE_ANIMATOR","items_purchased":[],"campfire_rested":1,"item_purchase_floors":[],"current_hp_per_floor":[32,32,25,24,20,4,24,0,0],"gold":114,"neow_bonus":"RANDOM_COLORLESS_2","is_daily":false,"chose_seed":false,"campfire_upgraded":0,"win_rate":0.0,"timestamp":1612206333,"path_taken":["M","?","?","M","M","E","R","E"],"items_purchased_type":[],"build_version":"2020-12-22","purchased_purges":0,"victory":false,"max_hp_per_floor":[66,66,66,66,67,68,68,68,68],"card_choices":[{"not_picked":["animator:Kira","animator:KotoriKanbe"],"picked":"animator:HarukoHaruhara","floor":0},{"not_picked":["animator:SuzuneAmano","animator:Melzalgald"],"picked":"animator:MumenRider","floor":1},{"not_picked":["animator:YuiTsuruno","animator:SuzuneAmano"],"picked":"animator:Kazuma","floor":3},{"not_picked":["animator:Spearman","animator:Azekura"],"picked":"animator:PandorasActor","floor":4},{"not_picked":["animator:Darkness","animator:Verdia"],"picked":"animator:Megumin","floor":5},{"not_picked":["animator:Shichika","animator:TukaLunaMarceau"],"picked":"animator:Genos","floor":6}],"player_experience":353010,"relics_obtained":[{"floor":6,"key":"White Beast Statue"}],"event_choices":[{"cards_removed":["animator:Kazuma"],"damage_healed":0,"gold_gain":0,"player_choice":"Gave Card","damage_taken":0,"relics_obtained":["Nunchaku"],"max_hp_gain":0,"max_hp_loss":0,"event_name":"WeMeetAgain","floor":2,"gold_loss":0}],"is_beta":false,"boss_relics":[],"items_purged_floors":[],"is_endless":false,"potions_floor_spawned":[4,5,6],"killed_by":"Lagavulin","ascension_level":11}}