{"host":"y7b1p9nkx4idorr2","time":1612187290,"event":{"mods":["AchievementEnabler","Act Like it!","BaseMod","Colored Map","Downfall","GifTheSpireLib","Googly Eyes","Highlight Path","Mimic Mod","Minty Spire (QoL Compilation)","Shop Mod","Spicy Shops","StSLib","Unceasing Turn Reminder"],"gold_per_floor":[99,114,0,13,0,0,72,72,105,123,138,238,38,23,40,40,40,40],"floor_reached":16,"language":"ENG","playtime":636,"items_purged":[],"score":105,"play_id":"498a7299-45f8-46ae-a1d2-cbcf0341ce8a","local_time":"20210201074810","is_ascension_mode":true,"campfire_choices":[{"data":"champ:TripleStrike","floor":1,"key":"SMITH"},{"data":"champ:RageSigil","floor":8,"key":"SMITH"},{"floor":13,"key":"REST"}],"circlet_count":0,"master_deck":["champ:Strike","champ:Strike","champ:Strike","champ:Strike","champ:Defend","champ:Defend","champ:Defend","champ:Execute","champ:Taunt","champ:TripleStrike+1","champ:PreciseThrust","champ:BerserkersShout","champ:RageSigil+1","champ:FanOfKnives","champ:AdrenalArmor","champ:FaceSlap","champ:EnragedBash","champ:SwordSigil","champ:Backstep","champ:SwordSigil","champ:ShieldSigil"],"relics":["champ:ChampionCrown","Akabeko","Champion Belt","downfall:HeartBlessingGreen","downfall:HeartBlessingBlue"],"acts_visited":["Exordium"],"potions_floor_usage":[5,12],"damage_taken":[{"damage":0,"enemies":"Cultist","floor":2,"turns":2},{"damage":40,"enemies":"downfall:FleeingMerchant","floor":3,"turns":4},{"damage":15,"enemies":"Small Slimes","floor":4,"turns":2},{"damage":60,"enemies":"downfall:FleeingMerchant","floor":5,"turns":4},{"damage":96,"enemies":"Lagavulin","floor":9,"turns":5},{"damage":25,"enemies":"Jaw Worm","floor":10,"turns":2},{"damage":15,"enemies":"Exordium Wildlife","floor":11,"turns":2},{"damage":14,"enemies":"Exordium Wildlife","floor":12,"turns":2},{"damage":58,"enemies":"downfall:FleeingMerchant","floor":14,"turns":4},{"damage":21,"enemies":"Blue Slaver","floor":15,"turns":3},{"damage":49,"enemies":"SI_SHIV_ARCHETYPE","floor":16,"turns":4}],"seed_played":"-2583806785457269697","potions_obtained":[{"floor":2,"key":"champ:CounterPotion"},{"floor":4,"key":"Explosive Potion"},{"floor":10,"key":"PowerPotion"},{"floor":11,"key":"Explosive Potion"}],"is_trial":false,"path_per_floor":["R","M","$","M","$","?","T","R","E","M","M","?","R","$","M","B"],"character_chosen":"THE_CHAMP","items_purchased":["champ:RageSigil"],"campfire_rested":1,"item_purchase_floors":[3],"current_hp_per_floor":[90,90,80,80,70,70,70,70,33,33,33,19,59,54,48,0,0,0],"gold":40,"neow_bonus":"ONE_RANDOM_RARE_CARD","is_daily":false,"chose_seed":false,"campfire_upgraded":2,"win_rate":0.0,"timestamp":1612187290,"path_taken":["R","M","$","?","$","?","T","R","E","M","M","?","R","?","M","BOSS"],"items_purchased_type":["Card"],"build_version":"2020-12-22","purchased_purges":0,"victory":false,"max_hp_per_floor":[90,90,90,90,90,90,90,90,90,90,90,90,100,100,100,100,100,100],"card_choices":[{"not_picked":["champ:FanOfKnives","champ:Shatter"],"picked":"champ:PreciseThrust","floor":2},{"not_picked":["champ:EndlessRage","champ:RecklessLeap"],"picked":"champ:BerserkersShout","floor":3},{"not_picked":["champ:ViciousMockery","champ:CrownThrow"],"picked":"champ:FanOfKnives","floor":4},{"not_picked":["champ:FocusedBerserking","champ:FlashCut"],"picked":"champ:AdrenalArmor","floor":5},{"not_picked":["champ:CrownThrow","champ:Shatter"],"picked":"champ:FaceSlap","floor":9},{"not_picked":["champ:Circumvent","champ:FanOfKnives"],"picked":"champ:EnragedBash","floor":10},{"not_picked":["champ:CrownThrow","champ:SetATrap"],"picked":"champ:SwordSigil","floor":11},{"not_picked":["champ:CrownThrow","champ:Encircle"],"picked":"champ:Backstep","floor":12},{"not_picked":["champ:Haymaker","champ:GladiatorStyle"],"picked":"champ:SwordSigil","floor":14},{"not_picked":["champ:DeathBlow","champ:Lariat"],"picked":"champ:ShieldSigil","floor":15}],"player_experience":2255430,"relics_obtained":[{"floor":9,"key":"Akabeko"},{"floor":12,"key":"Champion Belt"}],"event_choices":[{"cards_removed":["champ:Defend"],"damage_healed":0,"gold_gain":0,"player_choice":"Card Removal","damage_taken":0,"max_hp_gain":0,"max_hp_loss":0,"event_name":"The Cleric","floor":6,"gold_loss":0}],"is_beta":false,"boss_relics":[],"items_purged_floors":[],"is_endless":false,"potions_floor_spawned":[2,4,10,11],"killed_by":"SI_SHIV_ARCHETYPE","ascension_level":1}}