{"host":"rqs2099buorjjoja","time":1612152466,"event":{"mods":["AchievementEnabler","BaseMod","Beaked The Cultist","Colored Powertips","Downfall","Hubris","Infinite Spire","Minty Spire (QoL Compilation)","Quick Restart","Replay The Spire","StSLib"],"gold_per_floor":[99,117,117,127,147,47,96,81,81,95,95,95,113,113,126,227,227,127,140,140,340,340,355,355,355,355,84,84,84,96,111,127,226,276,276,287,287,287,299,299,299,349,369,382,382,350,350,370,388,388,388,388],"floor_reached":50,"language":"ENG","playtime":3677,"items_purged":[],"score":509,"play_id":"4daa33d4-4bf0-464d-b516-37b48b6d6196","local_time":"20210131230746","is_ascension_mode":false,"campfire_choices":[{"floor":1,"key":"RECALL"},{"data":"Backstab","floor":9,"key":"SMITH"},{"data":"sneckomod:Unknown","floor":12,"key":"SMITH"},{"data":"sneckomod:SoulRoll","floor":26,"key":"SMITH"},{"data":"hubris:DuctTapeCard","floor":28,"key":"SMITH"},{"data":"sneckomod:UnknownRareAttack","floor":35,"key":"SMITH"},{"data":"sneckomod:QuickBite","floor":40,"key":"SMITH"},{"data":"Transmutation","floor":47,"key":"SMITH"}],"circlet_count":0,"master_deck":["sneckomod:Strike","sneckomod:Strike","sneckomod:Strike","sneckomod:Defend","sneckomod:Defend","sneckomod:Defend","sneckomod:TailWhip","sneckomod:SnekBite+1","sneckomod:Unknown+1","sneckomod:ImprovisedAttack+1","sneckomod:SoulDraw","sneckomod:UnknownBlock","sneckomod:Nope","sneckomod:SlitherStrike","sneckomod:SoulRoll+1","sneckomod:Restock","sneckomod:ImprovisedAttack+1","sneckomod:IronFang","sneckomod:SoulCleanse","hubris:DuctTapeCard+2","sneckomod:QuickBite","sneckomod:Unknown1Cost","sneckomod:QuickBite+1","sneckomod:UnknownRareAttack+1","sneckomod:UnknownBlock","sneckomod:UnknownClassGREEN+1","hubris:Rewind","expansioncontent:PolyBeam","expansioncontent:PrepareCrush","expansioncontent:PrepareCrush","sneckomod:UnknownUncommonSkill","sneckomod:SnekBeam","sneckomod:DiceBoulder","sneckomod:SoulRoll+1","sneckomod:TrashToTreasure","Transmutation+1","sneckomod:UnknownClassRED+1","sneckomod:Nope+1"],"relics":["sneckomod:SneckoSoul","downfall:HeartBlessingRed","Coffee Dripper","downfall:HeartBlessingBlue","Enchiridion","Juzu Bracelet","Letter Opener","MutagenicStrength","hubris:DuctTape","Tiny House","Garlic","hubris:Backtick","Torii","Nunchaku","hubris:64BitClover","Ring of Fangs","Membership Card","Sundial"],"acts_visited":["Exordium","TheCity","TheBeyond"],"potions_floor_usage":[8,13,16,16,16,27,33,33,33,39,39,39,48,50],"damage_taken":[{"damage":0,"enemies":"Small Slimes","floor":2,"turns":3},{"damage":0,"enemies":"Cultist","floor":4,"turns":3},{"damage":0,"enemies":"2 Louse","floor":5,"turns":2},{"damage":0,"enemies":"downfall:FleeingMerchant","floor":8,"turns":4},{"damage":0,"enemies":"Blue Slaver","floor":10,"turns":3},{"damage":0,"enemies":"Gremlin Gang","floor":13,"turns":1},{"damage":0,"enemies":"3 Louse","floor":15,"turns":2},{"damage":10,"enemies":"IC_STATUS_ARCHETYPE","floor":16,"turns":7},{"damage":0,"enemies":"Chosen","floor":19,"turns":3},{"damage":0,"enemies":"Centurion and Healer","floor":23,"turns":2},{"damage":8,"enemies":"downfall:FleeingMerchant","floor":27,"turns":5},{"damage":16,"enemies":"Shelled Parasite and Fungi","floor":30,"turns":4},{"damage":0,"enemies":"Snecko","floor":31,"turns":2},{"damage":0,"enemies":"Snake Plant","floor":32,"turns":2},{"damage":45,"enemies":"SI_MIRROR_ARCHETYPE","floor":33,"turns":9},{"damage":5,"enemies":"Orb Walker","floor":36,"turns":2},{"damage":0,"enemies":"3 Darklings","floor":39,"turns":3},{"damage":12,"enemies":"3 Darklings","floor":42,"turns":4},{"damage":1,"enemies":"Maw","floor":43,"turns":4},{"damage":18,"enemies":"Writhing Mass","floor":44,"turns":4},{"damage":0,"enemies":"downfall:FleeingMerchant","floor":46,"turns":1},{"damage":1,"enemies":"Spire Growth","floor":48,"turns":4},{"damage":9,"enemies":"4 Shapes","floor":49,"turns":3},{"damage":77,"enemies":"WA_ARCHETYPE_DIVINITY","floor":50,"turns":3}],"seed_played":"4277269611497802082","potions_obtained":[{"floor":2,"key":"DuplicationPotion"},{"floor":3,"key":"SneckoOil"},{"floor":3,"key":"Dexterity Potion"},{"floor":10,"key":"Explosive Potion"},{"floor":13,"key":"Dexterity Potion"},{"floor":16,"key":"hexamod:SoulburnPotion"},{"floor":19,"key":"SteroidPotion"},{"floor":22,"key":"CultistPotion"},{"floor":31,"key":"Strength Potion"},{"floor":32,"key":"sneckomod:DiceRollPotion"},{"floor":34,"key":"champ:CounterPotion"},{"floor":36,"key":"Regen Potion"},{"floor":43,"key":"LifebloodPotion"},{"floor":44,"key":"Swift Potion"}],"is_trial":false,"path_per_floor":["R","M","?","M","M","R","T","$","R","M","?","R","M","?","M","B",null,"R","M","AVR","?","?","M","T","?","R","$","R","?","M","M","M","B",null,"R","M","AVR","?","M","R","T","?","M","M","?","$","R","M","M","B"],"character_chosen":"THE_SNECKO","items_purchased":["hubris:DuctTape","Membership Card","Sundial","Transmutation"],"campfire_rested":0,"item_purchase_floors":[27,46,46,46],"current_hp_per_floor":[99,99,99,99,99,99,99,99,99,99,102,102,102,102,102,92,102,96,96,96,96,96,96,96,96,96,88,88,88,72,72,72,27,117,117,112,112,102,111,111,111,99,98,80,80,80,80,79,70,0,0,0],"gold":388,"neow_bonus":"TEN_PERCENT_HP_BONUS","is_daily":false,"chose_seed":false,"campfire_upgraded":7,"win_rate":0.0,"timestamp":1612152466,"path_taken":["R","M","?","M","M","R","T","?","R","M","?","R","M","?","M","BOSS","R","M","AVR","?","?","M","T","?","R","?","R","?","M","M","M","BOSS","R","M","AVR","?","M","R","T","?","M","M","?","$","R","M","M","BOSS"],"items_purchased_type":["Relic","Relic","Relic","Card"],"build_version":"2020-12-22","purchased_purges":0,"victory":false,"max_hp_per_floor":[99,99,99,99,99,99,99,99,99,99,102,102,102,102,102,102,102,112,112,112,112,112,112,112,112,112,112,112,112,112,112,112,112,117,117,117,117,117,117,117,117,117,117,117,117,117,117,117,117,117,117,117],"card_choices":[{"not_picked":["sneckomod:QuickBite","sneckomod:Unknown1Cost"],"picked":"sneckomod:ImprovisedAttack","floor":2},{"not_picked":["sneckomod:UnknownExhaust","sneckomod:SoulCleanse"],"picked":"sneckomod:SoulDraw","floor":4},{"not_picked":["sneckomod:QuickBite","sneckomod:ImprovisedAttack"],"picked":"sneckomod:UnknownBlock","floor":5},{"not_picked":["sneckomod:UnknownCommonSkill","sneckomod:DiceBlock"],"picked":"sneckomod:ImprovisedGuard","floor":8},{"not_picked":["sneckomod:SoulExchange","sneckomod:SoulDraw"],"picked":"sneckomod:Nope","floor":10},{"not_picked":["sneckomod:IronFang","sneckomod:Nope"],"picked":"sneckomod:SlitherStrike","floor":13},{"not_picked":["sneckomod:RainOfDice","sneckomod:UnknownCommonSkill"],"picked":"sneckomod:SoulRoll","floor":15},{"not_picked":["sneckomod:UnknownRareAttack","sneckomod:UnknownBoss"],"picked":"sneckomod:Restock","floor":16},{"not_picked":["sneckomod:UnknownClassHEXA_GHOST_PURPLE","sneckomod:Unknown1Cost+1"],"picked":"sneckomod:ImprovisedAttack+1","floor":19},{"not_picked":["sneckomod:UnknownCommonSkill","sneckomod:Unknown1Cost"],"picked":"sneckomod:IronFang","floor":23},{"not_picked":["sneckomod:UnknownClassHEXA_GHOST_PURPLE","sneckomod:Unknown3Cost"],"picked":"sneckomod:SoulCleanse","floor":27},{"not_picked":["sneckomod:DiceBlock","sneckomod:UnknownUncommonAttack"],"picked":"sneckomod:QuickBite","floor":30},{"not_picked":["sneckomod:QuickBite","sneckomod:Unknown2Cost"],"picked":"sneckomod:Unknown1Cost","floor":31},{"not_picked":["sneckomod:UnendingSupply","sneckomod:SoulRoll"],"picked":"sneckomod:QuickBite","floor":32},{"not_picked":["sneckomod:SerpentMind","sneckomod:Restock"],"picked":"sneckomod:UnknownRareAttack","floor":33},{"not_picked":["sneckomod:Nope","sneckomod:ImprovisedGuard"],"picked":"sneckomod:UnknownBlock","floor":34},{"not_picked":["sneckomod:Unknown1Cost","sneckomod:UnknownCommonAttack"],"picked":"sneckomod:UnknownClassGREEN+1","floor":36},{"not_picked":["Replay:SS_forest_2","expansioncontent:AwakenDeath"],"picked":"expansioncontent:PolyBeam","floor":38},{"not_picked":["expansioncontent:YouAreMine","expansioncontent:HyperBeam"],"picked":"expansioncontent:PrepareCrush","floor":38},{"not_picked":["expansioncontent:LastStand","expansioncontent:YouAreMine"],"picked":"expansioncontent:PrepareCrush","floor":38},{"not_picked":["sneckomod:UnknownCommonSkill","sneckomod:UnknownUncommonAttack"],"picked":"sneckomod:UnknownUncommonSkill","floor":39},{"not_picked":["sneckomod:UnknownWeak+1","sneckomod:Unknown2Cost+1"],"picked":"sneckomod:SnekBeam","floor":42},{"not_picked":["sneckomod:IronFang","sneckomod:UnknownClassRED+1"],"picked":"sneckomod:DiceBoulder","floor":43},{"not_picked":["sneckomod:Unknown0Cost+1","sneckomod:UnknownClassGREEN+1"],"picked":"sneckomod:SoulRoll+1","floor":44},{"not_picked":["sneckomod:UnknownUncommonPower","sneckomod:Nope"],"picked":"sneckomod:TrashToTreasure","floor":46},{"not_picked":["sneckomod:IronFang","sneckomod:ImprovisedGuard"],"picked":"sneckomod:UnknownClassRED+1","floor":48},{"not_picked":["sneckomod:UnknownClassHEXA_GHOST_PURPLE","sneckomod:QuickBite"],"picked":"sneckomod:Nope+1","floor":49}],"player_experience":177067,"relics_obtained":[{"floor":18,"key":"Enchiridion"},{"floor":24,"key":"Letter Opener"},{"floor":41,"key":"Nunchaku"},{"floor":42,"key":"hubris:64BitClover"},{"floor":45,"key":"Ring of Fangs"}],"event_choices":[{"damage_healed":0,"gold_gain":0,"player_choice":"Got Potions","damage_taken":0,"max_hp_gain":0,"max_hp_loss":0,"event_name":"Lab","floor":3,"gold_loss":0},{"damage_healed":0,"gold_gain":0,"player_choice":"Inject Mutagens","damage_taken":0,"relics_obtained":["MutagenicStrength"],"max_hp_gain":0,"max_hp_loss":0,"event_name":"Drug Dealer","floor":25,"gold_loss":0}],"is_beta":false,"boss_relics":[{"not_picked":["Replay:Wanted Poster","sneckomod:SuperSneckoSoul"],"picked":"Coffee Dripper"},{"not_picked":["Cursed Key","hubris:GrandSneckoEye"],"picked":"Tiny House"}],"items_purged_floors":[],"is_endless":false,"potions_floor_spawned":[2,10,13,16,19,31,32,36,43,44],"killed_by":"WA_ARCHETYPE_DIVINITY","ascension_level":0}}