{"host":"2x189hkb4impm2gi","time":1612206721,"event":{"mods":["BaseMod","Colored Map","Colored Powertips","Minty Spire (QoL Compilation)"],"gold_per_floor":[118,138,413,432,444,469,482,90,90,90,116,16,50,77,77,174,174,190,200,200,215,215,215,250,263,263,290,14,43,43,63,63,164,164,181,196,206,216,231,258,258,278,278,309,322,352,402,421,421,421],"floor_reached":51,"language":"ENG","playtime":5635,"items_purged":["Regret","Regret","Crippling Poison"],"score":996,"play_id":"3bc8a44a-9d0d-4b7f-b42c-9e0514afac46","local_time":"20210201141201","is_ascension_mode":false,"campfire_choices":[{"floor":15,"key":"REST"},{"data":"Reflex","floor":23,"key":"SMITH"},{"data":"Infinite Blades","floor":32,"key":"SMITH"},{"data":"1","floor":49,"key":"LIFT"}],"circlet_count":0,"master_deck":["Strike_G+1","Strike_G+1","Defend_G+1","Defend_G+1","Defend_G+1","Defend_G+1","Defend_G+1","Survivor","Neutralize","Slice+1","Eviscerate+1","Escape Plan+1","Prepared+1","Backflip","Reflex+1","Dagger Throw","All Out Attack","Escape Plan+1","Panache","Underhanded Strike+1","Tactician","Tools of the Trade+1","Leg Sweep+1","Quick Slash+1","Underhanded Strike+1","Infinite Blades+1","Masterful Stab+1","Acrobatics","Slice+1","Night Terror","CurseOfTheBell","Prepared","Dash+1","Reflex+1","Eviscerate+1","Prepared+1","The Bomb","Parasite","Underhanded Strike+1","Underhanded Strike+1"],"relics":["Astrolabe","Juzu Bracelet","Vajra","Molten Egg 2","Kunai","Mummified Hand","Pen Nib","PreservedInsect","Runic Pyramid","War Paint","Sundial","Nunchaku","Lantern","Boot","Orichalcum","Calling Bell","Ancient Tea Set","Frozen Egg 2","TungstenRod","Bird Faced Urn","Toxic Egg 2","HornCleat","Calipers","Girya"],"acts_visited":["Exordium","TheCity","TheBeyond"],"potions_floor_usage":[6,6,11,25,27,33,33,38,38,38,39,42,50],"damage_taken":[{"damage":0,"enemies":"Jaw Worm","floor":1,"turns":3},{"damage":0,"enemies":"Cultist","floor":2,"turns":3},{"damage":5,"enemies":"2 Louse","floor":4,"turns":3},{"damage":3,"enemies":"Exordium Wildlife","floor":5,"turns":4},{"damage":14,"enemies":"Gremlin Nob","floor":6,"turns":3},{"damage":0,"enemies":"Blue Slaver","floor":7,"turns":3},{"damage":13,"enemies":"Lagavulin","floor":11,"turns":5},{"damage":0,"enemies":"Gremlin Nob","floor":13,"turns":3},{"damage":13,"enemies":"Hexaghost","floor":16,"turns":8},{"damage":0,"enemies":"Spheric Guardian","floor":18,"turns":2},{"damage":0,"enemies":"2 Thieves","floor":19,"turns":3},{"damage":0,"enemies":"Snecko","floor":21,"turns":3},{"damage":0,"enemies":"Gremlin Leader","floor":24,"turns":4},{"damage":0,"enemies":"Snake Plant","floor":25,"turns":2},{"damage":12,"enemies":"Slavers","floor":27,"turns":2},{"damage":11,"enemies":"Gremlin Leader","floor":29,"turns":4},{"damage":0,"enemies":"3 Cultists","floor":31,"turns":4},{"damage":0,"enemies":"Automaton","floor":33,"turns":5},{"damage":0,"enemies":"3 Darklings","floor":35,"turns":5},{"damage":4,"enemies":"Orb Walker","floor":36,"turns":2},{"damage":0,"enemies":"Maw","floor":37,"turns":6},{"damage":1,"enemies":"Jaw Worm Horde","floor":38,"turns":2},{"damage":0,"enemies":"Transient","floor":39,"turns":5},{"damage":42,"enemies":"Nemesis","floor":40,"turns":4},{"damage":23,"enemies":"Writhing Mass","floor":42,"turns":6},{"damage":0,"enemies":"Reptomancer","floor":44,"turns":3},{"damage":0,"enemies":"Maw","floor":45,"turns":5},{"damage":0,"enemies":"Nemesis","floor":46,"turns":4},{"damage":0,"enemies":"Mind Bloom Boss Battle","floor":47,"turns":4},{"damage":0,"enemies":"4 Shapes","floor":48,"turns":3},{"damage":8,"enemies":"Awakened One","floor":50,"turns":11}],"seed_played":"5427483405828735413","potions_obtained":[{"floor":2,"key":"SkillPotion"},{"floor":4,"key":"AttackPotion"},{"floor":5,"key":"AttackPotion"},{"floor":16,"key":"Strength Potion"},{"floor":18,"key":"LiquidBronze"},{"floor":27,"key":"LiquidBronze"},{"floor":31,"key":"SteroidPotion"},{"floor":33,"key":"DuplicationPotion"},{"floor":35,"key":"Fire Potion"},{"floor":37,"key":"SkillPotion"},{"floor":38,"key":"Fire Potion"},{"floor":39,"key":"FearPotion"},{"floor":46,"key":"Dexterity Potion"}],"is_trial":false,"path_per_floor":["M","M","?","M","M","E","M","$","T","?","E","$","E","T","R","B",null,"M","M","?","M","?","R","E","M","T","E","$","E","?","M","R","B",null,"M","M","M","M","M","E","?","M","T","E","M","E","?","M","R","B",null],"character_chosen":"THE_SILENT","items_purchased":["Vajra","Panache","Lantern"],"campfire_rested":1,"item_purchase_floors":[8,8,28],"current_hp_per_floor":[70,70,70,65,62,48,48,48,48,48,35,35,35,35,56,43,70,70,70,70,70,70,70,70,70,70,58,58,47,47,47,47,47,70,70,66,66,65,65,23,23,2,2,8,14,16,22,24,24,22],"gold":421,"neow_bonus":"BOSS_RELIC","is_daily":false,"chose_seed":false,"campfire_upgraded":2,"win_rate":0.0,"timestamp":1612206721,"path_taken":["M","M","?","M","?","E","M","$","T","?","E","?","E","?","R","BOSS","M","M","?","M","?","R","E","M","T","E","$","E","?","M","R","BOSS","M","M","M","M","M","E","?","M","T","E","M","E","?","M","R","BOSS"],"items_purchased_type":["Relic","Card","Relic"],"build_version":"2020-12-22","purchased_purges":3,"victory":true,"max_hp_per_floor":[70,70,70,70,70,70,70,70,70,70,70,70,70,70,70,70,70,70,70,70,70,70,70,70,70,70,70,70,70,70,70,70,70,70,70,70,70,70,70,70,70,70,70,70,70,70,70,70,70,70],"card_choices":[{"not_picked":["Backflip","Leg Sweep"],"picked":"Prepared","floor":1},{"not_picked":["Eviscerate","Terror"],"picked":"Backflip","floor":2},{"not_picked":["Bouncing Flask","Distraction"],"picked":"Reflex","floor":4},{"not_picked":["Poisoned Stab","Deadly Poison"],"picked":"Dagger Throw","floor":5},{"not_picked":["Slice","Eviscerate"],"picked":"All Out Attack","floor":6},{"not_picked":["Deadly Poison","Venomology"],"picked":"Escape Plan","floor":7},{"not_picked":["Flying Knee+1","Outmaneuver"],"picked":"Underhanded Strike+1","floor":11},{"not_picked":["Finisher+1","Underhanded Strike+1"],"picked":"Tactician","floor":13},{"not_picked":["Bullet Time","Adrenaline"],"picked":"Tools of the Trade","floor":16},{"not_picked":["Sucker Punch+1","PiercingWail"],"picked":"Leg Sweep+1","floor":18},{"not_picked":["Bouncing Flask","Bane+1"],"picked":"Crippling Poison","floor":19},{"not_picked":["Deadly Poison","Bane+1"],"picked":"Quick Slash+1","floor":21},{"not_picked":["Noxious Fumes","Distraction"],"picked":"Underhanded Strike+1","floor":24},{"not_picked":["Dash+1","Deflect"],"picked":"Infinite Blades","floor":25},{"not_picked":["Distraction","Skewer+1"],"picked":"Masterful Stab+1","floor":27},{"not_picked":["PiercingWail","Flying Knee+1"],"picked":"Acrobatics","floor":29},{"not_picked":["Deflect+1","Riddle With Holes+1"],"picked":"Slice+1","floor":31},{"not_picked":["Bullet Time","Envenom"],"picked":"Night Terror","floor":33},{"not_picked":["Sucker Punch+1","PiercingWail"],"picked":"Prepared","floor":35},{"not_picked":["Blade Dance","Crippling Poison","Outmaneuver"],"picked":"SKIP","floor":36},{"not_picked":["Blur","Blade Dance"],"picked":"Dash+1","floor":37},{"not_picked":["Expertise","Blur+1"],"picked":"Reflex+1","floor":38},{"not_picked":["Bouncing Flask","Well Laid Plans+1"],"picked":"Eviscerate+1","floor":39},{"not_picked":["Bouncing Flask","Dodge and Roll+1"],"picked":"Prepared+1","floor":40},{"not_picked":["Flash of Steel+1","Panacea"],"picked":"The Bomb","floor":41},{"not_picked":["Poisoned Stab+1","Riddle With Holes+1","Bane+1"],"picked":"SKIP","floor":42},{"not_picked":["Dodge and Roll+1","Leg Sweep+1","Footwork+1"],"picked":"SKIP","floor":44},{"not_picked":["Distraction+1","Acrobatics+1"],"picked":"Underhanded Strike+1","floor":45},{"not_picked":["Catalyst+1","Sucker Punch+1","Blade Dance+1"],"picked":"SKIP","floor":46},{"not_picked":["Calculated Gamble+1","Bouncing Flask+1"],"picked":"Underhanded Strike+1","floor":47},{"not_picked":["Backflip+1","Footwork+1","Deadly Poison+1"],"picked":"SKIP","floor":48}],"player_experience":27665,"relics_obtained":[{"floor":6,"key":"Juzu Bracelet"},{"floor":9,"key":"Molten Egg 2"},{"floor":11,"key":"Mummified Hand"},{"floor":13,"key":"Pen Nib"},{"floor":14,"key":"PreservedInsect"},{"floor":24,"key":"War Paint"},{"floor":26,"key":"Sundial"},{"floor":27,"key":"Nunchaku"},{"floor":29,"key":"Boot"},{"floor":34,"key":"Ancient Tea Set"},{"floor":34,"key":"Frozen Egg 2"},{"floor":34,"key":"TungstenRod"},{"floor":40,"key":"Bird Faced Urn"},{"floor":43,"key":"Toxic Egg 2"},{"floor":44,"key":"HornCleat"},{"floor":46,"key":"Calipers"},{"floor":47,"key":"Girya"}],"event_choices":[{"damage_healed":0,"gold_gain":275,"player_choice":"Desecrate","damage_taken":0,"max_hp_gain":0,"max_hp_loss":0,"event_name":"Golden Shrine","floor":3,"gold_loss":0,"cards_obtained":["Regret"]},{"damage_healed":0,"gold_gain":0,"player_choice":"Box","damage_taken":0,"relics_obtained":["Kunai"],"max_hp_gain":0,"max_hp_loss":0,"event_name":"Big Fish","floor":10,"gold_loss":0,"cards_obtained":["Regret"]},{"damage_healed":0,"gold_gain":0,"player_choice":"Simplicity","damage_taken":0,"max_hp_gain":0,"max_hp_loss":0,"event_name":"Back to Basics","floor":20,"gold_loss":0,"cards_upgraded":["Strike_G","Strike_G","Defend_G","Defend_G","Defend_G","Defend_G","Defend_G"]},{"damage_healed":0,"gold_gain":0,"player_choice":"Forge","damage_taken":0,"max_hp_gain":0,"max_hp_loss":0,"event_name":"Accursed Blacksmith","floor":22,"gold_loss":0,"cards_upgraded":["Tools of the Trade"]},{"damage_healed":0,"gold_gain":0,"player_choice":"Opened","damage_taken":0,"relics_obtained":["Orichalcum"],"max_hp_gain":0,"max_hp_loss":0,"event_name":"The Mausoleum","floor":30,"gold_loss":0},{"damage_healed":0,"gold_gain":0,"player_choice":"Memory 1","damage_taken":0,"max_hp_gain":0,"max_hp_loss":0,"event_name":"SensoryStone","floor":41,"gold_loss":0},{"damage_healed":0,"gold_gain":0,"player_choice":"Fight","damage_taken":0,"max_hp_gain":0,"max_hp_loss":0,"event_name":"MindBloom","floor":47,"gold_loss":0}],"is_beta":false,"boss_relics":[{"not_picked":["Tiny House","Velvet Choker"],"picked":"Runic Pyramid"},{"not_picked":["Black Star","Sozu"],"picked":"Calling Bell"}],"items_purged_floors":[8,12,28],"is_endless":false,"potions_floor_spawned":[2,4,5,16,18,27,31,33,35,37,38,39,46],"ascension_level":0}}