{"host":"anox4050deqdcqoh","time":1612194112,"event":{"mods":["BaseMod","Colored Map","Highlight Path","Minty Spire (QoL Compilation)","Quick Restart","Rare Cards Sparkle","everything is the same but u backflip on backflip"],"gold_per_floor":[216,166,166,179,190,224,224,240,295,295,295,295,309,324,324,428,428,445,176,196,207,217,217,236,269,269,269,269,269,269,269,269,369,369,387,387,402,413,413,413,426,426,449,474,474,489,504,520,520,520,520],"floor_reached":50,"language":"ENG","playtime":4649,"items_purged":["Defend_B"],"score":570,"play_id":"78faa489-b299-4569-bc6a-79b89ce57c36","local_time":"20210201104152","is_ascension_mode":true,"campfire_choices":[{"data":"Zap","floor":7,"key":"SMITH"},{"data":"Sweeping Beam","floor":10,"key":"SMITH"},{"floor":12,"key":"REST"},{"floor":15,"key":"REST"},{"floor":23,"key":"REST"},{"data":"Defragment","floor":27,"key":"SMITH"},{"floor":29,"key":"REST"},{"floor":32,"key":"REST"},{"floor":40,"key":"REST"},{"floor":42,"key":"REST"},{"floor":45,"key":"REST"},{"floor":49,"key":"RECALL"}],"circlet_count":0,"master_deck":["Strike_B","Strike_B","Defend_B","Defend_B+1","Zap+1","Dualcast+1","Sweeping Beam+1","Auto Shields","Lockon","Ball Lightning","Defragment+1","Creative AI+1","Hologram+1","Defragment","Conserve Battery","Steam+1","Cold Snap+1","Thunder Strike","Seek","Go for the Eyes","Leap","Sweeping Beam+1","Stack","Reinforced Body+1","Heatsinks"],"relics":["Cracked Core","Mercury Hourglass","Smiling Mask","Inserter","ClockworkSouvenir","Bag of Marbles","Letter Opener","Nilry\u0027s Codex","Busted Crown","Toy Ornithopter","Thread and Needle"],"acts_visited":["TheCity","TheBeyond"],"potions_floor_usage":[14,25,44,44,47],"damage_taken":[{"damage":7,"enemies":"Jaw Worm","floor":1,"turns":3},{"damage":7,"enemies":"Small Slimes","floor":4,"turns":3},{"damage":1,"enemies":"Cultist","floor":5,"turns":3},{"damage":17,"enemies":"Gremlin Nob","floor":6,"turns":4},{"damage":8,"enemies":"Exordium Wildlife","floor":8,"turns":2},{"damage":0,"enemies":"Blue Slaver","floor":13,"turns":2},{"damage":0,"enemies":"2 Fungi Beasts","floor":14,"turns":1},{"damage":16,"enemies":"The Guardian","floor":16,"turns":8},{"damage":0,"enemies":"Spheric Guardian","floor":18,"turns":3},{"damage":10,"enemies":"3 Byrds","floor":20,"turns":3},{"damage":32,"enemies":"Snake Plant","floor":21,"turns":4},{"damage":6,"enemies":"Chosen and Byrds","floor":22,"turns":5},{"damage":14,"enemies":"Shelled Parasite and Fungi","floor":24,"turns":6},{"damage":40,"enemies":"Gremlin Leader","floor":25,"turns":7},{"damage":1,"enemies":"Champ","floor":33,"turns":13},{"damage":8,"enemies":"3 Darklings","floor":35,"turns":4},{"damage":4,"enemies":"3 Shapes","floor":37,"turns":3},{"damage":45,"enemies":"Writhing Mass","floor":38,"turns":6},{"damage":0,"enemies":"Maw","floor":41,"turns":8},{"damage":46,"enemies":"Giant Head","floor":44,"turns":9},{"damage":14,"enemies":"4 Shapes","floor":46,"turns":5},{"damage":18,"enemies":"3 Darklings","floor":47,"turns":5},{"damage":32,"enemies":"Jaw Worm Horde","floor":48,"turns":5},{"damage":26,"enemies":"Awakened One","floor":50,"turns":3}],"seed_played":"3455912257848393730","potions_obtained":[{"floor":1,"key":"Explosive Potion"},{"floor":5,"key":"FairyPotion"},{"floor":6,"key":"FairyPotion"},{"floor":21,"key":"EssenceOfDarkness"},{"floor":37,"key":"PotionOfCapacity"},{"floor":38,"key":"PowerPotion"},{"floor":41,"key":"FocusPotion"},{"floor":46,"key":"Explosive Potion"}],"is_trial":false,"path_per_floor":["M","?","?","M","M","E","R","M","T","R","?","R","M","M","R","B",null,"M","$","M","M","M","R","M","E","T","R","?","R","?","T","R","B",null,"M","?","M","M","?","R","M","R","T","E","R","M","M","M","R","B"],"character_chosen":"DEFECT","items_purchased":["ClockworkSouvenir","Defragment"],"campfire_rested":8,"item_purchase_floors":[19,19],"current_hp_per_floor":[68,68,68,61,60,43,43,35,35,35,20,42,42,42,64,48,75,75,75,65,33,27,49,35,22,22,22,6,28,28,28,50,49,75,67,67,63,18,18,40,40,62,62,26,48,34,21,22,22,0,0],"gold":520,"neow_bonus":"HUNDRED_GOLD","is_daily":false,"chose_seed":false,"campfire_upgraded":3,"win_rate":0.0,"timestamp":1612194112,"path_taken":["M","?","?","M","M","E","R","?","T","R","?","R","M","M","R","BOSS","M","$","M","M","M","R","M","E","T","R","?","R","?","?","R","BOSS","M","?","M","?","?","R","M","R","T","E","R","M","?","M","R","BOSS"],"items_purchased_type":["Relic","Card"],"build_version":"2020-12-22","purchased_purges":1,"victory":false,"max_hp_per_floor":[75,75,75,75,75,75,75,75,75,75,75,75,75,75,75,75,75,75,75,75,75,75,75,75,75,75,75,75,75,75,75,75,75,75,75,75,75,75,75,75,75,75,75,75,75,75,75,75,75,75,75],"card_choices":[{"not_picked":["Skim","Steam"],"picked":"Sweeping Beam","floor":1},{"not_picked":["Recycle","Consume"],"picked":"Auto Shields","floor":4},{"not_picked":["Streamline","Rebound"],"picked":"Lockon","floor":5},{"not_picked":["Redo","Coolheaded"],"picked":"Ball Lightning","floor":6},{"not_picked":["Beam Cell","Steam","Gash"],"picked":"SKIP","floor":8},{"not_picked":["Rebound","Compile Driver"],"picked":"Defragment","floor":13},{"not_picked":["Genetic Algorithm","Sweeping Beam","Reprogram"],"picked":"SKIP","floor":14},{"not_picked":["Rainbow","All For One"],"picked":"Creative AI","floor":16},{"not_picked":["Sweeping Beam","Self Repair"],"picked":"Hologram+1","floor":18},{"not_picked":["Genetic Algorithm","Hologram"],"picked":"Conserve Battery","floor":20},{"not_picked":["Recycle","Turbo","Capacitor"],"picked":"SKIP","floor":21},{"not_picked":["Rebound","Reinforced Body"],"picked":"Steam+1","floor":22},{"not_picked":["Recycle","Ball Lightning"],"picked":"Cold Snap+1","floor":24},{"not_picked":["Rebound","Redo"],"picked":"Thunder Strike","floor":25},{"not_picked":["Multi-Cast","Creative AI"],"picked":"Seek","floor":33},{"not_picked":[],"picked":"Go for the Eyes","floor":35},{"not_picked":[],"picked":"Sweeping Beam+1","floor":37},{"not_picked":[],"picked":"Stack","floor":38},{"not_picked":[],"picked":"Reinforced Body+1","floor":41},{"not_picked":["Leap"],"picked":"SKIP","floor":44},{"not_picked":["Go for the Eyes"],"picked":"SKIP","floor":46},{"not_picked":[],"picked":"Heatsinks","floor":47},{"not_picked":["Coolheaded"],"picked":"SKIP","floor":48}],"player_experience":431472,"relics_obtained":[{"floor":6,"key":"Mercury Hourglass"},{"floor":9,"key":"Smiling Mask"},{"floor":25,"key":"Bag of Marbles"},{"floor":26,"key":"Letter Opener"},{"floor":28,"key":"Nilry\u0027s Codex"},{"floor":43,"key":"Toy Ornithopter"},{"floor":44,"key":"Thread and Needle"}],"event_choices":[{"cards_removed":["Strike_B"],"damage_healed":0,"gold_gain":0,"player_choice":"Card Removal","damage_taken":0,"max_hp_gain":0,"max_hp_loss":0,"event_name":"The Cleric","floor":2,"gold_loss":50},{"cards_removed":["Defend_B"],"damage_healed":0,"gold_gain":0,"player_choice":"Card Removal","damage_taken":0,"max_hp_gain":0,"max_hp_loss":0,"event_name":"Wheel of Change","floor":3,"gold_loss":0},{"damage_healed":0,"gold_gain":0,"player_choice":"Entered Light","damage_taken":15,"max_hp_gain":0,"max_hp_loss":0,"event_name":"Shining Light","floor":11,"gold_loss":0,"cards_upgraded":["Defend_B","Dualcast"]},{"damage_healed":0,"gold_gain":0,"player_choice":"Obtained Book","damage_taken":16,"max_hp_gain":0,"max_hp_loss":0,"event_name":"Cursed Tome","floor":28,"gold_loss":0},{"damage_healed":0,"gold_gain":0,"player_choice":"Ignored","damage_taken":0,"max_hp_gain":0,"max_hp_loss":0,"event_name":"Beggar","floor":30,"gold_loss":0},{"damage_healed":0,"gold_gain":0,"cards_transformed":["Strike_B"],"player_choice":"Transformed","damage_taken":0,"max_hp_gain":0,"max_hp_loss":0,"event_name":"Transmorgrifier","floor":36,"gold_loss":0,"cards_obtained":["Leap"]},{"damage_healed":0,"gold_gain":0,"player_choice":"Upgraded","damage_taken":0,"max_hp_gain":0,"max_hp_loss":0,"event_name":"Upgrade Shrine","floor":39,"gold_loss":0,"cards_upgraded":["Creative AI"]}],"is_beta":false,"boss_relics":[{"not_picked":["SacredBark","Ectoplasm"],"picked":"Inserter"},{"not_picked":["Empty Cage","Velvet Choker"],"picked":"Busted Crown"}],"items_purged_floors":[19],"is_endless":false,"potions_floor_spawned":[1,5,6,8,21,24,37,38,41,46],"killed_by":"Awakened One","ascension_level":3}}