{"host":"oxttf2o6jwqrmkaz","time":1612186426,"event":{"mods":["100% Spire Juice","Act Like it!","BaseMod","CapriCore","Colored Map","Minty Spire (QoL Compilation)","StSLib","SuperFastMode","The Immortal"],"gold_per_floor":[115,129,142,67,67,93,93,104,104,116,131,157,157,167,167,269,269,287,287,287,300,300,300],"floor_reached":21,"language":"KOR","playtime":1311,"items_purged":["MokouMod:Strike"],"score":203,"play_id":"44355ff8-5df5-4e63-a310-ff78898e3ddd","local_time":"20210201223346","is_ascension_mode":true,"campfire_choices":[{"data":"MokouMod:RisingSunBarrier","floor":7,"key":"SMITH"},{"data":"MokouMod:RisingSunBarrier","floor":13,"key":"SMITH"},{"data":"MokouMod:HeatSpark","floor":15,"key":"SMITH"}],"circlet_count":0,"master_deck":["MokouMod:Strike","MokouMod:Strike","MokouMod:Strike","MokouMod:Defend","MokouMod:Defend","MokouMod:Defend+1","MokouMod:Defend","MokouMod:HeatSpark+1","MokouMod:ResoluteFlare","MokouMod:RisingSunBarrier+1","MokouMod:RisingSunBarrier+1","MokouMod:RisingSunBarrier+1","MokouMod:HouraiForge","MokouMod:FusionFlare","MokouMod:Ventilation","MokouMod:BurningDraft"],"relics":["MokouMod:PhoenixFeather","NeowsBlessing","Juzu Bracelet","Regal Pillow","Snecko Eye","Nilry\u0027s Codex"],"acts_visited":["Exordium","TheCity"],"potions_floor_usage":[16,18],"damage_taken":[{"damage":0,"enemies":"Cultist","floor":1,"turns":1},{"damage":0,"enemies":"Jaw Worm","floor":2,"turns":1},{"damage":0,"enemies":"Small Slimes","floor":3,"turns":1},{"damage":3,"enemies":"Lagavulin","floor":6,"turns":9},{"damage":2,"enemies":"Blue Slaver","floor":8,"turns":5},{"damage":17,"enemies":"3 Louse","floor":10,"turns":5},{"damage":3,"enemies":"Red Slaver","floor":11,"turns":6},{"damage":18,"enemies":"3 Sentries","floor":12,"turns":14},{"damage":2,"enemies":"Looter","floor":14,"turns":4},{"damage":21,"enemies":"Slime Boss","floor":16,"turns":9},{"damage":7,"enemies":"2 Thieves","floor":18,"turns":5},{"damage":0,"enemies":"Shell Parasite","floor":21,"turns":8}],"seed_played":"5589021407450903631","potions_obtained":[{"floor":2,"key":"Explosive Potion"},{"floor":3,"key":"EssenceOfSteel"},{"floor":8,"key":"ColorlessPotion"},{"floor":16,"key":"Block Potion"},{"floor":18,"key":"LiquidMemories"}],"is_trial":false,"path_per_floor":["M","M","M","$","?","E","R","M","T","M","M","E","R","M","R","B",null,"M","?","?","M"],"character_chosen":"MKU","items_purchased":[],"campfire_rested":0,"item_purchase_floors":[],"current_hp_per_floor":[75,75,75,75,60,57,57,55,55,38,35,17,17,15,15,16,75,68,52,52,52,52,52],"gold":300,"neow_bonus":"THREE_ENEMY_KILL","is_daily":false,"chose_seed":false,"campfire_upgraded":3,"win_rate":0.0,"timestamp":1612186426,"path_taken":["M","M","?","$","?","E","R","M","T","M","M","E","R","M","R","BOSS","M","?","?","M"],"items_purchased_type":[],"build_version":"2020-12-22","purchased_purges":1,"victory":false,"max_hp_per_floor":[75,75,75,75,75,75,75,75,75,75,75,75,75,75,75,75,75,75,75,75,75,75,75],"card_choices":[{"not_picked":["MokouMod:UncontrollableSolarReaction","MokouMod:RoaringFlare"],"picked":"MokouMod:ResoluteFlare","floor":1},{"not_picked":["MokouMod:InfernalWave","MokouMod:Combust"],"picked":"MokouMod:RisingSunBarrier","floor":2},{"not_picked":["MokouMod:AdaptivePyromancy","MokouMod:Overheat"],"picked":"MokouMod:RisingSunBarrier","floor":3},{"not_picked":["MokouMod:Firecracker","MokouMod:UncontrollableSolarReaction"],"picked":"MokouMod:RisingSunBarrier","floor":6},{"not_picked":["MokouMod:FusionFlare","MokouMod:Singe","MokouMod:PhoenixFeathers"],"picked":"SKIP","floor":8},{"not_picked":["MokouMod:FusionFlare","MokouMod:Singe","MokouMod:PhoenixFeathers"],"picked":"SKIP","floor":8},{"not_picked":["MokouMod:AdaptivePyromancy","MokouMod:SubterraneanCore","MokouMod:InfernalWave"],"picked":"SKIP","floor":10},{"not_picked":["MokouMod:HeatFactory","MokouMod:Sear"],"picked":"MokouMod:HouraiForge","floor":11},{"not_picked":["MokouMod:ResoluteFlare","MokouMod:FlickeringFlame","MokouMod:EternalBurstReactor"],"picked":"SKIP","floor":12},{"not_picked":["MokouMod:IgnitionBlast","MokouMod:FlickeringFlame"],"picked":"MokouMod:FusionFlare","floor":14},{"not_picked":["MokouMod:Rekindle","MokouMod:ProfanedFlare"],"picked":"MokouMod:Ventilation","floor":16},{"not_picked":["MokouMod:ScorchingColumn","MokouMod:ResoluteFlare"],"picked":"MokouMod:BurningDraft","floor":18}],"player_experience":889617,"relics_obtained":[{"floor":6,"key":"Juzu Bracelet"},{"floor":9,"key":"Regal Pillow"},{"floor":19,"key":"Nilry\u0027s Codex"}],"event_choices":[{"damage_healed":0,"gold_gain":0,"player_choice":"Entered Light","damage_taken":15,"max_hp_gain":0,"max_hp_loss":0,"event_name":"Shining Light","floor":5,"gold_loss":0,"cards_upgraded":["MokouMod:Defend","MokouMod:RisingSunBarrier"]},{"damage_healed":0,"gold_gain":0,"player_choice":"Obtained Book","damage_taken":16,"max_hp_gain":0,"max_hp_loss":0,"event_name":"Cursed Tome","floor":19,"gold_loss":0},{"cards_removed":["MokouMod:Strike"],"damage_healed":0,"gold_gain":0,"player_choice":"Elegance","damage_taken":0,"max_hp_gain":0,"max_hp_loss":0,"event_name":"Back to Basics","floor":20,"gold_loss":0}],"is_beta":false,"boss_relics":[{"not_picked":["Cursed Key","Sozu"],"picked":"Snecko Eye"}],"items_purged_floors":[4],"is_endless":false,"potions_floor_spawned":[2,3,8,10,16,18,21],"killed_by":"Shell Parasite","ascension_level":1}}