{"host":"rb2p2z6v6vieend5","time":1612203290,"event":{"mods":["BaseMod","Block Reminder","Colored Map","DeckTracker","Highlight Path","Minty Spire (QoL Compilation)","Random Character Button","Relic Stats"],"gold_per_floor":[112,112,112,72,87,122,122,149,149,149,179,198,48,64,64,160,160,173,185,185,39,54,54,87,87,137,151,180,180,180,180,180,284,284,322,322,672,632,16,16,55,3,12,12,73,147,121,130,130,130],"floor_reached":51,"language":"ENG","playtime":3462,"items_purged":["Shame","Decay"],"score":1140,"play_id":"d79fd853-cd32-4236-bfd8-a9599f773adc","local_time":"20210201191450","is_ascension_mode":true,"campfire_choices":[{"floor":10,"key":"REST"},{"floor":15,"key":"REST"},{"data":"TalkToTheHand","floor":23,"key":"SMITH"},{"data":"WindmillStrike","floor":29,"key":"SMITH"},{"floor":32,"key":"REST"},{"data":"Wish","floor":40,"key":"SMITH"},{"data":"Perseverance","floor":44,"key":"SMITH"},{"floor":49,"key":"REST"}],"circlet_count":0,"master_deck":["Defend_P+1","Defend_P+1","Defend_P+1","Eruption+1","Vigilance+1","TalkToTheHand+1","WindmillStrike+1","Wallop+1","LessonLearned+1","MasterReality+1","BattleHymn+1","Establishment+1","PathToVictory+1","Scrawl+1","TalkToTheHand+1","Evaluate","Wish+1","Perseverance+1","FollowUp+1","TalkToTheHand+1","Doubt","Crescendo+1","WindmillStrike+1","Eruption+1"],"relics":["Cursed Key","Akabeko","Letter Opener","Thread and Needle","Incense Burner","Vajra","Astrolabe","TheAbacus","CloakClasp","Juzu Bracelet","WingedGreaves","Nilry\u0027s Codex","Empty Cage","Old Coin","Molten Egg 2","Blue Candle","CeramicFish","InkBottle","Yang","Omamori","War Paint"],"acts_visited":["Exordium","TheCity","TheBeyond"],"potions_floor_usage":[6,28,28,33,46,46,46,46,46,46],"damage_taken":[{"damage":0,"enemies":"2 Louse","floor":1,"turns":2},{"damage":4,"enemies":"Small Slimes","floor":5,"turns":2},{"damage":10,"enemies":"Lagavulin","floor":6,"turns":4},{"damage":18,"enemies":"3 Sentries","floor":8,"turns":5},{"damage":6,"enemies":"Gremlin Nob","floor":11,"turns":5},{"damage":1,"enemies":"Jaw Worm","floor":12,"turns":4},{"damage":4,"enemies":"Blue Slaver","floor":14,"turns":4},{"damage":0,"enemies":"Hexaghost","floor":16,"turns":7},{"damage":0,"enemies":"Chosen","floor":18,"turns":4},{"damage":0,"enemies":"Spheric Guardian","floor":19,"turns":3},{"damage":8,"enemies":"3 Cultists","floor":22,"turns":5},{"damage":0,"enemies":"Book of Stabbing","floor":24,"turns":6},{"damage":4,"enemies":"Centurion and Healer","floor":27,"turns":4},{"damage":0,"enemies":"Slavers","floor":28,"turns":8},{"damage":0,"enemies":"Champ","floor":33,"turns":9},{"damage":3,"enemies":"3 Darklings","floor":35,"turns":4},{"damage":0,"enemies":"Mind Bloom Boss Battle","floor":37,"turns":3},{"damage":7,"enemies":"Giant Head","floor":41,"turns":6},{"damage":1,"enemies":"Nemesis","floor":45,"turns":7},{"damage":40,"enemies":"Reptomancer","floor":46,"turns":5},{"damage":33,"enemies":"Time Eater","floor":50,"turns":8}],"seed_played":"8251346883031565059","potions_obtained":[{"floor":1,"key":"DistilledChaos"},{"floor":11,"key":"SneckoOil"},{"floor":16,"key":"Swift Potion"},{"floor":22,"key":"Weak Potion"},{"floor":27,"key":"Energy Potion"},{"floor":28,"key":"LiquidBronze"},{"floor":35,"key":"Explosive Potion"},{"floor":38,"key":"PowerPotion"},{"floor":38,"key":"EntropicBrew"}],"is_trial":false,"path_per_floor":["M","?","?","$","M","E","T","E","T","R","E","M","$","M","R","B",null,"M","M","?","$","M","R","E","?","T","M","E","R","?","?","R","B",null,"M","?","?","?","$","R","E","?","T","R","E","E","$","?","R","B",null],"character_chosen":"WATCHER","items_purchased":["WindmillStrike","BattleHymn","TheAbacus","Molten Egg 2","Blue Candle","WindmillStrike+1"],"campfire_rested":4,"item_purchase_floors":[4,13,21,39,39,47],"current_hp_per_floor":[72,72,60,60,56,46,46,28,28,49,43,42,42,38,59,59,72,72,72,72,72,64,64,64,64,64,60,60,60,44,31,54,54,77,74,73,73,73,73,73,66,66,66,66,65,25,25,25,46,13],"gold":130,"neow_bonus":"BOSS_RELIC","is_daily":false,"chose_seed":false,"campfire_upgraded":4,"win_rate":0.0,"timestamp":1612203290,"path_taken":["M","?","?","$","M","E","?","E","T","R","E","M","$","M","R","BOSS","M","M","?","$","M","R","E","?","T","M","E","R","?","?","R","BOSS","M","?","?","?","$","R","E","?","T","R","E","E","?","?","R","BOSS"],"items_purchased_type":["Card","Card","Relic","Relic","Relic","Card"],"build_version":"2020-12-22","purchased_purges":2,"victory":true,"max_hp_per_floor":[72,72,72,72,72,72,72,72,72,72,72,72,72,72,72,72,72,72,72,72,72,72,72,72,72,72,72,72,72,72,77,77,77,77,77,73,73,73,73,73,73,73,73,73,73,73,73,73,73,73],"relic_stats":{"counters":[21,105],"Astrolabe":["PathToVictory","Scrawl","Weave"],"Blue Candle":[3],"CeramicFish":45,"Yang":[41],"CloakClasp":[224],"Juzu Bracelet":2,"Letter Opener":[66],"War Paint":["Crescendo","Defend_P"],"Cursed Key":3,"TheAbacus":[120],"obtain_stats":[{"Nilry\u0027s Codex":30,"Astrolabe":17,"Blue Candle":39,"CeramicFish":41,"Vajra":11,"Thread and Needle":8,"Yang":43,"Incense Burner":9,"CloakClasp":24,"Juzu Bracelet":26,"Omamori":45,"Letter Opener":6,"War Paint":46,"Cursed Key":0,"Empty Cage":34,"Akabeko":3,"Old Coin":37,"TheAbacus":21,"Molten Egg 2":39,"WingedGreaves":28,"PureWater":0,"InkBottle":42},{"Nilry\u0027s Codex":14,"Astrolabe":8,"Blue Candle":17,"CeramicFish":18,"Vajra":5,"Thread and Needle":4,"Yang":18,"Incense Burner":4,"CloakClasp":12,"Juzu Bracelet":12,"Omamori":19,"Letter Opener":3,"War Paint":20,"Cursed Key":0,"Empty Cage":15,"Akabeko":1,"Old Coin":17,"TheAbacus":10,"Molten Egg 2":17,"WingedGreaves":14,"PureWater":0,"InkBottle":18},{"Nilry\u0027s Codex":63,"Astrolabe":33,"Blue Candle":79,"CeramicFish":85,"Vajra":18,"Thread and Needle":13,"Yang":85,"Incense Burner":13,"CloakClasp":51,"Juzu Bracelet":51,"Omamori":92,"Letter Opener":8,"War Paint":97,"Cursed Key":0,"Empty Cage":72,"Akabeko":2,"Old Coin":79,"TheAbacus":40,"Molten Egg 2":79,"WingedGreaves":63,"PureWater":0,"InkBottle":85}],"InkBottle":[7]},"card_choices":[{"not_picked":["ThirdEye","PathToVictory"],"picked":"TalkToTheHand","floor":1},{"not_picked":["CrushJoints","FearNoEvil"],"picked":"Wallop","floor":5},{"not_picked":["Consecrate","WaveOfTheHand"],"picked":"LessonLearned","floor":6},{"not_picked":["Prostrate","EmptyFist","Consecrate"],"picked":"SKIP","floor":8},{"not_picked":["CrushJoints","FlurryOfBlows"],"picked":"MasterReality","floor":11},{"not_picked":["FlurryOfBlows","Prostrate","FlyingSleeves"],"picked":"SKIP","floor":12},{"not_picked":["FlurryOfBlows","ClearTheMind","Crescendo"],"picked":"SKIP","floor":14},{"not_picked":["Alpha","DeusExMachina"],"picked":"Establishment","floor":16},{"not_picked":["CutThroughFate+1","InnerPeace","BowlingBash"],"picked":"SKIP","floor":18},{"not_picked":["FlyingSleeves","ForeignInfluence","SignatureMove"],"picked":"SKIP","floor":19},{"not_picked":["SignatureMove","CutThroughFate","EmptyFist+1"],"picked":"SKIP","floor":22},{"not_picked":["Meditate","Establishment","EmptyBody"],"picked":"SKIP","floor":24},{"not_picked":["Vengeance","SandsOfTime"],"picked":"TalkToTheHand+1","floor":27},{"not_picked":["EmptyFist","PathToVictory"],"picked":"Evaluate","floor":28},{"not_picked":["DeusExMachina","ConjureBlade"],"picked":"Wish","floor":33},{"not_picked":["EmptyBody","DeceiveReality+1"],"picked":"Perseverance","floor":35},{"not_picked":["Prostrate+1","JustLucky+1"],"picked":"FollowUp+1","floor":37},{"not_picked":["Perseverance+1","FlyingSleeves+1"],"picked":"TalkToTheHand+1","floor":41},{"not_picked":["BowlingBash+1","Crescendo+1","Protect+1"],"picked":"SKIP","floor":45},{"not_picked":["Adaptation","Pray+1"],"picked":"Crescendo","floor":46}],"player_experience":660872,"relics_obtained":[{"floor":6,"key":"Letter Opener"},{"floor":8,"key":"Thread and Needle"},{"floor":9,"key":"Incense Burner"},{"floor":11,"key":"Vajra"},{"floor":24,"key":"CloakClasp"},{"floor":26,"key":"Juzu Bracelet"},{"floor":28,"key":"WingedGreaves"},{"floor":30,"key":"Nilry\u0027s Codex"},{"floor":37,"key":"Old Coin"},{"floor":41,"key":"CeramicFish"},{"floor":43,"key":"Yang"},{"floor":45,"key":"Omamori"},{"floor":46,"key":"War Paint"}],"event_choices":[{"damage_healed":0,"gold_gain":0,"player_choice":"Ignored","damage_taken":0,"max_hp_gain":0,"max_hp_loss":0,"event_name":"Liars Game","floor":2,"gold_loss":0},{"damage_healed":0,"gold_gain":0,"player_choice":"Success","damage_taken":12,"relics_obtained":["Akabeko"],"max_hp_gain":0,"max_hp_loss":0,"event_name":"Scrap Ooze","floor":3,"gold_loss":0},{"damage_healed":0,"gold_gain":0,"player_choice":"Ignored","damage_taken":0,"max_hp_gain":0,"max_hp_loss":0,"event_name":"Ghosts","floor":20,"gold_loss":0},{"cards_removed":["Weave"],"damage_healed":0,"gold_gain":0,"player_choice":"Purged","damage_taken":0,"max_hp_gain":0,"max_hp_loss":0,"event_name":"Purifier","floor":25,"gold_loss":0},{"damage_healed":0,"gold_gain":0,"player_choice":"Obtained Book","damage_taken":16,"max_hp_gain":0,"max_hp_loss":0,"event_name":"Cursed Tome","floor":30,"gold_loss":0},{"damage_healed":0,"gold_gain":0,"player_choice":"Shed Blood","damage_taken":18,"max_hp_gain":5,"max_hp_loss":0,"event_name":"Forgotten Altar","floor":31,"gold_loss":0},{"damage_healed":0,"gold_gain":0,"player_choice":"Max HP","damage_taken":0,"max_hp_gain":0,"max_hp_loss":4,"event_name":"Winding Halls","floor":36,"gold_loss":0},{"damage_healed":0,"gold_gain":0,"player_choice":"Fight","damage_taken":0,"max_hp_gain":0,"max_hp_loss":0,"event_name":"MindBloom","floor":37,"gold_loss":0},{"damage_healed":0,"gold_gain":0,"player_choice":"Bought 3 Potions","damage_taken":0,"max_hp_gain":0,"max_hp_loss":0,"event_name":"The Woman in Blue","floor":38,"gold_loss":0},{"damage_healed":0,"gold_gain":0,"player_choice":"Paid Gold","damage_taken":0,"relics_obtained":["InkBottle"],"max_hp_gain":0,"max_hp_loss":0,"event_name":"WeMeetAgain","floor":42,"gold_loss":52},{"damage_healed":0,"gold_gain":0,"player_choice":"1 cards matched","damage_taken":0,"max_hp_gain":0,"max_hp_loss":0,"event_name":"Match and Keep!","floor":48,"gold_loss":0,"cards_obtained":["Eruption"]}],"is_beta":false,"boss_relics":[{"not_picked":["Snecko Eye","Pandora\u0027s Box"],"picked":"Astrolabe"},{"not_picked":["Runic Pyramid","Busted Crown"],"picked":"Empty Cage"}],"items_purged_floors":[13,39],"is_endless":false,"potions_floor_spawned":[1,11,16,22,27,28,35],"ascension_level":4}}