{"host":"uv5ws9rdk87e8i5k","time":1612204371,"event":{"mods":["AchievementEnabler","BaseMod","Colored Map","Minty Spire (QoL Compilation)","Permanent Neow","Quick Restart","StSLib","SuperFastMode","The Necromancer"],"gold_per_floor":[113,113,132,148,148,148,176,176,200,229,35,46,74,92,92,189,189,206,222,147,20,0,29,51,63,129,160,187,199,239,261,273,385,397,427,490,502,524,304,304,354,371,398,425,445,470,487,516,516,516],"floor_reached":51,"language":"ENG","playtime":4788,"items_purged":["Strike_G","Strike_G","Defend_G"],"score":1328,"play_id":"cbbeb836-af39-4015-bd65-33995c279631","local_time":"20210201123251","is_ascension_mode":true,"campfire_choices":[{"data":"Deadly Poison","floor":6.0,"key":"SMITH"},{"data":"Crippling Poison","floor":8.0,"key":"SMITH"},{"data":"Bouncing Flask","floor":15.0,"key":"SMITH"},{"data":"Catalyst","floor":29.0,"key":"SMITH"},{"data":"Venomology","floor":32.0,"key":"SMITH"},{"data":"Wraith Form v2","floor":40,"key":"SMITH"},{"data":"Adrenaline","floor":49,"key":"SMITH"}],"circlet_count":0,"master_deck":["Strike_G+1","Strike_G+1","Defend_G","Defend_G+1","Defend_G","Defend_G","Survivor","Poisoned Stab","Deadly Poison+1","Crippling Poison+1","Deadly Poison","Bane","Deadly Poison","Bouncing Flask+1","Unload+1","Deadly Poison","Dash+1","Venomology+1","Catalyst+1","Venomology","Deadly Poison+1","Backflip+1","Prepared+1","Poisoned Stab","Adrenaline+1","Bouncing Flask","Wraith Form v2+1","Backstab","Deadly Poison","Backflip+1","Backstab+1","Acrobatics+1"],"relics":["Ring of the Snake","FossilizedHelix","CultistMask","Pen Nib","Vajra","Pocketwatch","Membership Card","InkBottle","Black Star","MawBank","Paper Crane","Whetstone","Art of War","Unceasing Top","Philosopher\u0027s Stone","Gambling Chip","Anchor","Bag of Preparation","Ice Cream","War Paint","Smiling Mask","Pantograph","Toy Ornithopter","Sundial","Nunchaku","Bag of Marbles"],"acts_visited":["Exordium","TheCity","TheBeyond"],"potions_floor_usage":[38,38,41,44,45,45,46,48,50,50,50,50,50,50,50],"damage_taken":[{"damage":0.0,"enemies":"2 Louse","floor":1.0,"turns":5.0},{"damage":0.0,"enemies":"Jaw Worm","floor":3.0,"turns":3.0},{"damage":0.0,"enemies":"Cultist","floor":4.0,"turns":3.0},{"damage":5.0,"enemies":"Lagavulin","floor":7.0,"turns":6.0},{"damage":8.0,"enemies":"Gremlin Nob","floor":10.0,"turns":4.0},{"damage":0.0,"enemies":"Exordium Thugs","floor":12.0,"turns":4.0},{"damage":13.0,"enemies":"3 Sentries","floor":13.0,"turns":6.0},{"damage":0.0,"enemies":"2 Fungi Beasts","floor":14.0,"turns":2.0},{"damage":14.0,"enemies":"Hexaghost","floor":16.0,"turns":6.0},{"damage":0.0,"enemies":"3 Byrds","floor":18.0,"turns":3.0},{"damage":4.0,"enemies":"Chosen","floor":19.0,"turns":4.0},{"damage":15.0,"enemies":"Slavers","floor":23.0,"turns":5.0},{"damage":4.0,"enemies":"Snake Plant","floor":24.0,"turns":2.0},{"damage":0.0,"enemies":"3 Cultists","floor":27.0,"turns":4.0},{"damage":0.0,"enemies":"Chosen and Byrds","floor":28.0,"turns":5.0},{"damage":0.0,"enemies":"Book of Stabbing","floor":30.0,"turns":4.0},{"damage":0.0,"enemies":"Centurion and Healer","floor":31.0,"turns":6.0},{"damage":53.0,"enemies":"Collector","floor":33.0,"turns":6.0},{"damage":0.0,"enemies":"3 Shapes","floor":35.0,"turns":4.0},{"damage":18.0,"enemies":"2 Orb Walkers","floor":36.0,"turns":4.0},{"damage":0,"enemies":"3 Darklings","floor":38,"turns":4},{"damage":0,"enemies":"Mind Bloom Boss Battle","floor":41,"turns":3},{"damage":0,"enemies":"Spire Growth","floor":42,"turns":3},{"damage":0,"enemies":"Giant Head","floor":44,"turns":5},{"damage":0,"enemies":"Jaw Worm Horde","floor":45,"turns":3},{"damage":0,"enemies":"Nemesis","floor":46,"turns":5},{"damage":0,"enemies":"Maw","floor":47,"turns":4},{"damage":4,"enemies":"Reptomancer","floor":48,"turns":4},{"damage":52,"enemies":"Time Eater","floor":50,"turns":6}],"seed_played":"-4277860261361724644","potions_obtained":[{"floor":7.0,"key":"PowerPotion"},{"floor":12.0,"key":"DistilledChaos"},{"floor":13.0,"key":"GamblersBrew"},{"floor":14.0,"key":"SkillPotion"},{"floor":16.0,"key":"SneckoOil"},{"floor":19.0,"key":"AttackPotion"},{"floor":28.0,"key":"EntropicBrew"},{"floor":30.0,"key":"SpeedPotion"},{"floor":31.0,"key":"Poison Potion"},{"floor":33.0,"key":"Block Potion"},{"floor":38,"key":"EntropicBrew"},{"floor":48,"key":"LiquidMemories"}],"is_trial":false,"path_per_floor":["M","?","M","M","?","R","E","R","T","E","$","M","E","M","R","B",null,"M","M","?","$","$","E","M","?","T","M","M","R","E","M","R","B",null,"M","?","?","M","$","R","?","M","T","E","M","E","M","E","R","B",null],"character_chosen":"THE_SILENT","items_purchased":["Membership Card","Venomology","Catalyst","Anchor","Bag of Preparation","PowerPotion"],"campfire_rested":0,"item_purchase_floors":[11,21,22,39,39,39],"current_hp_per_floor":[63,50,50,50,50,50,45,45,45,37,37,37,24,24,24,10,50,50,46,46,46,46,31,27,16,16,16,16,16,30,30,30,20,56,56,38,38,38,38,38,38,38,38,38,38,53,53,54,54,41],"gold":516,"neow_bonus":"ONE_RARE_RELIC","is_daily":false,"chose_seed":false,"campfire_upgraded":7,"win_rate":0.0,"timestamp":1612204371,"path_taken":["M","?","M","M","?","R","E","R","T","E","$","M","E","M","R","BOSS","M","?","?","?","$","E","M","?","T","M","M","R","E","M","R","BOSS","M","?","?","M","$","R","?","M","T","E","M","E","M","E","R","BOSS"],"items_purchased_type":["Relic","Card","Card","Relic","Relic","Potion"],"build_version":"2020-12-22","purchased_purges":3,"victory":true,"max_hp_per_floor":[63,63,63,63,63,63,63,63,63,63,63,63,63,63,63,63,63,63,63,63,63,63,63,63,68,68,68,68,68,68,68,68,68,68,68,68,68,68,68,68,68,68,68,68,68,68,68,68,68,68],"card_choices":[{"not_picked":["Deflect","Cloak And Dagger"],"picked":"Poisoned Stab","floor":1.0},{"not_picked":["Cloak And Dagger","Sucker Punch","Blade Dance"],"picked":"SKIP","floor":3.0},{"not_picked":["Blade Dance","Bane"],"picked":"Deadly Poison","floor":4.0},{"not_picked":["Malaise","Bouncing Flask"],"picked":"Crippling Poison","floor":7.0},{"not_picked":["Distraction","Riddle With Holes"],"picked":"Deadly Poison","floor":10.0},{"not_picked":["Reflex","Flying Knee"],"picked":"Bane","floor":12.0},{"not_picked":["Well Laid Plans","Slice"],"picked":"Deadly Poison","floor":13.0},{"not_picked":["Cloak And Dagger","Bane"],"picked":"Bouncing Flask","floor":14.0},{"not_picked":["A Thousand Cuts","Envenom"],"picked":"Unload","floor":16.0},{"not_picked":["Poisoned Stab+1","Underhanded Strike"],"picked":"Deadly Poison","floor":18.0},{"not_picked":["Bane","Poisoned Stab"],"picked":"Dash","floor":19.0},{"not_picked":["Dodge and Roll","Dagger Throw"],"picked":"Venomology","floor":23.0},{"not_picked":["Underhanded Strike","PiercingWail"],"picked":"Deadly Poison","floor":24.0},{"not_picked":["Underhanded Strike","Dodge and Roll","Poisoned Stab+1"],"picked":"SKIP","floor":27.0},{"not_picked":["Terror+1","Malaise"],"picked":"Backflip+1","floor":28.0},{"not_picked":["Cloak And Dagger","PiercingWail"],"picked":"Prepared+1","floor":30.0},{"not_picked":["Bane+1","Blur"],"picked":"Poisoned Stab","floor":31.0},{"not_picked":["Storm of Steel","Doppelganger"],"picked":"Adrenaline","floor":33.0},{"not_picked":["Sucker Punch+1","Dodge and Roll+1","Finisher+1"],"picked":"SKIP","floor":35.0},{"not_picked":["Backflip+1","Leg Sweep"],"picked":"Bouncing Flask","floor":36.0},{"not_picked":["Quick Slash+1","Flying Knee+1"],"picked":"Wraith Form v2","floor":38},{"not_picked":["Blur+1","Calculated Gamble"],"picked":"Backstab","floor":41},{"not_picked":["Underhanded Strike","Outmaneuver"],"picked":"Deadly Poison","floor":42},{"not_picked":["Dagger Spray+1","Dodge and Roll+1"],"picked":"Backflip+1","floor":44},{"not_picked":["Expertise+1","Backstab","Dagger Spray"],"picked":"SKIP","floor":45},{"not_picked":["Poisoned Stab+1","Sucker Punch+1"],"picked":"Backstab+1","floor":46},{"not_picked":["Poisoned Stab","Blur+1"],"picked":"Acrobatics+1","floor":47},{"not_picked":["Outmaneuver+1","Malaise","Die Die Die"],"picked":"SKIP","floor":48}],"player_experience":328458,"relics_obtained":[{"floor":7.0,"key":"Pen Nib"},{"floor":9.0,"key":"Vajra"},{"floor":10.0,"key":"Pocketwatch"},{"floor":13.0,"key":"InkBottle"},{"floor":23.0,"key":"MawBank"},{"floor":23.0,"key":"Paper Crane"},{"floor":26.0,"key":"Whetstone"},{"floor":30.0,"key":"Art of War"},{"floor":30.0,"key":"Unceasing Top"},{"floor":36.0,"key":"Gambling Chip"},{"floor":41,"key":"Ice Cream"},{"floor":43,"key":"War Paint"},{"floor":44,"key":"Smiling Mask"},{"floor":44,"key":"Pantograph"},{"floor":46,"key":"Toy Ornithopter"},{"floor":46,"key":"Sundial"},{"floor":48,"key":"Nunchaku"},{"floor":48,"key":"Bag of Marbles"}],"event_choices":[{"damage_healed":0.0,"max_hp_gain":0.0,"max_hp_loss":0.0,"gold_gain":0.0,"event_name":"Shining Light","player_choice":"Entered Light","floor":2.0,"gold_loss":0.0,"damage_taken":13.0,"cards_upgraded":["Strike_G","Strike_G"]},{"damage_healed":0.0,"max_hp_gain":0.0,"max_hp_loss":0.0,"gold_gain":0.0,"event_name":"FaceTrader","player_choice":"Trade","floor":5.0,"gold_loss":0.0,"damage_taken":0.0,"relics_obtained":["CultistMask"]},{"cards_removed":["Strike_G"],"damage_healed":0.0,"max_hp_gain":0.0,"max_hp_loss":0.0,"gold_gain":0.0,"event_name":"Beggar","player_choice":"Gave Gold","floor":20.0,"gold_loss":75.0,"damage_taken":0.0},{"damage_healed":0.0,"max_hp_gain":5.0,"max_hp_loss":0.0,"gold_gain":0.0,"event_name":"Forgotten Altar","player_choice":"Shed Blood","floor":25.0,"gold_loss":0.0,"damage_taken":16.0},{"damage_healed":0.0,"max_hp_gain":0.0,"max_hp_loss":0.0,"gold_gain":0.0,"event_name":"Mysterious Sphere","player_choice":"Fight","floor":36.0,"gold_loss":0.0,"damage_taken":0.0},{"cards_removed":["Neutralize"],"damage_healed":0.0,"max_hp_gain":0.0,"max_hp_loss":0.0,"gold_gain":0.0,"event_name":"Falling","player_choice":"Removed Attack","floor":37.0,"gold_loss":0.0,"damage_taken":0.0},{"damage_healed":0,"gold_gain":0,"player_choice":"Fight","damage_taken":0,"max_hp_gain":0,"max_hp_loss":0,"event_name":"MindBloom","floor":41,"gold_loss":0}],"is_beta":false,"boss_relics":[{"not_picked":["Pandora\u0027s Box","Snecko Eye"],"picked":"Black Star"},{"not_picked":["Velvet Choker","Fusion Hammer"],"picked":"Philosopher\u0027s Stone"}],"items_purged_floors":[11,21,39],"is_endless":false,"potions_floor_spawned":[7,12,13,14,16,19,28,30,31,33,35,38,41,42,48],"ascension_level":9}}