{"host":"36zn1fhase90d3ns","time":1612162732,"event":{"mods":["2.2 Compatiblity","AchievementEnabler","Act Like it!","Aspiration","BaseMod","BetterRewards","Block Reminder","Colored Map","Colored Powertips","Conspire","Curses Come First","Custom Start","Dark Map","Energized Spire","Friendly Minions","Halation","Hermit","Hubris","Minty Spire (QoL Compilation)","Prisma Mod","Quick Restart","Relic Sorter","Reliquary","Remilia??????","Replay The Spire","Spicy Shops","StSLib","The Necromancer","Unceasing Turn Reminder","Yohane!","??????REMEMod"],"gold_per_floor":[111,111,130,130,130,158,158,193,193,258,308,308,385,417,417,520,520,531,541,558,34,46,46,72,72,72,72,122,122,132,165,165,265,265,276,380,129,179,229,289,289,306,306,306,306,317,344,407,407,407,407,407,0,27,87],"floor_reached":56,"language":"ENG","playtime":2892,"items_purged":["Strike_RM","Strike_RM","Strike_RM"],"score":2091,"play_id":"dd39beb8-792b-4d1f-843d-ad33c2c2fa4f","local_time":"20210201005852","is_ascension_mode":true,"campfire_choices":[{"floor":7.0,"key":"REST"},{"floor":12.0,"key":"REST"},{"floor":15.0,"key":"RECALL"},{"data":"Injury","floor":23.0,"key":"SMITH"},{"data":"Combust","floor":25.0,"key":"SMITH"},{"data":"Combust+1","floor":29.0,"key":"SMITH"},{"data":"Combust+2","floor":32.0,"key":"SMITH"},{"data":"AbeCurse","floor":41.0,"key":"SMITH"},{"data":"Combust+3","floor":41.0,"key":"SMITH"},{"floor":45,"key":"REST"},{"floor":49,"key":"DIG"},{"data":"Combust+4","floor":52,"key":"SMITH"},{"data":"CurseOfVladTepes+1","floor":52,"key":"SMITH"}],"circlet_count":1,"master_deck":["Defend_RM","Defend_RM+1","Defend_RM","Defend_RM+1","RedMoon+1","ScarletShoot","CurseOfVladTepes+2","REME_FirmDetermination+1","EmergencyRegeneration","BombardNight+1","BombardNight+1","BombardNight+1","NightDance+1","ForecastOfChange+1","VampireClaw+1","DiffusionOfMisfortune+1","Combust+5","Stigmanizer+1","DiffusionOfMisfortune+1","EquivalentExchange+1","HeartBreak+1","CharismaGuard+1"],"relics":["ScarletHat","REME_ComplimentaryCards","Strange Spoon","aspiration:ChemicalBlood","aspiration:FrozenJewel","halation:PrussianBluePaint","SsserpentHead","halation:AfternoonTea","Replay:Rubber Ducky","Molten Egg 2","Blue Doll","Circlet","aspiration:IroncladSkillbook","conspire:InfiniteJournal","REME_PuzzleBoxRelic","Guide Book","reliquary:QuartzCube","Pantograph","Pondfish Scales","Abe\u0027s Treasure","Replay:Arrowhead","Replay:Bottled Eggs","halation:EternalFortune","Pet Ghost","Strawberry","reliquary:Buckler","Replay:WaspNest","hubris:EmptyBottle","REME_LimitBreaker"],"acts_visited":["Exordium","TheCity","TheBeyond","TheEnding"],"potions_floor_usage":[44,44,44,44,44,44,44,44,50,50,54,54,54,55,55,55,55,55,55,55,55,55,55,55,55,55,55,55,55,55],"damage_taken":[{"damage":0.0,"enemies":"2 Louse","floor":1.0,"turns":5.0},{"damage":2.0,"enemies":"Cultist","floor":3.0,"turns":7.0},{"damage":2.0,"enemies":"Lagavulin","floor":6.0,"turns":10.0},{"damage":83.0,"enemies":"Gremlin Nob","floor":8.0,"turns":8.0},{"damage":0.0,"enemies":"Small Slimes","floor":10.0,"turns":1.0},{"damage":0.0,"enemies":"3 Sentries","floor":14.0,"turns":4.0},{"damage":6.0,"enemies":"Hexaghost","floor":16.0,"turns":11.0},{"damage":0.0,"enemies":"2 Thieves","floor":18.0,"turns":4.0},{"damage":0.0,"enemies":"Spheric Guardian","floor":19.0,"turns":5.0},{"damage":0.0,"enemies":"conspire:HollyBat","floor":20.0,"turns":7.0},{"damage":0.0,"enemies":"3 Cultists","floor":22.0,"turns":2.0},{"damage":24.0,"enemies":"REME_1_Revenger","floor":24.0,"turns":6.0},{"damage":4.0,"enemies":"Snake Plant","floor":30.0,"turns":3.0},{"damage":4.0,"enemies":"conspire:Head Lice","floor":31.0,"turns":6.0},{"damage":4.0,"enemies":"conspire:MysteriousRune","floor":33.0,"turns":5.0},{"damage":0.0,"enemies":"3 Darklings","floor":35.0,"turns":4.0},{"damage":26.0,"enemies":"2 Orb Walkers","floor":36.0,"turns":3.0},{"damage":12.0,"enemies":"R_Hoarder","floor":40.0,"turns":5.0},{"damage":1.0,"enemies":"Orb Walker","floor":42.0,"turns":2.0},{"damage":110,"enemies":"Giant Head","floor":44,"turns":8},{"damage":6,"enemies":"3 Darklings","floor":46,"turns":7},{"damage":4,"enemies":"Nemesis","floor":47,"turns":5},{"damage":11,"enemies":"Sphere and 2 Shapes","floor":48,"turns":3},{"damage":77,"enemies":"Time Eater","floor":50,"turns":10},{"damage":2,"enemies":"Shield and Spear","floor":54,"turns":2},{"damage":106,"enemies":"The Heart","floor":55,"turns":6}],"seed_played":"5418510465892524014","potions_obtained":[{"floor":1.0,"key":"Energy Potion"},{"floor":8.0,"key":"AttackPotion"},{"floor":19.0,"key":"GamblersBrew"},{"floor":30.0,"key":"LiquidMemories"},{"floor":33.0,"key":"LiquidBronze"},{"floor":36.0,"key":"REME_GoldPotion"},{"floor":44,"key":"Venom Potion"},{"floor":46,"key":"Elixir"},{"floor":54,"key":"DuplicationPotion"}],"is_trial":false,"path_per_floor":["M","?","M","?","?","E","R","E","T","M","?","R","T","E","R","B",null,"M","M","M","$","M","R","E","R","T","$","?","R","M","E","R","B",null,"M","?","$","?","?","E","R","M","T","E","R","M","E","M","R_BF","B",null,"R","$","E","B",null],"character_chosen":"REMILIA","items_purchased":["Strange Spoon","aspiration:ChemicalBlood","aspiration:FrozenJewel","halation:PrussianBluePaint","REME_FirmDetermination","conspire:InfiniteJournal","REME_PuzzleBoxRelic","Guide Book","Replay:Bottled Eggs","Replay:WaspNest","hubris:EmptyBottle"],"campfire_rested":3,"item_purchase_floors":[0,0,0,0,0,21,21,21,37,53,53],"current_hp_per_floor":[29,29,29,14,14,18,40,18,18,18,18,40,40,52,52,63,72,75,75,75,75,75,75,57,57,57,57,57,57,66,66,66,75,75,75,53,53,53,56,58,58,66,66,18,41,60,78,71,71,22,72,72,72,74,38],"gold":87,"neow_bonus":"","is_daily":false,"chose_seed":false,"campfire_upgraded":8,"win_rate":0.0,"timestamp":1612162732,"path_taken":["M","?","?","?","?","E","R","E","T","?","?","R","?","E","R","BOSS","M","M","M","$","M","R","E","R","T","$","?","R","M","E","R","BOSS","M","?","$","?","?","E","R","M","T","E","R","M","E","?","R_BF","BOSS","R","$","E","BOSS"],"items_purchased_type":["Relic","Relic","Relic","Relic","Card","Relic","Relic","Relic","Relic","Relic","Relic"],"build_version":"2020-12-22","purchased_purges":3,"victory":true,"max_hp_per_floor":[75,75,75,75,75,75,75,75,75,75,75,75,75,75,75,75,75,75,75,75,75,75,75,75,75,75,75,75,75,75,75,75,75,75,75,75,75,75,78,78,78,78,78,78,78,78,88,88,88,88,88,88,88,88,88],"card_choices":[{"not_picked":["UnstableMagic","ScarletDream"],"picked":"EmergencyRegeneration","floor":1.0},{"not_picked":["RedRainbow","MastersStateliness"],"picked":"BombardNight","floor":3.0},{"not_picked":["ScarletGensokyo","RedRainbow"],"picked":"BombardNight","floor":6.0},{"not_picked":["StarOfDavid","HeartBreak"],"picked":"BombardNight","floor":8.0},{"not_picked":["UnderTheZenith","BlasphemousPunishment","LeisurelyOfLord"],"picked":"SKIP","floor":10.0},{"not_picked":["FitfulNightmare","BloodHunter"],"picked":"NightDance+1","floor":14.0},{"not_picked":["KillingBlow+1","BatForm"],"picked":"ForecastOfChange+1","floor":16.0},{"not_picked":["VampireKiss+1","hubris:ReadiedAction","FavorOfDestiny+1"],"picked":"VampireClaw+1","floor":18.0},{"not_picked":["Infernal Blade","BadLadyScramble+1","Warcry"],"picked":"DiffusionOfMisfortune+1","floor":19.0},{"not_picked":["Clash+1","Clothesline+1","True Grit","UnderTheZenith+1"],"picked":"SKIP","floor":20.0},{"not_picked":["ScarletNetherworld+1","ReincarnationDial+1","Spot Weakness","BloodAndWine"],"picked":"SKIP","floor":22.0},{"not_picked":["ScarletDream","BloodHunter","ScarletNetherworld+1"],"picked":"Combust","floor":24.0},{"not_picked":["FavorOfDestiny+1","Shrug It Off+1","UnderTheZenith"],"picked":"Stigmanizer+1","floor":30.0},{"not_picked":["Impervious","UnstableMagic","Cleave+1"],"picked":"DiffusionOfMisfortune+1","floor":31.0},{"not_picked":["Bludgeon+1","BloodyHallows","KillingBlow+1"],"picked":"EquivalentExchange","floor":33.0},{"not_picked":["Cleave+1","SuperhumanBloodyKnife+1","Headbutt+1","Thunderclap+1"],"picked":"SKIP","floor":35.0},{"not_picked":["ScarletImprint+1","Fire Breathing","Iron Wave+1"],"picked":"HeartBreak+1","floor":40.0},{"not_picked":["ReplayTheSpireMod:Muscle Training+1","conspire:ExplosiveBarrier+1","FavorOfDestiny+1","Combust+1"],"picked":"SKIP","floor":42.0},{"not_picked":["Clash+1","RedMagic+1","Sentinel","Warcry+1"],"picked":"SKIP","floor":46},{"not_picked":["Run Through+1","ReplayTheSpireMod:Strike From Hell+1","Flex","ScarletGensokyo+1"],"picked":"SKIP","floor":47},{"not_picked":["LeisurelyOfLord+1","EmergencyRegeneration","Clash+1"],"picked":"CharismaGuard+1","floor":48},{"not_picked":["Body Slam+1","Intimidate+1","FavorOfDestiny+1","UnstableMagic+1"],"picked":"SKIP","floor":54}],"player_experience":535703,"relics_obtained":[{"floor":6.0,"key":"halation:AfternoonTea"},{"floor":8.0,"key":"Replay:Rubber Ducky"},{"floor":13.0,"key":"Blue Doll"},{"floor":14.0,"key":"Dead Branch"},{"floor":24.0,"key":"reliquary:QuartzCube"},{"floor":26.0,"key":"Pantograph"},{"floor":31.0,"key":"Pondfish Scales"},{"floor":36.0,"key":"Replay:Arrowhead"},{"floor":40.0,"key":"Pet Ghost"},{"floor":47,"key":"halation:EternalFortune"},{"floor":47,"key":"Strawberry"},{"floor":49,"key":"reliquary:Buckler"},{"floor":54,"key":"REME_LimitBreaker"}],"event_choices":[{"cards_removed":["Strike_RM"],"damage_healed":0.0,"max_hp_gain":0.0,"max_hp_loss":0.0,"gold_gain":0.0,"event_name":"Purifier","player_choice":"Purged","floor":2.0,"gold_loss":0.0,"damage_taken":0.0},{"damage_healed":0.0,"max_hp_gain":0.0,"max_hp_loss":0.0,"gold_gain":0.0,"event_name":"Shining Light","player_choice":"Entered Light","floor":4.0,"gold_loss":0.0,"damage_taken":15.0,"cards_upgraded":["Defend_RM","Defend_RM"]},{"damage_healed":0.0,"max_hp_gain":0.0,"max_hp_loss":0.0,"gold_gain":0.0,"event_name":"FaceTrader","player_choice":"Trade","floor":5.0,"gold_loss":0.0,"damage_taken":0.0,"relics_obtained":["SsserpentHead"]},{"damage_healed":0.0,"max_hp_gain":0.0,"max_hp_loss":0.0,"gold_gain":0.0,"event_name":"Mysterious Sphere","player_choice":"Fight","floor":36.0,"gold_loss":0.0,"damage_taken":0.0},{"damage_healed":0.0,"max_hp_gain":0.0,"max_hp_loss":0.0,"gold_gain":0.0,"event_name":"conspire:Investor","player_choice":"Leave","floor":38.0,"gold_loss":0.0,"damage_taken":0.0}],"is_beta":false,"boss_relics":[{"not_picked":["hubris:GrandSneckoEye","ReplayTheSpireMod:DimensionalGlitch"],"picked":"aspiration:IroncladSkillbook"},{"not_picked":["Coffee Dripper","halation:SmartPhone"],"picked":"Abe\u0027s Treasure"}],"items_purged_floors":[0,0,0],"is_endless":false,"potions_floor_spawned":[1,8,19,24,33,36,44,46,54],"ascension_level":6}}