{"host":"t8facflq355xg1wc","time":1612205757,"event":{"mods":["AchievementEnabler","BaseMod","DeckTracker","Minty Spire (QoL Compilation)","StSLib","SuperFastMode"],"gold_per_floor":[110,35,35,35,48,83,83,113,139,139,139,39,78,102,102,222,222,242,266,38,38,38,79,79,113,113,113,138,93,137,12,12,131,131,146,146,159,113,113,147,147,19,19,53,67,80,143,143,143,143],"floor_reached":51,"language":"KOR","playtime":4529,"items_purged":["Defend_G","Injury","Strike_G"],"score":850,"play_id":"89b38ba6-f2c0-463f-8580-04caf2e9fcf4","local_time":"20210202035557","is_ascension_mode":true,"campfire_choices":[{"floor":7,"key":"REST"},{"floor":10,"key":"REST"},{"data":"Neutralize","floor":15,"key":"SMITH"},{"data":"Die Die Die","floor":24,"key":"SMITH"},{"floor":27,"key":"REST"},{"floor":32,"key":"REST"},{"floor":41,"key":"REST"},{"data":"Backflip","floor":49,"key":"SMITH"}],"circlet_count":0,"master_deck":["Strike_G","Strike_G+1","Strike_G","Strike_G","Defend_G+1","Defend_G","Defend_G","Defend_G","Survivor","Neutralize+1","Backflip+1","Footwork+1","Infinite Blades+1","Die Die Die+1","Crippling Poison","Blade Dance+1","Accuracy+1","Writhe","Slice","Choke+1","Acrobatics+1","Cloak And Dagger+1","Well Laid Plans+1","Corpse Explosion+1","Blur+1","Blade Dance+1","Madness+1","Madness+1","After Image+1","Outmaneuver+1","Phantasmal Killer+1","Cloak And Dagger+1"],"relics":["Ring of the Serpent","NeowsBlessing","Toy Ornithopter","Frozen Egg 2","Potion Belt","Ancient Tea Set","Golden Idol","Blood Vial","WristBlade","Lee\u0027s Waffle","Mango","Lantern","Toxic Egg 2","Sundial","Ice Cream","Boot","Pear","Tingsha","Gambling Chip"],"acts_visited":["Exordium","TheCity","TheBeyond"],"potions_floor_usage":[8,13,13,13,13,16,16,16,23,28,33,40,45,46,46,50],"damage_taken":[{"damage":0,"enemies":"Jaw Worm","floor":1,"turns":1},{"damage":0,"enemies":"2 Louse","floor":5,"turns":1},{"damage":0,"enemies":"3 Sentries","floor":6,"turns":1},{"damage":38,"enemies":"Lagavulin","floor":8,"turns":13},{"damage":4,"enemies":"Gremlin Nob","floor":13,"turns":3},{"damage":0,"enemies":"Cultist","floor":14,"turns":4},{"damage":40,"enemies":"Hexaghost","floor":16,"turns":18},{"damage":9,"enemies":"Shell Parasite","floor":18,"turns":7},{"damage":27,"enemies":"2 Thieves","floor":19,"turns":4},{"damage":37,"enemies":"Slavers","floor":23,"turns":3},{"damage":10,"enemies":"Book of Stabbing","floor":25,"turns":4},{"damage":28,"enemies":"Snake Plant","floor":28,"turns":4},{"damage":22,"enemies":"Gremlin Leader","floor":30,"turns":6},{"damage":25,"enemies":"Collector","floor":33,"turns":7},{"damage":40,"enemies":"3 Darklings","floor":35,"turns":4},{"damage":5,"enemies":"Orb Walker","floor":37,"turns":3},{"damage":10,"enemies":"Giant Head","floor":40,"turns":6},{"damage":23,"enemies":"Reptomancer","floor":44,"turns":6},{"damage":8,"enemies":"Spire Growth","floor":45,"turns":4},{"damage":6,"enemies":"Writhing Mass","floor":46,"turns":4},{"damage":0,"enemies":"Mind Bloom Boss Battle","floor":47,"turns":3},{"damage":12,"enemies":"Time Eater","floor":50,"turns":6}],"seed_played":"2568493316537273198","potions_obtained":[{"floor":1,"key":"Weak Potion"},{"floor":6,"key":"EntropicBrew"},{"floor":8,"key":"Poison Potion"},{"floor":19,"key":"AttackPotion"},{"floor":25,"key":"SpeedPotion"},{"floor":28,"key":"Fruit Juice"},{"floor":33,"key":"Weak Potion"},{"floor":35,"key":"Fire Potion"},{"floor":40,"key":"Fire Potion"},{"floor":44,"key":"Swift Potion"},{"floor":45,"key":"Ancient Potion"}],"is_trial":false,"path_per_floor":["M","$","?","?","M","E","R","E","T","R","?","$","E","M","R","B",null,"M","M","$","?","?","E","R","E","T","R","M","$","E","$","R","B",null,"M","?","M","$","?","E","R","$","T","E","M","M","?","?","R","B",null],"character_chosen":"THE_SILENT","items_purchased":["Accuracy+1","Lee\u0027s Waffle","Cloak And Dagger+1","Blade Dance+1","AttackPotion","GamblersBrew"],"campfire_rested":5,"item_purchase_floors":[20,20,29,38,42,42],"current_hp_per_floor":[70,70,45,31,31,31,52,19,19,40,40,40,56,58,58,35,70,61,36,77,91,91,54,54,46,46,73,57,57,37,37,65,47,96,56,56,53,53,41,38,66,66,76,55,54,60,62,93,93,84],"gold":143,"neow_bonus":"THREE_ENEMY_KILL","is_daily":false,"chose_seed":false,"campfire_upgraded":3,"win_rate":0.0,"timestamp":1612205757,"path_taken":["M","$","?","?","M","E","R","E","T","R","?","?","E","?","R","BOSS","M","M","?","?","?","E","R","E","T","R","M","$","E","$","R","BOSS","M","?","M","$","?","E","R","$","T","E","M","M","?","?","R","BOSS"],"items_purchased_type":["Card","Relic","Card","Card","Potion","Potion"],"build_version":"2020-12-22","purchased_purges":3,"victory":true,"max_hp_per_floor":[70,70,70,70,70,70,70,70,70,70,70,70,70,70,70,70,70,70,70,77,91,91,91,91,91,91,91,96,96,96,96,96,96,96,96,96,96,96,96,96,96,96,106,106,106,106,106,93,93,93],"card_choices":[{"not_picked":["Masterful Stab","Riddle With Holes","Quick Slash"],"picked":"SKIP","floor":1},{"not_picked":["Poisoned Stab","Outmaneuver"],"picked":"Backflip","floor":5},{"not_picked":["Sucker Punch","Tactician"],"picked":"Footwork+1","floor":6},{"not_picked":["Dash","Acrobatics","Underhanded Strike"],"picked":"SKIP","floor":8},{"not_picked":["Slice","Sucker Punch"],"picked":"Infinite Blades+1","floor":13},{"not_picked":["All Out Attack","Prepared","Underhanded Strike"],"picked":"SKIP","floor":14},{"not_picked":["Burst","Phantasmal Killer"],"picked":"Die Die Die","floor":16},{"not_picked":["Underhanded Strike","All Out Attack"],"picked":"Crippling Poison","floor":18},{"not_picked":["Masterful Stab","Dodge and Roll"],"picked":"Blade Dance+1","floor":19},{"not_picked":["Endless Agony+1","Deflect"],"picked":"Choke+1","floor":23},{"not_picked":["Prepared+1","Underhanded Strike","Heel Hook+1"],"picked":"SKIP","floor":25},{"not_picked":["Deadly Poison+1","Noxious Fumes+1"],"picked":"Acrobatics+1","floor":28},{"not_picked":["Backflip+1","Poisoned Stab+1"],"picked":"Well Laid Plans+1","floor":30},{"not_picked":["A Thousand Cuts+1","Tools of the Trade+1"],"picked":"Corpse Explosion+1","floor":33},{"not_picked":["Slice","Tactician+1"],"picked":"Blur+1","floor":35},{"not_picked":["Blur+1","Eviscerate+1","Dagger Throw+1"],"picked":"SKIP","floor":37},{"not_picked":["Dagger Spray","Heel Hook"],"picked":"After Image+1","floor":40},{"not_picked":["Poisoned Stab+1","Deflect+1","Skewer"],"picked":"SKIP","floor":44},{"not_picked":["PiercingWail+1","Dagger Throw"],"picked":"Outmaneuver+1","floor":45},{"not_picked":["Slice+1","Bane"],"picked":"Phantasmal Killer+1","floor":46},{"not_picked":["Backflip+1","Bane+1"],"picked":"Cloak And Dagger+1","floor":47}],"player_experience":88525,"relics_obtained":[{"floor":6,"key":"Frozen Egg 2"},{"floor":8,"key":"Potion Belt"},{"floor":9,"key":"Ancient Tea Set"},{"floor":13,"key":"Blood Vial"},{"floor":23,"key":"Lantern"},{"floor":25,"key":"Toxic Egg 2"},{"floor":26,"key":"Sundial"},{"floor":30,"key":"Ice Cream"},{"floor":40,"key":"Boot"},{"floor":43,"key":"Pear"},{"floor":44,"key":"Tingsha"},{"floor":47,"key":"Gambling Chip"}],"event_choices":[{"damage_healed":0,"gold_gain":0,"player_choice":"Success","damage_taken":25,"relics_obtained":["Toy Ornithopter"],"max_hp_gain":0,"max_hp_loss":0,"event_name":"Scrap Ooze","floor":3,"gold_loss":0},{"damage_healed":0,"gold_gain":0,"player_choice":"Entered Light","damage_taken":14,"max_hp_gain":0,"max_hp_loss":0,"event_name":"Shining Light","floor":4,"gold_loss":0,"cards_upgraded":["Strike_G","Defend_G"]},{"damage_healed":0,"gold_gain":0,"player_choice":"Take Wound","damage_taken":0,"relics_obtained":["Golden Idol"],"max_hp_gain":0,"max_hp_loss":0,"event_name":"Golden Idol","floor":11,"gold_loss":0,"cards_obtained":["Injury"]},{"damage_healed":0,"gold_gain":0,"player_choice":"Opened","damage_taken":0,"relics_obtained":["Mango"],"max_hp_gain":0,"max_hp_loss":0,"event_name":"The Mausoleum","floor":21,"gold_loss":0,"cards_obtained":["Writhe"]},{"damage_healed":0,"gold_gain":0,"player_choice":"Read","damage_taken":0,"max_hp_gain":0,"max_hp_loss":0,"event_name":"The Library","floor":22,"gold_loss":0,"cards_obtained":["Slice"]},{"damage_healed":0,"gold_gain":0,"player_choice":"Ignored","damage_taken":0,"max_hp_gain":0,"max_hp_loss":0,"event_name":"Tomb of Lord Red Mask","floor":36,"gold_loss":0},{"damage_healed":0,"gold_gain":0,"player_choice":"Embrace Madness","damage_taken":12,"max_hp_gain":0,"max_hp_loss":0,"event_name":"Winding Halls","floor":39,"gold_loss":0,"cards_obtained":["Madness","Madness"]},{"damage_healed":0,"gold_gain":0,"player_choice":"Fight","damage_taken":0,"max_hp_gain":0,"max_hp_loss":0,"event_name":"MindBloom","floor":47,"gold_loss":0},{"damage_healed":93,"gold_gain":0,"player_choice":"Heal","damage_taken":0,"max_hp_gain":0,"max_hp_loss":13,"event_name":"The Moai Head","floor":48,"gold_loss":0}],"is_beta":false,"boss_relics":[{"not_picked":["SlaversCollar","Velvet Choker"],"picked":"WristBlade"},{"not_picked":["Astrolabe","SacredBark"],"picked":"Ring of the Serpent"}],"items_purged_floors":[2,12,31],"is_endless":false,"potions_floor_spawned":[1,6,8,19,25,28,33,35,40,44,45],"ascension_level":2}}