{"host":"vt6dr1xq3iy14a3e","time":1612218802,"event":{"mods":["AchievementEnabler","BaseMod","Colored Map","DeckTracker","Minty Spire (QoL Compilation)","StSLib","SuperFastMode"],"gold_per_floor":[116,132,82,7,19,19,36,36,117,117,132,132,155,195,195,324,324,347,367,367,367,392,432,432,294,294,314,355,378,394,409,409,530,530,554,570,10,28,44,44,77,77,77,92,92,9,29,29,29,29,29,29,3,38,38],"floor_reached":56,"language":"KOR","playtime":4975,"items_purged":["Strike_B","Defend_B","Strike_B"],"score":1967,"play_id":"93b266ce-d4d5-4c92-be49-d489a8af3ae5","local_time":"20210202073322","is_ascension_mode":true,"campfire_choices":[{"data":"Dualcast","floor":6.0,"key":"SMITH"},{"data":"Defragment","floor":8.0,"key":"SMITH"},{"floor":12.0,"key":"REST"},{"data":"Blizzard","floor":15.0,"key":"SMITH"},{"data":"Echo Form","floor":24.0,"key":"SMITH"},{"data":"Glacier","floor":32.0,"key":"SMITH"},{"data":"Defragment","floor":40.0,"key":"SMITH"},{"floor":42,"key":"RECALL"},{"data":"FTL","floor":49,"key":"SMITH"},{"data":"Zap","floor":52,"key":"SMITH"}],"circlet_count":0,"master_deck":["AscendersBane","Defend_B","Defend_B","Zap+1","Dualcast+1","Cold Snap","Blizzard+1","Defragment+1","Glacier+1","Coolheaded+1","Echo Form+1","Recycle+1","Hologram+1","FTL+1","Core Surge","Coolheaded+1","Coolheaded+1","Defragment+1","Conserve Battery+1","Purity+1","Steam Power+1","Writhe","Conserve Battery+1","Steam+1"],"relics":["Empty Cage","Toxic Egg 2","Golden Idol","Bag of Marbles","Coffee Dripper","Eternal Feather","CaptainsWheel","HornCleat","Philosopher\u0027s Stone","Calipers","OrangePellets","Art of War","Orichalcum","Toy Ornithopter"],"acts_visited":["Exordium","TheCity","TheBeyond","TheEnding"],"potions_floor_usage":[55],"damage_taken":[{"damage":1.0,"enemies":"2 Louse","floor":1.0,"turns":3.0},{"damage":11.0,"enemies":"Jaw Worm","floor":2.0,"turns":6.0},{"damage":13.0,"enemies":"Small Slimes","floor":5.0,"turns":5.0},{"damage":4.0,"enemies":"Exordium Thugs","floor":7.0,"turns":7.0},{"damage":2.0,"enemies":"2 Fungi Beasts","floor":11.0,"turns":4.0},{"damage":0.0,"enemies":"Large Slime","floor":13.0,"turns":8.0},{"damage":0.0,"enemies":"Gremlin Nob","floor":14.0,"turns":6.0},{"damage":11.0,"enemies":"Slime Boss","floor":16.0,"turns":10.0},{"damage":12.0,"enemies":"2 Thieves","floor":18.0,"turns":4.0},{"damage":7.0,"enemies":"Shell Parasite","floor":19.0,"turns":6.0},{"damage":0.0,"enemies":"Centurion and Healer","floor":22.0,"turns":5.0},{"damage":0.0,"enemies":"Gremlin Leader","floor":23.0,"turns":6.0},{"damage":0.0,"enemies":"3 Cultists","floor":27.0,"turns":5.0},{"damage":0.0,"enemies":"Book of Stabbing","floor":28.0,"turns":7.0},{"damage":1.0,"enemies":"Snake Plant","floor":29.0,"turns":5.0},{"damage":19.0,"enemies":"Chosen and Byrds","floor":30.0,"turns":7.0},{"damage":0.0,"enemies":"Centurion and Healer","floor":31.0,"turns":4.0},{"damage":0.0,"enemies":"Automaton","floor":33.0,"turns":9.0},{"damage":13.0,"enemies":"3 Darklings","floor":35.0,"turns":4.0},{"damage":40.0,"enemies":"3 Shapes","floor":36.0,"turns":5.0},{"damage":0.0,"enemies":"3 Darklings","floor":38.0,"turns":3.0},{"damage":2.0,"enemies":"4 Shapes","floor":39.0,"turns":3.0},{"damage":10,"enemies":"Reptomancer","floor":41,"turns":7},{"damage":12,"enemies":"Sphere and 2 Shapes","floor":44,"turns":5},{"damage":0,"enemies":"Spire Growth","floor":47,"turns":5},{"damage":14,"enemies":"Awakened One","floor":50,"turns":14},{"damage":26,"enemies":"Shield and Spear","floor":54,"turns":7},{"damage":40,"enemies":"The Heart","floor":55,"turns":13}],"seed_played":"2396203044849495259","potions_obtained":[{"floor":7.0,"key":"PowerPotion"},{"floor":13.0,"key":"PotionOfCapacity"},{"floor":14.0,"key":"PowerPotion"},{"floor":18.0,"key":"SkillPotion"},{"floor":19.0,"key":"Block Potion"},{"floor":29.0,"key":"SpeedPotion"},{"floor":31.0,"key":"Energy Potion"},{"floor":38.0,"key":"SkillPotion"},{"floor":44,"key":"Fire Potion"},{"floor":47,"key":"SmokeBomb"}],"is_trial":false,"path_per_floor":["M","M","?","$","M","R","M","R","T","?","M","R","M","E","R","B",null,"M","M","?","?","M","E","R","$","T","M","E","M","M","M","R","B",null,"M","M","$","M","M","R","E","R","T","M","?","$","M","?","R","B",null,"R","$","E","B",null],"character_chosen":"DEFECT","items_purchased":["FTL","Calipers","OrangePellets","Purity+1","Conserve Battery+1"],"campfire_rested":1,"item_purchase_floors":[25,37,37,46,53],"current_hp_per_floor":[67,56,56,56,43,43,39,39,39,39,37,57,57,57,57,46,63,51,44,44,44,44,44,53,53,53,53,53,52,33,33,42,42,62,49,9,9,9,7,16,6,18,18,6,6,6,6,23,35,21,57,69,69,43,8],"gold":38,"neow_bonus":"BOSS_RELIC","is_daily":false,"chose_seed":false,"campfire_upgraded":8,"win_rate":0.0,"timestamp":1612218802,"path_taken":["M","M","?","$","M","R","M","R","T","?","M","R","M","E","R","BOSS","M","M","?","?","M","E","R","$","T","M","E","?","M","M","R","BOSS","M","M","$","M","M","R","E","R","T","M","?","$","M","?","R","BOSS","R","$","E","BOSS"],"items_purchased_type":["Card","Relic","Relic","Card","Card"],"build_version":"2020-12-22","purchased_purges":3,"victory":true,"max_hp_per_floor":[75,75,75,75,75,75,75,75,75,69,69,69,69,69,69,69,69,69,69,69,69,69,69,69,69,69,69,69,69,69,69,69,69,69,69,69,69,69,69,69,69,69,69,69,69,69,69,69,69,69,69,69,69,69,69],"card_choices":[{"not_picked":["Hologram","Beam Cell"],"picked":"Cold Snap","floor":1.0},{"not_picked":["Compile Driver","Streamline"],"picked":"Blizzard","floor":2.0},{"not_picked":["Beam Cell","Cold Snap"],"picked":"Defragment","floor":5.0},{"not_picked":["Redo","Conserve Battery"],"picked":"Glacier","floor":7.0},{"not_picked":["Compile Driver","Hologram+1"],"picked":"Coolheaded+1","floor":11.0},{"not_picked":["Redo+1","Sweeping Beam"],"picked":"Recycle+1","floor":13.0},{"not_picked":["Creative AI","Barrage","Beam Cell"],"picked":"SKIP","floor":14.0},{"not_picked":["Rainbow+1","All For One"],"picked":"Echo Form","floor":16.0},{"not_picked":["Cold Snap","Melter+1"],"picked":"Recycle+1","floor":18.0},{"not_picked":["Ball Lightning+1","Gash"],"picked":"Hologram+1","floor":19.0},{"not_picked":["Ball Lightning+1","Gash"],"picked":"Glacier+1","floor":22.0},{"not_picked":["Barrage+1","Compile Driver","Buffer"],"picked":"SKIP","floor":23.0},{"not_picked":["Storm","Leap+1","Streamline"],"picked":"SKIP","floor":27.0},{"not_picked":["Compile Driver","Streamline","Cold Snap"],"picked":"SKIP","floor":28.0},{"not_picked":["Fusion+1","Leap+1","Doom and Gloom"],"picked":"SKIP","floor":29.0},{"not_picked":["Fusion+1","Doom and Gloom","Beam Cell"],"picked":"SKIP","floor":30.0},{"not_picked":["Chaos+1","Melter","Rebound+1"],"picked":"SKIP","floor":31.0},{"not_picked":["Biased Cognition","Amplify+1"],"picked":"Core Surge","floor":33.0},{"not_picked":["Redo+1","Stack+1"],"picked":"Coolheaded+1","floor":35.0},{"not_picked":["Aggregate+1","Streamline+1"],"picked":"Coolheaded+1","floor":36.0},{"not_picked":["Sweeping Beam","Leap+1","Hologram+1"],"picked":"SKIP","floor":38.0},{"not_picked":["Sunder","Gash+1"],"picked":"Defragment","floor":39.0},{"not_picked":["Melter","Ball Lightning"],"picked":"Conserve Battery+1","floor":41},{"not_picked":["Reprogram+1","Hologram+1","Consume+1"],"picked":"SKIP","floor":44},{"not_picked":["Rainbow+1","Compile Driver"],"picked":"Steam Power+1","floor":47},{"not_picked":["Conserve Battery+1","Tempest+1"],"picked":"Steam+1","floor":54}],"player_experience":1007735,"relics_obtained":[{"floor":9.0,"key":"Toxic Egg 2"},{"floor":14.0,"key":"Bag of Marbles"},{"floor":23.0,"key":"CaptainsWheel"},{"floor":28.0,"key":"HornCleat"},{"floor":41,"key":"Art of War"},{"floor":43,"key":"Orichalcum"},{"floor":54,"key":"Toy Ornithopter"}],"event_choices":[{"cards_removed":["Defend_B"],"damage_healed":0.0,"max_hp_gain":0.0,"max_hp_loss":0.0,"gold_gain":0.0,"event_name":"The Cleric","player_choice":"Card Removal","floor":3.0,"gold_loss":50.0,"damage_taken":0.0},{"damage_healed":0.0,"max_hp_gain":0.0,"max_hp_loss":6.0,"gold_gain":0.0,"event_name":"Golden Idol","player_choice":"Lose Max HP","floor":10.0,"gold_loss":0.0,"damage_taken":0.0,"relics_obtained":["Golden Idol"]},{"damage_healed":0.0,"max_hp_gain":0.0,"max_hp_loss":0.0,"gold_gain":0.0,"event_name":"Cursed Tome","player_choice":"Ignored","floor":20.0,"gold_loss":0.0,"damage_taken":0.0},{"cards_removed":["Recycle"],"damage_healed":0.0,"max_hp_gain":0.0,"max_hp_loss":0.0,"gold_gain":0.0,"event_name":"WeMeetAgain","player_choice":"Gave Card","floor":21.0,"gold_loss":0.0,"damage_taken":0.0,"relics_obtained":["Eternal Feather"]},{"cards_removed":["Glacier"],"damage_healed":0,"gold_gain":0,"player_choice":"Removed Skill","damage_taken":0,"max_hp_gain":0,"max_hp_loss":0,"event_name":"Falling","floor":45,"gold_loss":0},{"damage_healed":17,"gold_gain":0,"player_choice":"Writhe","damage_taken":0,"max_hp_gain":0,"max_hp_loss":0,"event_name":"Winding Halls","floor":48,"gold_loss":0,"cards_obtained":["Writhe"]}],"is_beta":false,"boss_relics":[{"not_picked":["Busted Crown","Nuclear Battery"],"picked":"Coffee Dripper"},{"not_picked":["Pandora\u0027s Box","Velvet Choker"],"picked":"Philosopher\u0027s Stone"}],"items_purged_floors":[4,25,37],"is_endless":false,"potions_floor_spawned":[7,13,14,18,19,29,31,38,44,47],"ascension_level":12}}