{"host":"m0bekkrd201b63ug","time":1612193655,"event":{"mods":["AchievementEnabler","BaseMod","Colored Powertips","Minty Spire (QoL Compilation)","Rare Cards Sparkle","StSLib","SuperFastMode","everything is the same but u backflip on backflip","slay the spire mod where everything is the same but ironclad has a cowboy hat"],"gold_per_floor":[113,132,151,151,162,162,162,178,178,191,191,270,290,62,62,139,139,106,106,106,27,77,77,77],"floor_reached":23,"language":"ENG","playtime":677,"items_purged":["Strike_G"],"score":404,"play_id":"d40dce38-8845-4c6e-825e-aa01c52049d9","local_time":"20210201133415","is_ascension_mode":true,"campfire_choices":[{"data":"Bane","floor":6.0,"key":"SMITH"},{"data":"Deadly Poison","floor":11,"key":"SMITH"},{"data":"Bane","floor":15,"key":"SMITH"}],"circlet_count":0,"master_deck":["AscendersBane","Strike_G","Strike_G","Defend_G","Defend_G","Defend_G","Defend_G","Defend_G","Survivor","Neutralize","Deadly Poison+1","Dodge and Roll","Bane+1","Dodge and Roll","Bane+1","Adrenaline","PiercingWail","Noxious Fumes"],"relics":["Empty Cage","Bottled Lightning","Oddly Smooth Stone","Black Star"],"acts_visited":["Exordium","TheCity"],"potions_floor_usage":[16,23],"damage_taken":[{"damage":5.0,"enemies":"Cultist","floor":1.0,"turns":6.0},{"damage":11.0,"enemies":"Jaw Worm","floor":2.0,"turns":7.0},{"damage":16.0,"enemies":"Small Slimes","floor":3.0,"turns":6.0},{"damage":2.0,"enemies":"2 Fungi Beasts","floor":5.0,"turns":4.0},{"damage":0,"enemies":"Blue Slaver","floor":8,"turns":4},{"damage":2,"enemies":"Looter","floor":10,"turns":4},{"damage":1,"enemies":"Exordium Wildlife","floor":13,"turns":4},{"damage":0,"enemies":"The Guardian","floor":16,"turns":11},{"damage":10,"enemies":"2 Thieves","floor":18,"turns":5},{"damage":31,"enemies":"Book of Stabbing","floor":23,"turns":7}],"seed_played":"-6896261211875490229","potions_obtained":[{"floor":1.0,"key":"Swift Potion"},{"floor":3.0,"key":"DuplicationPotion"},{"floor":13,"key":"PowerPotion"},{"floor":16,"key":"Dexterity Potion"}],"is_trial":false,"path_per_floor":["M","M","M","?","M","R","?","M","T","M","R","?","M","$","R","B",null,"M","?","?","$","?","E"],"character_chosen":"THE_SILENT","items_purchased":["Oddly Smooth Stone","Noxious Fumes"],"campfire_rested":0,"item_purchase_floors":[14,21],"current_hp_per_floor":[54,43,27,32,30,30,30,30,30,28,28,28,27,27,27,27,60,50,30,30,30,30,0,0],"gold":77,"neow_bonus":"BOSS_RELIC","is_daily":false,"chose_seed":false,"campfire_upgraded":3,"win_rate":0.0,"timestamp":1612193655,"path_taken":["M","M","?","?","M","R","?","M","T","M","R","?","M","?","R","BOSS","M","?","?","$","?","E"],"items_purchased_type":["Relic","Card"],"build_version":"2020-12-22","purchased_purges":1,"victory":false,"max_hp_per_floor":[66,66,66,71,71,71,71,71,71,71,71,71,71,71,71,71,71,71,76,76,76,76,76,76],"card_choices":[{"not_picked":["Outmaneuver","Tactician"],"picked":"Deadly Poison","floor":1.0},{"not_picked":["Finisher","Reflex"],"picked":"Dodge and Roll","floor":2.0},{"not_picked":["Slice","Caltrops"],"picked":"Bane","floor":3.0},{"not_picked":["Underhanded Strike","Expertise","Infinite Blades"],"picked":"SKIP","floor":5.0},{"not_picked":["Dagger Throw","Dagger Spray"],"picked":"Dodge and Roll","floor":8},{"not_picked":["Underhanded Strike","All Out Attack","Dagger Throw"],"picked":"SKIP","floor":10},{"not_picked":["All Out Attack","Blade Dance"],"picked":"Bane","floor":13},{"not_picked":["Phantasmal Killer","Malaise"],"picked":"Adrenaline","floor":16},{"not_picked":["Poisoned Stab","Concentrate"],"picked":"PiercingWail","floor":18}],"player_experience":223781,"relics_obtained":[{"floor":9,"key":"Bottled Lightning"}],"event_choices":[{"damage_healed":0.0,"max_hp_gain":5.0,"max_hp_loss":0.0,"gold_gain":0.0,"event_name":"Big Fish","player_choice":"Donut","floor":4.0,"gold_loss":0.0,"damage_taken":0.0},{"damage_healed":0,"gold_gain":0,"player_choice":"Ignored","damage_taken":0,"max_hp_gain":0,"max_hp_loss":0,"event_name":"Shining Light","floor":7,"gold_loss":0},{"damage_healed":0,"gold_gain":79,"player_choice":"Gained Gold","damage_taken":0,"max_hp_gain":0,"max_hp_loss":0,"event_name":"Golden Wing","floor":12,"gold_loss":0},{"damage_healed":0,"gold_gain":0,"player_choice":"Shed Blood","damage_taken":25,"max_hp_gain":5,"max_hp_loss":0,"event_name":"Forgotten Altar","floor":19,"gold_loss":0},{"damage_healed":0,"gold_gain":0,"player_choice":"Ignored","damage_taken":0,"max_hp_gain":0,"max_hp_loss":0,"event_name":"Vampires","floor":20,"gold_loss":0},{"damage_healed":0,"gold_gain":50,"player_choice":"Pray","damage_taken":0,"max_hp_gain":0,"max_hp_loss":0,"event_name":"Golden Shrine","floor":22,"gold_loss":0}],"is_beta":false,"boss_relics":[{"not_picked":["Sozu","Tiny House"],"picked":"Black Star"}],"items_purged_floors":[14],"is_endless":false,"potions_floor_spawned":[1,3,13,16,18],"killed_by":"Book of Stabbing","ascension_level":15}}