{"host":"ehgz297skgb1u9fr","time":1612208695,"event":{"mods":["2.2 Compatiblity","Act Like it!","Aspiration","BaseMod","Conspire","Energized Spire","Hubris","Minty Spire (QoL Compilation)","RRrroohrrRGHHhhh!!","Reliquary","Replay The Spire","Retaliation","Shop Mod","Small Relic Pack","StS++","StSLib","Wandering Minibosses","Wide Potions"],"gold_per_floor":[114,132,143,143,218,253,313,333,357,421,421,421,495,527,527,626,626,644,664,678,743,768,799,799,824,851,877,877,370,479,491,491,590,590,604,530,564,580,580,697,697,812,812,920,937,822,822,835,835,835,835,835,28,55,55],"floor_reached":56,"language":"ENG","playtime":3868,"items_purged":["Delirium","Parasite"],"score":1350,"play_id":"7ac09f57-c8b9-45d1-bb10-016af8712bbc","local_time":"20210201134455","is_ascension_mode":true,"campfire_choices":[{"floor":15,"key":"REST"},{"floor":24,"key":"RECALL"},{"floor":41,"key":"REST"},{"data":"True Grit","floor":49,"key":"SMITH"},{"data":"Sword Boomerang","floor":52,"key":"SMITH"}],"circlet_count":0,"master_deck":["Strike_R","Strike_R","Strike_R+1","Strike_R","Strike_R+1","Defend_R","Defend_R","Defend_R","Defend_R","Bash","Perfected Strike+1","ReplayTheSpireMod:Strike From Hell","Shrug It Off","True Grit+1","Wild Strike+1","Sword Boomerang+1","conspire:ExplosiveBarrier","hubris:StunningStrike","Pommel Strike","Perfected Strike+1","Inflame","hubris:SharpeningStone+1","Midas Touch+1","Thunderclap","Uppercut+1","StSpp:TheBiggerTheyAre+1","Pommel Strike","DDmod:UnstoppableAttack+1","Bandage Up","Violence","Flash of Steel"],"relics":["Burning Blood","ReplayTheSpireMod:Ring of Exchange","ReplayTheSpireMod:Ring of Challenge","Ginger","aspiration:FrozenJewel","Pantograph","hubris:CrackedHourglass","aspiration:Stabinomicon","Replay:Baseball","aspiration:ChemicalBlood","Replay:WaspNest","MerchantsRug","Vajra","ReplayTheSpireMod:TigerMarble","Nunchaku","Bag of Marbles","aspiration:RitualDagger","Blue Candle"],"acts_visited":["TheCity","TheBeyond","TheEnding"],"potions_floor_usage":[7,10,13,13,13,13,13,14,27,33,38,38,42,45,50,50,54,55,55,55,55,55,55,55],"damage_taken":[{"damage":1,"enemies":"Jaw Worm","floor":1,"turns":6},{"damage":0,"enemies":"Small Slimes","floor":2,"turns":3},{"damage":0,"enemies":"Cultist","floor":3,"turns":2},{"damage":25,"enemies":"Gremlin Nob","floor":6,"turns":4},{"damage":23,"enemies":"Lots of Slimes","floor":7,"turns":8},{"damage":17,"enemies":"Exordium Thugs","floor":8,"turns":5},{"damage":5,"enemies":"Looter","floor":10,"turns":4},{"damage":62,"enemies":"Lagavulin","floor":13,"turns":7},{"damage":0,"enemies":"3 Louse","floor":14,"turns":4},{"damage":47,"enemies":"Hexaghost","floor":16,"turns":13},{"damage":9,"enemies":"Spheric Guardian","floor":18,"turns":4},{"damage":6,"enemies":"2 Thieves","floor":19,"turns":5},{"damage":27,"enemies":"Cultist and Chosen","floor":20,"turns":6},{"damage":6,"enemies":"Book of Stabbing","floor":23,"turns":5},{"damage":23,"enemies":"conspire:SneckoGhost","floor":25,"turns":7},{"damage":6,"enemies":"conspire:Head Lice","floor":27,"turns":6},{"damage":10,"enemies":"Replay:Snechameleon","floor":30,"turns":4},{"damage":0,"enemies":"Centurion and Healer","floor":31,"turns":4},{"damage":56,"enemies":"Collector","floor":33,"turns":6},{"damage":8,"enemies":"Orb Walker","floor":35,"turns":2},{"damage":26,"enemies":"conspire:MimicChest","floor":37,"turns":4},{"damage":14,"enemies":"3 Darklings","floor":38,"turns":3},{"damage":28,"enemies":"Giant Head","floor":40,"turns":7},{"damage":49,"enemies":"Reptomancer","floor":42,"turns":4},{"damage":7,"enemies":"Giant Head","floor":44,"turns":5},{"damage":0,"enemies":"Writhing Mass","floor":45,"turns":3},{"damage":0,"enemies":"Sphere and 2 Shapes","floor":48,"turns":3},{"damage":97,"enemies":"Donu and Deca","floor":50,"turns":8},{"damage":56,"enemies":"Shield and Spear","floor":54,"turns":5},{"damage":64,"enemies":"The Heart","floor":55,"turns":5}],"seed_played":"27322562904572617","potions_obtained":[{"floor":2,"key":"Weak Potion"},{"floor":6,"key":"FearPotion"},{"floor":7,"key":"EntropicBrew"},{"floor":10,"key":"Venom Potion"},{"floor":13,"key":"SkillPotion"},{"floor":20,"key":"DistilledChaos"},{"floor":21,"key":"StSpp:InhibitionPotion"},{"floor":30,"key":"ColorlessPotion"},{"floor":31,"key":"ColorlessPotion"},{"floor":33,"key":"SteroidPotion"},{"floor":37,"key":"LiquidMemories"},{"floor":45,"key":"Weak Potion"},{"floor":50,"key":"DistilledChaos"},{"floor":55,"key":"StSpp:ScatteredPotion"},{"floor":55,"key":"SkillPotion"}],"is_trial":false,"path_per_floor":["M","M","M","?","?","E","M","M","T","M","T","?","E","M","R","B",null,"M","M","M","?","T","E","R","E","T","E","?","$","E","M","R","B",null,"M","$","?","M","?","E","R","E","T","E","M","$","?","M","R","B",null,"R","$","E","B",null],"character_chosen":"IRONCLAD","items_purchased":["Lee\u0027s Waffle","Replay:Baseball","Midas Touch+1","MerchantsRug","Regal Pillow","DDmod:UnstoppableAttack+1","Bag of Marbles","aspiration:RitualDagger"],"campfire_rested":2,"item_purchase_floors":[29,29,29,36,36,46,53,53],"current_hp_per_floor":[88,88,88,88,80,61,44,33,33,34,34,63,7,13,39,23,88,85,85,64,47,47,47,47,30,30,30,23,95,91,95,95,45,95,93,93,73,65,65,43,86,43,43,42,48,48,43,53,53,42,92,92,92,56,55],"gold":55,"neow_bonus":"TEN_PERCENT_HP_BONUS","is_daily":false,"chose_seed":false,"campfire_upgraded":2,"win_rate":0.0,"timestamp":1612208695,"path_taken":["M","M","M","?","?","E","M","?","T","?","?","?","E","M","R","BOSS","M","M","M","?","?","E","R","E","T","E","?","$","E","M","R","BOSS","M","$","?","M","?","E","R","E","T","E","M","?","?","M","R","BOSS","R","$","E","BOSS"],"items_purchased_type":["Relic","Relic","Card","Relic","Relic","Card","Relic","Relic"],"build_version":"2020-12-22","purchased_purges":2,"victory":true,"max_hp_per_floor":[88,88,88,88,88,88,88,88,88,88,88,88,88,88,88,88,88,88,88,88,88,88,88,88,88,88,88,88,95,95,95,95,95,95,95,95,95,95,95,95,95,95,95,95,95,92,92,92,92,92,92,92,92,92,92],"card_choices":[{"not_picked":["Flex","StSpp:Vengeance"],"picked":"Perfected Strike","floor":1},{"not_picked":["Blood for Blood","Run Through"],"picked":"ReplayTheSpireMod:Strike From Hell","floor":2},{"not_picked":["Seeing Red","hubris:ReadiedAction"],"picked":"Shrug It Off","floor":3},{"not_picked":["conspire:ExplosiveBarrier","ReplayTheSpireMod:Muscle Training"],"picked":"True Grit","floor":6},{"not_picked":["True Grit","ReplayTheSpireMod:Stacked","Hemokinesis"],"picked":"SKIP","floor":7},{"not_picked":["DDmod:SpikeInjectionSkill","Berserk","Headbutt"],"picked":"SKIP","floor":8},{"not_picked":["Body Slam","DDmod:EasePowerCard"],"picked":"Wild Strike","floor":10},{"not_picked":["Shrug It Off","Metallicize"],"picked":"Sword Boomerang","floor":13},{"not_picked":["StSpp:MuscleMemory","Life Link"],"picked":"conspire:ExplosiveBarrier","floor":14},{"not_picked":["DDmod:GrandUltimatumAttack","DDmod:PlatedThornsSkill"],"picked":"hubris:StunningStrike","floor":16},{"not_picked":["DDmod:RapidStrikeAttack","DDmod:CallousedSkill"],"picked":"Pommel Strike","floor":18},{"not_picked":["Wild Strike","Flex"],"picked":"Perfected Strike+1","floor":19},{"not_picked":["Anger","DDmod:BurningFumesPowerCard+1","hubris:ReadiedAction"],"picked":"SKIP","floor":20},{"not_picked":["DDmod:SpikeMailSkill","Rupture"],"picked":"Inflame","floor":23},{"not_picked":["Body Slam+1","Berserk","Flex"],"picked":"SKIP","floor":25},{"not_picked":["DDmod:BurningFumesPowerCard","Thunderclap"],"picked":"hubris:SharpeningStone+1","floor":27},{"not_picked":["Fire Breathing","DDmod:SpikedSkill","Barricade"],"picked":"SKIP","floor":30},{"not_picked":["Replay:Undeath\u0027s Touch","Infernal Blade","Anger"],"picked":"SKIP","floor":31},{"not_picked":["Intimidate","Run Through","Rampage"],"picked":"SKIP","floor":35},{"not_picked":["StSpp:Sprint+1","DDmod:ScaleUpSkill+1"],"picked":"Thunderclap","floor":37},{"not_picked":["StSpp:Sprint","Hemokinesis+1"],"picked":"Uppercut","floor":38},{"not_picked":["Rupture","Headbutt+1"],"picked":"StSpp:TheBiggerTheyAre+1","floor":40},{"not_picked":["Eclipse","DDmod:SpikeMailSkill","Pummel"],"picked":"SKIP","floor":42},{"not_picked":["Clothesline","DDmod:RechargeSkill"],"picked":"Pommel Strike","floor":44},{"not_picked":["Rupture","True Grit","Run Through+1"],"picked":"SKIP","floor":45},{"not_picked":["ReplayTheSpireMod:Trickstab","ReplayTheSpireMod:Uncanny Aura"],"picked":"Bandage Up","floor":47},{"not_picked":["Replay:Parry","Magnetism"],"picked":"Violence","floor":47},{"not_picked":["Dramatic Entrance","Dark Shackles"],"picked":"Flash of Steel","floor":47},{"not_picked":["Pummel+1","Havoc+1","Cleave"],"picked":"SKIP","floor":48},{"not_picked":["Replay:Undeath\u0027s Touch","Carnage+1","Rage"],"picked":"SKIP","floor":54}],"player_experience":399897,"relics_obtained":[{"floor":4,"key":"ReplayTheSpireMod:Ring of Exchange"},{"floor":4,"key":"ReplayTheSpireMod:Ring of Challenge"},{"floor":6,"key":"aspiration:HiddenCompartment"},{"floor":11,"key":"Ginger"},{"floor":13,"key":"hubris:TenFootPole"},{"floor":13,"key":"aspiration:FrozenJewel"},{"floor":21,"key":"Juzu Bracelet"},{"floor":22,"key":"Whetstone"},{"floor":23,"key":"Replay:Rubber Ducky"},{"floor":25,"key":"Replay:Mystery Machine"},{"floor":26,"key":"Blue Doll"},{"floor":27,"key":"rorgmod:Ceramic Fish"},{"floor":28,"key":"aspiration:Stabinomicon"},{"floor":30,"key":"aspiration:ChemicalBlood"},{"floor":37,"key":"King of Hearts"},{"floor":40,"key":"Vajra"},{"floor":42,"key":"ReplayTheSpireMod:TigerMarble"},{"floor":43,"key":"Replay:Bottled Eggs"},{"floor":44,"key":"Nunchaku"},{"floor":54,"key":"Blue Candle"}],"event_choices":[{"damage_healed":0,"gold_gain":75,"player_choice":"Touch","damage_taken":8,"max_hp_gain":0,"max_hp_loss":0,"event_name":"FaceTrader","floor":5,"gold_loss":0},{"damage_healed":29,"gold_gain":0,"player_choice":"Banana","damage_taken":0,"max_hp_gain":0,"max_hp_loss":0,"event_name":"Big Fish","floor":12,"gold_loss":0},{"damage_healed":0,"gold_gain":0,"player_choice":"Obtained Book","damage_taken":16,"max_hp_gain":0,"max_hp_loss":0,"event_name":"Cursed Tome","floor":28,"gold_loss":0},{"damage_healed":0,"gold_gain":0,"player_choice":"Memory 3","damage_taken":10,"max_hp_gain":0,"max_hp_loss":0,"event_name":"SensoryStone","floor":47,"gold_loss":0}],"is_beta":false,"boss_relics":[{"not_picked":["aspiration:FutureDiary","conspire:SeveredTorchhead"],"picked":"hubris:CrackedHourglass"},{"not_picked":["Fusion Hammer","Ooze Armor"],"picked":"hubris:Backtick"}],"items_purged_floors":[29,46],"is_endless":false,"potions_floor_spawned":[2,6,7,10,13,20,25,30,31,33,37,42,44,45],"ascension_level":1}}