{"host":"i6cyhi9fkpzvr6lb","time":1612196620,"event":{"mods":["Act Like it!","Arknights","BaseMod","Better Skull","Gensokyo","Marisa£®ÏF”Í°°ƒß¿Ì…≥£©","Minty Spire (QoL Compilation)","Reimu£®≤©¿ˆ¡È√Œ£©","Remilia£®¿Ÿ√◊¿Ú—«£©","StSLib","The Servant 0.9.4","Thieving Mod","Youmu£®ªÍ∆«—˝√Œ£©","Yuyuko"],"gold_per_floor":[117,137,137,37,37,37,49,67,94,4,4,37,51,67,67,171,171,188,8,20,237,237,237],"floor_reached":22,"language":"ZHS","playtime":860,"items_purged":[],"score":286,"play_id":"9965e1ac-749e-46f6-a0f7-ad451cb3f17c","local_time":"20210202002340","daily_mods":["SealedDeck","Specialized"],"is_ascension_mode":false,"campfire_choices":[{"data":"ats:Flame Of Heaven","floor":6,"key":"SMITH"},{"data":"ats:Assault Order","floor":11,"key":"SMITH"},{"floor":15,"key":"REST"}],"circlet_count":0,"master_deck":["ats:Very Hot Blade","ats:Very Hot Blade","ats:Very Hot Blade","ats:Very Hot Blade","ats:Very Hot Blade","ats:Sword Rain","ats:Thorns","ats:Guard Mode","ats:Assault Order+1","ats:Defend Order","ats:Magnetic Hammer","ats:Guard Mode","ats:Very Hot Blade","ats:Sunburst","ats:Mental Burst","ats:Very Hot Blade","ats:Flame Of Heaven+1","ats:Revitalization","Pain","ats:Guard Mode","ats:Ignite","ats:Apocalypse+1","ats:Charging Defense","ats:Guard Mode","ats:Burning Ground","ats:Dogmatic Field","ats:Revitalization","Gensokyo:DepletedGenerator","ats:Guard Mode"],"relics":["ats:Sanity","InkBottle","Gensokyo:LunaticRedEyes","MealTicket","ats:Originium","Oddly Smooth Stone","Akabeko","ats:Omniscience","ats:Cure","Blood Vial","ats:Ability Aura"],"acts_visited":["Exordium","Gensokyo:Gensokyo"],"potions_floor_usage":[16,16,16,16,16,16],"damage_taken":[{"damage":3,"enemies":"Gensokyo:Python","floor":1,"turns":3},{"damage":0,"enemies":"Gensokyo:3_Fairies","floor":2,"turns":2},{"damage":6,"enemies":"Gensokyo:2_Kodama","floor":7,"turns":3},{"damage":15,"enemies":"Gensokyo:5_Fairies","floor":8,"turns":3},{"damage":50,"enemies":"Gensokyo:Aya","floor":12,"turns":8},{"damage":1,"enemies":"Gensokyo:Kitsune","floor":13,"turns":2},{"damage":9,"enemies":"Gensokyo:VengefulSpirit","floor":14,"turns":5},{"damage":3,"enemies":"Gensokyo:Yukari","floor":16,"turns":1},{"damage":0,"enemies":"Gensokyo:AngelMirror","floor":18,"turns":3},{"damage":8,"enemies":"Gensokyo:CosmicMonolith","floor":20,"turns":6},{"damage":17,"enemies":"Gensokyo:Chomper_and_Gloop","floor":22,"turns":4}],"seed_played":"6639750060087941166","potions_obtained":[{"floor":8,"key":"Swift Potion"},{"floor":12,"key":"GrandPatriotsElixir:ReiMu"},{"floor":14,"key":"EntropicBrew"},{"floor":20,"key":"EssenceOfSteel"}],"is_trial":true,"path_per_floor":["M","M","?","?","?","R","M","M","T","COS","R","E","M","M","R","B",null,"M","COS","M","?","M"],"character_chosen":"DOCTOR_CLASS","items_purchased":[],"campfire_rested":1,"item_purchase_floors":[],"current_hp_per_floor":[69,69,69,69,69,69,66,51,51,51,51,4,3,9,30,27,72,72,72,64,18,5,5],"gold":237,"neow_bonus":"","is_daily":false,"chose_seed":false,"campfire_upgraded":2,"win_rate":0.0,"timestamp":1612196620,"path_taken":["M","M","?","?","?","R","M","M","T","COS","R","E","M","M","R","BOSS","M","COS","M","?","M"],"items_purchased_type":[],"build_version":"2020-12-22","purchased_purges":0,"victory":false,"max_hp_per_floor":[72,72,72,72,72,72,72,72,72,72,72,72,72,72,72,72,72,72,72,72,72,72,72],"card_choices":[{"not_picked":["ats:Assault Order","ats:Shell Defense"],"picked":"ats:Very Hot Blade","floor":1},{"not_picked":["ats:Shell Defense","ats:Ambush","ats:Cat Scratch"],"picked":"SKIP","floor":2},{"not_picked":["ats:Serious Mode","ats:Phantom"],"picked":"ats:Flame Of Heaven","floor":3},{"not_picked":["ats:Apocalypse","ats:Very Hot Blade"],"picked":"ats:Revitalization","floor":3},{"not_picked":["ats:Phantom","ats:Hammer On"],"picked":"ats:Guard Mode","floor":7},{"not_picked":["ats:Revitalization","ats:Leaping Hammer"],"picked":"ats:Ignite","floor":8},{"not_picked":["ats:Leaping Hammer+1","ats:Hook Shot+1"],"picked":"ats:Apocalypse+1","floor":12},{"not_picked":["ats:Shell Defense","ats:Defend Order"],"picked":"ats:Charging Defense","floor":12},{"not_picked":["ats:Curse Doll","ats:Flexible Camouflage"],"picked":"ats:Guard Mode","floor":13},{"not_picked":["ats:Nebulous Foxfire","ats:Defend Order"],"picked":"ats:Burning Ground","floor":14},{"not_picked":["ats:Calcification","ats:True Silver Slash"],"picked":"ats:Dogmatic Field","floor":16},{"not_picked":["ats:Encircling Forest","ats:Serious Mode"],"picked":"ats:Revitalization","floor":18},{"not_picked":["ats:Powerful Strike","ats:Shell Defense+1"],"picked":"ats:Guard Mode","floor":20}],"player_experience":196750,"relics_obtained":[{"floor":9,"key":"MealTicket"},{"floor":12,"key":"ats:Originium"},{"floor":12,"key":"Oddly Smooth Stone"}],"event_choices":[{"damage_healed":0,"gold_gain":217,"player_choice":"RE RE GO GO ","damage_taken":52,"relics_obtained":["Blood Vial","ats:Ability Aura"],"max_hp_gain":0,"max_hp_loss":0,"event_name":"betterSkull:BetterSkull","floor":21,"gold_loss":0,"cards_upgraded":[]}],"is_beta":false,"boss_relics":[{"not_picked":["RedLine:ReiMu","Tiny House"],"picked":"ats:Omniscience"}],"items_purged_floors":[],"is_endless":false,"potions_floor_spawned":[8,12,14,20],"killed_by":"Gensokyo:Chomper_and_Gloop","ascension_level":0}}