{"host":"m8d0q1obfsrpi6km","time":1612207901,"event":{"mods":["2.2 Compatiblity","AchievementEnabler","Act Like it!","BaseMod","Better Altar","Better Match","Better Note","Better Sensory Stone","Better Third Choice","BetterRewards","DeckTracker","Fox Events","Gensokyo","Hallownest","HololiveMod","Hubris","Infinite Spire","Minty Spire (QoL Compilation)","Permanent Neow","Prisma Mod","Quick Restart","Reliquary","Replay The Spire","Reworked Bosses","Shop Mod","StSLib","SuperFastMode","Synergy Search","The Alterego","The Animator","Waifu the Spire","WarShipGirlsR/????R mod","??????REMEMod"],"gold_per_floor":[364,49,69,88,13,44,44,57,105,105,125,144,144,164,164,268,268,288,248,128,143,158,158,63,73,73,384,384,400,400,400,400,400,400],"floor_reached":33,"language":"ENG","playtime":2111,"items_purged":["PrismaMod:MiyuCommonDefend"],"score":276,"play_id":"9cda1f82-d939-4bd0-8fd5-53b021b3d8e5","local_time":"20210201203141","is_ascension_mode":false,"campfire_choices":[{"data":"PrismaMod:MiyuUncommonDexBuff","floor":10,"key":"SMITH"},{"floor":13,"key":"REST"},{"data":"PrismaMod:MiyuUncommonDefend","floor":23,"key":"SMITH"},{"floor":28,"key":"REST"},{"floor":30,"key":"REST"},{"data":"Gensokyo:FourOfAKind","floor":32,"key":"SMITH"}],"circlet_count":0,"master_deck":["PrismaMod:MiyuCommonDefend","PrismaMod:MiyuCommonDefend","PrismaMod:MiyuCommonDefend","PrismaMod:MiyuCommonDefend","PrismaMod:MiyuCommonAttack","PrismaMod:MiyuCommonAttack","PrismaMod:MiyuCommonAttack","PrismaMod:MiyuCommonAttack","PrismaMod:MiyuCommonAttack","PrismaMod:MiyuCheapChannelAttack","PrismaMod:MiyuCheapChannelDefend","PrismaMod:MiyuUncommonDefend+1","PrismaMod:MiyuUncommonDexBuff+1","PrismaMod:MiyuUberAOEAttack+1","PrismaMod:MiyuAttackChannelAttack+1","PrismaMod:MiyuCarnivalDefend+1","Dramatic Entrance","PrismaMod:MiyuUberAttack","PrismaMod:MiyuEvokeCheapDefend+1","PrismaMod:MiyuEvokeAll","PrismaMod:MiyuCarnivalAttack","PrismaMod:MiyuUberDefend+1","PrismaMod:MiyuChannelDefendEvoke+1","PrismaMod:MiyuDevil","PrismaMod:MiyuDevil","Gensokyo:FourOfAKind+1","Gensokyo:FourOfAKind","Gensokyo:FourOfAKind","Gensokyo:FourOfAKind"],"relics":["PrismaMod:PrismaSapphire","REME_ComplimentaryCards","Membership Card","reliquary:Aerogel","Golden Egg","reliquary:TuningFork","Ring of Chaos","Gensokyo:LionMask","Replay:Kaleidoscope","REME_IWantAll"],"acts_visited":["Gensokyo:Gensokyo","Gensokyo:Gensokyoer"],"potions_floor_usage":[3,25,25,25,27,27,33],"damage_taken":[{"damage":4,"enemies":"Gensokyo:2_Kodama","floor":1,"turns":3},{"damage":1,"enemies":"Gensokyo:3_Fairies","floor":3,"turns":4},{"damage":0,"enemies":"Gensokyo:Python","floor":4,"turns":4},{"damage":7,"enemies":"Gensokyo:Cirno","floor":6,"turns":5},{"damage":0,"enemies":"Gensokyo:VengefulSpirit","floor":8,"turns":2},{"damage":1,"enemies":"Gensokyo:3_Kodama","floor":11,"turns":3},{"damage":0,"enemies":"Gensokyo:LivingMonolith","floor":12,"turns":3},{"damage":0,"enemies":"Gensokyo:Kitsune","floor":14,"turns":2},{"damage":20,"enemies":"Gensokyo:Reimu","floor":16,"turns":11},{"damage":26,"enemies":"Gensokyo:3_Dogs","floor":18,"turns":5},{"damage":0,"enemies":"Gensokyo:2_Gloops","floor":21,"turns":4},{"damage":15,"enemies":"Gensokyo:Wraith","floor":22,"turns":5},{"damage":30,"enemies":"Gensokyo:3_Gloops","floor":25,"turns":4},{"damage":17,"enemies":"Gensokyo:Monolith_and_Dog","floor":27,"turns":6},{"damage":10,"enemies":"Gensokyo:Slime_Group","floor":29,"turns":5},{"damage":65,"enemies":"Gensokyo:Eternal_Rivals","floor":33,"turns":10}],"seed_played":"2315485678744965207","potions_obtained":[{"floor":1,"key":"Explosive Potion"},{"floor":4,"key":"Explosive Potion"},{"floor":6,"key":"Swift Potion"},{"floor":14,"key":"AttackPotion"},{"floor":25,"key":"Fire Potion"},{"floor":27,"key":"Fruit Juice"},{"floor":29,"key":"Weak Potion"}],"is_trial":false,"path_per_floor":["M","$","M","M","?","E","?","M","T","R","M","M","R","M","R","B",null,"M","?","?","M","M","R","COS","M","T","M","R","M","R","?","R","B"],"character_chosen":"MIYU","items_purchased":["PrismaMod:MiyuUncommonDexBuff","Membership Card","reliquary:Aerogel"],"campfire_rested":3,"item_purchase_floors":[2,2,2],"current_hp_per_floor":[50,50,49,49,49,42,42,42,42,42,45,45,67,67,67,51,75,53,53,53,57,46,46,46,20,20,12,36,30,54,54,54,0,0],"gold":400,"neow_bonus":"TWO_FIFTY_GOLD","is_daily":false,"chose_seed":false,"campfire_upgraded":3,"win_rate":0.0,"timestamp":1612207901,"path_taken":["M","$","M","?","?","E","?","M","T","R","M","M","R","M","R","BOSS","M","?","?","M","M","R","COS","M","T","?","R","M","R","?","R","BOSS"],"items_purchased_type":["Card","Relic","Relic"],"build_version":"2020-12-22","purchased_purges":1,"victory":false,"max_hp_per_floor":[75,75,75,75,75,75,75,75,75,75,75,75,75,75,75,75,75,75,75,75,75,75,75,75,75,75,80,80,80,80,56,56,56,56],"card_choices":[{"not_picked":["PrismaMod:MiyuEvokeBuffStr","PrismaMod:MiyuOrbIncreasePerm"],"picked":"PrismaMod:MiyuUncommonDefend","floor":1},{"not_picked":["PrismaMod:MiyuCheapDefend1","PrismaMod:MiyuDefenseExplosion"],"picked":"PrismaMod:MiyuCheapDexBuff","floor":3},{"not_picked":["PrismaMod:MiyuCheapStrBuff","PrismaMod:MiyuUncommonPlate","PrismaMod:MiyuChristmas"],"picked":"SKIP","floor":4},{"not_picked":["PrismaMod:MiyuUncommonAttack+1","PrismaMod:MiyuMaid+1"],"picked":"PrismaMod:MiyuUberAOEAttack+1","floor":5},{"not_picked":["PrismaMod:MiyuCheapDexBuff+1","PrismaMod:MiyuUncommonStrBuff+1"],"picked":"PrismaMod:MiyuAttackChannelAttack+1","floor":5},{"not_picked":["PrismaMod:MiyuUberAttack","PrismaMod:MiyuEvokeBuffStr"],"picked":"PrismaMod:MiyuCarnivalDefend","floor":6},{"not_picked":["Swift Strike","Blind"],"picked":"Dramatic Entrance","floor":7},{"not_picked":["PrismaMod:MiyuCheapChannelVul","PrismaMod:MiyuCheapAttack1"],"picked":"PrismaMod:MiyuUberAttack","floor":8},{"not_picked":["PrismaMod:MiyuUberAOEAttack","PrismaMod:MiyuEvokeBuffDex"],"picked":"PrismaMod:MiyuEvokeCheapDefend","floor":11},{"not_picked":["PrismaMod:MiyuEvokeBuffDex","PrismaMod:MiyuEvokeCheapAttack"],"picked":"PrismaMod:MiyuEvokeAll","floor":12},{"not_picked":["PrismaMod:MiyuDefendChannelDefend","PrismaMod:MiyuCheapEvoke"],"picked":"PrismaMod:MiyuCarnivalAttack","floor":14},{"not_picked":["PrismaMod:MiyuEvokeAllAttack","PrismaMod:MiyuUberDefend"],"picked":"PrismaMod:MiyuChannelDefendEvoke","floor":16},{"not_picked":["PrismaMod:MiyuUncommonPlate+1","PrismaMod:MiyuUberAttack","PrismaMod:MiyuChristmas"],"picked":"SKIP","floor":18},{"not_picked":["PrismaMod:MiyuDefenseRemoval","PrismaMod:MiyuCarnivalAttack"],"picked":"PrismaMod:MiyuDevil","floor":21},{"not_picked":["PrismaMod:MiyuEvokeAll","PrismaMod:MiyuCheapAttack2+1","PrismaMod:MiyuCheapChannelWeak"],"picked":"SKIP","floor":22},{"not_picked":["PrismaMod:MiyuCheapDefend1","PrismaMod:MiyuCheapChannelDefend","PrismaMod:MiyuCheapChannelRandom+1"],"picked":"SKIP","floor":25},{"not_picked":["PrismaMod:MiyuCheapChannelWeak+1","PrismaMod:MiyuCheapAttack1"],"picked":"PrismaMod:MiyuDevil","floor":27},{"not_picked":["PrismaMod:MiyuCheapPlate","PrismaMod:MiyuCheapDefend1+1","PrismaMod:MiyuEvokeBuffDex+1"],"picked":"SKIP","floor":29}],"player_experience":289849,"relics_obtained":[{"floor":6,"key":"Golden Egg"},{"floor":9,"key":"reliquary:TuningFork"},{"floor":26,"key":"Replay:Kaleidoscope"}],"event_choices":[{"damage_healed":0,"gold_gain":0,"player_choice":"2","damage_taken":0,"max_hp_gain":0,"max_hp_loss":0,"event_name":"betterMatch:BetterMatch","floor":5,"gold_loss":0,"cards_obtained":["betterMatch:CommonCard","betterMatch:UncommonCard"]},{"damage_healed":0,"gold_gain":1,"player_choice":"1","damage_taken":0,"max_hp_gain":0,"max_hp_loss":0,"event_name":"betterStone:BetterStone","floor":7,"gold_loss":0}],"is_beta":false,"boss_relics":[{"not_picked":["reliquary:KinkedSpring","Runic Dome"],"picked":"Ring of Chaos"}],"items_purged_floors":[2],"is_endless":false,"potions_floor_spawned":[1,4,6,14,25,27,29],"killed_by":"Gensokyo:Eternal_Rivals","ascension_level":0}}