{"host":"36t3qd3wjvajtu1z","time":1612156304,"event":{"mods":["AchievementEnabler","BaseMod","Block Reminder","Colored Powertips","Minty Spire (QoL Compilation)","Permanent Neow","Quick Restart","Random Character Button","Rare Cards Sparkle","Relic Stats","Slay-I","StSLib"],"gold_per_floor":[137,171,205,244,244,244,298,298,367,418,593,651,651,676,676,781,781,799,810,810,433,433,433,433],"floor_reached":23,"language":"ENG","playtime":1113,"items_purged":["Doubt"],"score":286,"play_id":"168a6502-e9bb-4af9-9fc0-ac59cbdd9ada","local_time":"20210131211144","is_ascension_mode":true,"campfire_choices":[{"floor":6,"key":"REST"},{"floor":8,"key":"REST"},{"floor":13,"key":"REST"},{"floor":15,"key":"REST"}],"circlet_count":0,"master_deck":["Strike_B","Strike_B","Strike_B","Defend_B","Defend_B","Defend_B","Defend_B","Zap","Dualcast","HandOfGreed","Ball Lightning","Capacitor","Coolheaded","Multi-Cast","Static Discharge","Core Surge","Conserve Battery","BootSequence","Steam","Machine Learning","Redo","Heatsinks+1"],"relics":["Cracked Core","Turnip","Pear","Vajra","DataDisk","Runic Pyramid","Lee\u0027s Waffle","Omamori","WarpedTongs"],"acts_visited":["Exordium","TheCity"],"potions_floor_usage":[16],"damage_taken":[{"damage":13,"enemies":"Jaw Worm","floor":1,"turns":4},{"damage":0,"enemies":"2 Louse","floor":2,"turns":1},{"damage":14,"enemies":"Small Slimes","floor":3,"turns":4},{"damage":4,"enemies":"Red Slaver","floor":4,"turns":3},{"damage":28,"enemies":"Gremlin Nob","floor":7,"turns":4},{"damage":32,"enemies":"3 Sentries","floor":10,"turns":6},{"damage":6,"enemies":"Exordium Thugs","floor":12,"turns":4},{"damage":32,"enemies":"Gremlin Nob","floor":14,"turns":4},{"damage":17,"enemies":"The Guardian","floor":16,"turns":10},{"damage":0,"enemies":"Chosen","floor":18,"turns":4},{"damage":20,"enemies":"3 Byrds","floor":19,"turns":3},{"damage":98,"enemies":"Gremlin Leader","floor":23,"turns":7}],"seed_played":"1887346683066501996","potions_obtained":[{"floor":7,"key":"SmokeBomb"},{"floor":10,"key":"Strength Potion"},{"floor":12,"key":"AttackPotion"}],"is_trial":false,"path_per_floor":["M","M","M","M","?","R","E","R","T","E","?","M","R","E","R","B",null,"M","M","?","$","?","E"],"character_chosen":"DEFECT","items_purchased":["Lee\u0027s Waffle","Omamori"],"campfire_rested":4,"item_purchase_floors":[21,21],"current_hp_per_floor":[41,41,27,23,23,45,17,39,49,17,17,11,36,4,29,12,67,67,47,31,97,97,0,0],"gold":433,"neow_bonus":"RANDOM_COLORLESS_2","is_daily":false,"chose_seed":false,"campfire_upgraded":0,"win_rate":0.0,"timestamp":1612156304,"path_taken":["M","M","M","M","?","R","E","R","T","E","?","M","R","E","R","BOSS","M","M","?","$","?","E"],"items_purchased_type":["Relic","Relic"],"build_version":"2020-12-22","purchased_purges":1,"victory":false,"max_hp_per_floor":[75,75,75,75,75,75,75,75,85,85,85,85,85,85,85,85,85,85,85,90,97,97,97,97],"relic_stats":{"Lee\u0027s Waffle":66,"counters":[12,54],"Turnip":[0],"obtain_stats":[{"DataDisk":14,"Lee\u0027s Waffle":21,"Pear":9,"Vajra":10,"Turnip":7,"Omamori":21,"Cracked Core":0,"Runic Pyramid":17,"WarpedTongs":22},{"DataDisk":8,"Lee\u0027s Waffle":11,"Pear":5,"Vajra":6,"Turnip":5,"Omamori":11,"Cracked Core":0,"Runic Pyramid":9,"WarpedTongs":11},{"DataDisk":30,"Lee\u0027s Waffle":47,"Pear":16,"Vajra":22,"Turnip":16,"Omamori":47,"Cracked Core":0,"Runic Pyramid":40,"WarpedTongs":47}],"WarpedTongs":[7]},"card_choices":[{"not_picked":["Transmutation","Magnetism"],"picked":"HandOfGreed","floor":0},{"not_picked":["Steam","Auto Shields"],"picked":"Ball Lightning","floor":1},{"not_picked":["Go for the Eyes","Streamline"],"picked":"Capacitor","floor":2},{"not_picked":["Gash","Turbo"],"picked":"Coolheaded","floor":3},{"not_picked":["Steam","Go for the Eyes"],"picked":"Multi-Cast","floor":4},{"not_picked":["Hello World","Beam Cell"],"picked":"Core Surge","floor":7},{"not_picked":["Beam Cell","Fusion"],"picked":"Conserve Battery","floor":10},{"not_picked":["Gash","Sunder"],"picked":"BootSequence","floor":12},{"not_picked":["FTL","Double Energy"],"picked":"Steam","floor":14},{"not_picked":["Amplify","Core Surge"],"picked":"Machine Learning","floor":16},{"not_picked":["Scrape","Rip and Tear"],"picked":"Redo","floor":18},{"not_picked":["Redo","Conserve Battery"],"picked":"Heatsinks+1","floor":19}],"player_experience":378990,"relics_obtained":[{"floor":7,"key":"Turnip"},{"floor":9,"key":"Pear"},{"floor":10,"key":"Vajra"},{"floor":14,"key":"DataDisk"}],"event_choices":[{"damage_healed":0,"gold_gain":0,"cards_transformed":["Strike_B"],"player_choice":"Change","damage_taken":0,"max_hp_gain":0,"max_hp_loss":0,"event_name":"Living Wall","floor":5,"gold_loss":0,"cards_obtained":["Static Discharge"]},{"damage_healed":0,"gold_gain":175,"player_choice":"AGREE","damage_taken":0,"max_hp_gain":0,"max_hp_loss":0,"event_name":"Liars Game","floor":11,"gold_loss":0,"cards_obtained":["Doubt"]},{"damage_healed":0,"gold_gain":0,"player_choice":"Shed Blood","damage_taken":21,"max_hp_gain":5,"max_hp_loss":0,"event_name":"Forgotten Altar","floor":20,"gold_loss":0},{"damage_healed":0,"gold_gain":0,"player_choice":"Rummage","damage_taken":0,"relics_obtained":["WarpedTongs"],"max_hp_gain":0,"max_hp_loss":0,"event_name":"Accursed Blacksmith","floor":22,"gold_loss":0,"cards_obtained":["Pain"]}],"is_beta":false,"boss_relics":[{"not_picked":["Calling Bell","SacredBark"],"picked":"Runic Pyramid"}],"items_purged_floors":[21],"is_endless":false,"potions_floor_spawned":[7,10,12],"killed_by":"Gremlin Leader","ascension_level":5}}