{"host":"rgy6n2eoa9ji6d0c","time":1612211854,"event":{"mods":["BaseMod","Downfall","Minty Spire (QoL Compilation)","Quick Restart","StSLib"],"gold_per_floor":[99,112,128,128,158,63,63,78,78,105,105,130,30,44,56,56,56,56],"floor_reached":16,"language":"ENG","playtime":1283,"items_purged":[],"score":142,"play_id":"8cc780b8-a179-4a3c-96c4-f5b7dae6d9f3","local_time":"20210201213734","is_ascension_mode":true,"campfire_choices":[{"data":"Guardian:TwinSlam","floor":1,"key":"SMITH"},{"data":"Guardian:EvasiveProtocol","floor":9,"key":"SMITH"},{"data":"Guardian:PrimingBeam","floor":13,"key":"SMITH"}],"circlet_count":0,"master_deck":["Guardian:Strike_Guardian","Guardian:Strike_Guardian","Guardian:Strike_Guardian","Guardian:Strike_Guardian","Guardian:Defend_Guardian","Guardian:Defend_Guardian","Guardian:Defend_Guardian+1","Guardian:Defend_Guardian","Guardian:CurlUp+1","Guardian:TwinSlam+1","Guardian:Gem_Green","Guardian:MultiBeam","Guardian:EvasiveProtocol+1","Guardian:EvasiveProtocol","Guardian:PiercingHide","Guardian:StasisField","Guardian:PrimingBeam+1","Guardian:Recover","Guardian:PiercingHide"],"relics":["Guardian:ModeShifter","Anchor","War Paint","StrikeDummy","HornCleat","Tiny Chest","downfall:BrokenWingStatue","Bag of Preparation","downfall:HeartBlessingGreen"],"acts_visited":["Exordium"],"potions_floor_usage":[10,12],"damage_taken":[{"damage":6,"enemies":"Cultist","floor":2,"turns":3},{"damage":1,"enemies":"Jaw Worm","floor":3,"turns":5},{"damage":0,"enemies":"downfall:FleeingMerchant","floor":6,"turns":4},{"damage":0,"enemies":"Small Slimes","floor":8,"turns":3},{"damage":0,"enemies":"Lagavulin","floor":10,"turns":8},{"damage":10,"enemies":"3 Sentries","floor":12,"turns":8},{"damage":0,"enemies":"Blue Slaver","floor":14,"turns":3},{"damage":0,"enemies":"Exordium Thugs","floor":15,"turns":4},{"damage":25,"enemies":"IC_STATUS_ARCHETYPE","floor":16,"turns":12}],"seed_played":"-5996667525304049769","potions_obtained":[{"floor":3,"key":"Guardian:BlockOnCardUsePotion"},{"floor":8,"key":"PowerPotion"},{"floor":10,"key":"Fruit Juice"},{"floor":12,"key":"Dexterity Potion"}],"is_trial":false,"path_per_floor":["R","M","M","?","?","$","T","M","R","E","?","E","R","M","M","B"],"character_chosen":"GUARDIAN","items_purchased":["Guardian:EvasiveProtocol"],"campfire_rested":0,"item_purchase_floors":[6],"current_hp_per_floor":[80,74,73,70,70,70,70,70,70,70,70,65,65,65,65,40,40,40],"gold":56,"neow_bonus":"RANDOM_COMMON_RELIC","is_daily":false,"chose_seed":false,"campfire_upgraded":3,"win_rate":0.0,"timestamp":1612211854,"path_taken":["R","M","M","?","?","$","T","M","R","E","?","E","R","?","M","BOSS"],"items_purchased_type":["Card"],"build_version":"2020-12-22","purchased_purges":0,"victory":false,"max_hp_per_floor":[80,80,80,80,80,80,80,80,80,80,80,85,85,85,85,85,85,85],"card_choices":[{"not_picked":["Guardian:TemporalShield","Guardian:BronzeOrb"],"picked":"Guardian:Gem_Green","floor":2},{"not_picked":["Guardian:Gem_Cyan","Guardian:Gem_Red"],"picked":"Guardian:MultiBeam","floor":3},{"not_picked":["Guardian:RollAttack","Guardian:Gem_Green"],"picked":"Guardian:EvasiveProtocol","floor":6},{"not_picked":["Guardian:CrystalBeam","Guardian:Repulse"],"picked":"Guardian:PiercingHide","floor":8},{"not_picked":["Guardian:Repulse","Guardian:BodySlam"],"picked":"Guardian:StasisField","floor":10},{"not_picked":["Guardian:ChargeCore","Guardian:DonusPower"],"picked":"Guardian:PrimingBeam","floor":12},{"not_picked":["Guardian:WalkerClaw","Guardian:Suspension"],"picked":"Guardian:Recover","floor":14},{"not_picked":["Guardian:Gem_Cyan","Guardian:Incinerate"],"picked":"Guardian:PiercingHide","floor":15}],"player_experience":1491006,"relics_obtained":[{"floor":7,"key":"HornCleat"},{"floor":10,"key":"Tiny Chest"},{"floor":12,"key":"Bag of Preparation"}],"event_choices":[{"damage_healed":0,"gold_gain":0,"player_choice":"Success","damage_taken":3,"relics_obtained":["War Paint"],"max_hp_gain":0,"max_hp_loss":0,"event_name":"Scrap Ooze","floor":4,"gold_loss":0}],"is_beta":false,"boss_relics":[],"items_purged_floors":[],"is_endless":false,"potions_floor_spawned":[3,8,10,12],"killed_by":"IC_STATUS_ARCHETYPE","ascension_level":1}}