{"host":"6zxkll9nensv7d24","time":1612164262,"event":{"mods":["2.2 Compatiblity","AchievementEnabler","Act Like it!","Arknights","Bard","BaseMod","Better Match","Better Note","Better Third Choice","Better Vampires","BetterRewards","Conspire","Curses Come First","Displayed Cursed Tome","Dota2Spire","Downfall","Duelist Mod","Hallownest","Hubris","Hyrulean Relics","Infinite Spire","Minty Spire (QoL Compilation)","Replay The Spire","Small Relic Pack","StSLib","The Animator","The Bug Knight","The Mystic","Transform Curses"],"gold_per_floor":[116,116,129,129,129,129,54,54,81,98,98,98,125,125,125,125,125],"floor_reached":16,"language":"ENG","playtime":907,"items_purged":[],"score":96,"play_id":"323afcd3-0eac-4579-bea5-6196709a0fa4","local_time":"20210201012422","is_ascension_mode":false,"campfire_choices":[{"data":"mysticmod:ComponentsPouch","floor":6,"key":"SMITH"},{"data":"mysticmod:Spellstrike","floor":8,"key":"SMITH"},{"data":"mysticmod:CorrosiveTouch","floor":11,"key":"SMITH"},{"floor":15,"key":"REST"}],"circlet_count":0,"master_deck":["mysticmod:Strike_Mystic","mysticmod:Strike_Mystic","mysticmod:Strike_Mystic","mysticmod:Strike_Mystic","mysticmod:Defend_Mystic","mysticmod:Defend_Mystic","mysticmod:Defend_Mystic","mysticmod:Defend_Mystic","mysticmod:ArcaneDodge","mysticmod:ShockingGrasp","mysticmod:ArcaneDodge","mysticmod:Fireball+1","mysticmod:MightyMagic","mysticmod:ComponentsPouch+1","mysticmod:CorrosiveTouch+1","mysticmod:Spellstrike+1","mysticmod:TomeOfSpells","mysticmod:HunkerDown"],"relics":["mysticmod:SpellBook","DollysMirror","Replay:Multitool","CaptainsWheel","Bird Faced Urn","Blue Doll","relicPack:DarknessArmor","Hallownest:DreamNailRelic"],"acts_visited":["Exordium"],"potions_floor_usage":[13,16],"damage_taken":[{"damage":1,"enemies":"2_ Uuma","floor":1,"turns":4},{"damage":0,"enemies":"Hallownest:monsterHuskGuard","floor":3,"turns":5},{"damage":0,"enemies":"Hallownest:2_MossCreeps","floor":10,"turns":2},{"damage":27,"enemies":"Hallownest:eliteCrystalGuardian","floor":13,"turns":6},{"damage":93,"enemies":"Hallownest:BossHornet","floor":16,"turns":17}],"seed_played":"7778251543108338967","potions_obtained":[{"floor":1,"key":"Weak Potion"}],"is_trial":false,"path_per_floor":["M","?","M","?","T","R","?","R","T","M","R","?","E","?","R","B"],"character_chosen":"MYSTIC_CLASS","items_purchased":["DollysMirror","mysticmod:Fireball"],"campfire_rested":1,"item_purchase_floors":[0,0],"current_hp_per_floor":[76,76,76,76,76,76,76,76,76,77,77,77,50,50,73,0,0],"gold":125,"neow_bonus":"","is_daily":false,"chose_seed":false,"campfire_upgraded":3,"win_rate":0.0,"timestamp":1612164262,"path_taken":["M","?","M","?","?","R","?","R","T","?","R","?","E","?","R","BOSS"],"items_purchased_type":["Relic","Card"],"build_version":"2020-12-22","purchased_purges":0,"victory":false,"max_hp_per_floor":[77,77,77,77,77,77,77,77,77,77,77,77,77,77,77,77,77],"card_choices":[{"not_picked":["mysticmod:VorpalThrust","mysticmod:Daze"],"picked":"mysticmod:MightyMagic","floor":1},{"not_picked":["mysticmod:Haste","mysticmod:LightningBolt"],"picked":"mysticmod:ComponentsPouch","floor":3},{"not_picked":["mysticmod:Daze","mysticmod:HeavyStrike"],"picked":"mysticmod:CorrosiveTouch","floor":7},{"not_picked":["mysticmod:Doublecast","mysticmod:KnowledgePool"],"picked":"mysticmod:Spellstrike","floor":7},{"not_picked":["mysticmod:PunishingArmor","mysticmod:SuddenClarity"],"picked":"mysticmod:TomeOfSpells","floor":10},{"not_picked":["mysticmod:MirrorStrike","mysticmod:FiveFootStep"],"picked":"mysticmod:HunkerDown","floor":13}],"player_experience":129286,"relics_obtained":[{"floor":5,"key":"Bird Faced Urn"},{"floor":9,"key":"Blue Doll"},{"floor":13,"key":"relicPack:DarknessArmor"}],"event_choices":[{"damage_healed":0,"gold_gain":0,"player_choice":"1","damage_taken":0,"max_hp_gain":0,"max_hp_loss":0,"event_name":"betterMatch:BetterMatch","floor":7,"gold_loss":0,"cards_obtained":["betterMatch:CommonCard","betterMatch:RareCard"]}],"is_beta":false,"boss_relics":[],"items_purged_floors":[],"is_endless":false,"potions_floor_spawned":[1],"killed_by":"Hallownest:BossHornet","ascension_level":0}}