{"host":"qgpuimdto8vl2dfg","time":1612168207,"event":{"mods":["Act Like it!","BaseMod","Colored Powertips","Gensokyo","KinomotoSakuraMod(Ä¾Ö®±¾Ó£)","Koishi","Marisa£¨ìFÓê¡¡Ä§ÀíÉ³£©","Minty Spire (QoL Compilation)","Quick Restart","Relic Stats","StSLib"],"gold_per_floor":[115,14,14,29,29,361,361,377,377,377,424,424,479,479,479,602,602,637,679,679,723,762,762,800,831,831,831,699,717,767,495,495,595,595,636,656,668,229,229,229,481,481,481,514,514,42,42,56,56,56,56,56,15,44,44],"floor_reached":56,"language":"ZHS","playtime":2617,"items_purged":["SuperNova","MilkyWay"],"score":1479,"play_id":"659c4855-e05a-4c79-9e4d-1df140ce831c","local_time":"20210201163007","is_ascension_mode":true,"campfire_choices":[{"data":"DoubleSpark","floor":10.0,"key":"SMITH"},{"data":"WitchOfGreed","floor":12.0,"key":"SMITH"},{"data":"PulseMagic","floor":15.0,"key":"SMITH"},{"data":"MagicChant","floor":23.0,"key":"SMITH"},{"data":"MaximisePower","floor":32.0,"key":"SMITH"},{"data":"MaximisePower","floor":40.0,"key":"SMITH"},{"data":"OortCloud","floor":42.0,"key":"SMITH"},{"data":"Gensokyo:HAARP","floor":47.0,"key":"SMITH"},{"floor":49.0,"key":"RECALL"},{"data":"MaximisePower","floor":52.0,"key":"SMITH"}],"circlet_count":0,"master_deck":["MasterSpark","UpSweep","PowerUp+1","DoubleSpark+1","WitchOfGreed+1","PulseMagic+1","UltimateShortwave","BlazingStar+1","MaximisePower+1","MilkyWay","CollectingQuirk+1","MagicChant+1","ManaConvection+1","RefractionSpark+1","Singularity+1","OortCloud+1","WitchLeyline+1","FinalSpark+1","MaximisePower+1","SprinkleStarSeal+1","PropBag","ManaConvection","MaximisePower+1","Orbital","GalacticHalo","GasGiant","MagicAbsorber+1","Gensokyo:HAARP+1","EarthLightRay+1","GalacticHalo","EnergyFlow"],"relics":["MiniHakkero","NeowsBlessing","Strawberry","Lantern","Bag of Preparation","Blue Candle","White Beast Statue","Blood Vial","Molten Egg 2","InkBottle","Pandora\u0027s Box","Gensokyo:SongOfSouls","Bottled Flame","The Courier","Bird Faced Urn","Shuriken","DollysMirror","Runic Pyramid","Vajra","Question Card","Mummified Hand","Singing Bowl","HandmadeGrimoire","Bronze Scales"],"acts_visited":["Exordium","Gensokyo:Gensokyo","Gensokyo:Gensokyoer","TheEnding"],"potions_floor_usage":[55],"damage_taken":[{"damage":0.0,"enemies":"Gensokyo:3_Fairies","floor":1.0,"turns":1.0},{"damage":12.0,"enemies":"Gensokyo:Gryphon","floor":4.0,"turns":3.0},{"damage":4.0,"enemies":"Gensokyo:Mamizou","floor":6.0,"turns":3.0},{"damage":0.0,"enemies":"Gensokyo:Python","floor":8.0,"turns":2.0},{"damage":11.0,"enemies":"Gensokyo:Aya","floor":11.0,"turns":5.0},{"damage":13.0,"enemies":"Gensokyo:Mamizou","floor":13.0,"turns":6.0},{"damage":16.0,"enemies":"Gensokyo:Yukari","floor":16.0,"turns":8.0},{"damage":8.0,"enemies":"Gensokyo:CosmicMonolith","floor":18.0,"turns":3.0},{"damage":0.0,"enemies":"Gensokyo:AngelMirror","floor":19.0,"turns":2.0},{"damage":7.0,"enemies":"Gensokyo:Swordslinger","floor":21.0,"turns":2.0},{"damage":11.0,"enemies":"Gensokyo:Chomper_and_Gloop","floor":22.0,"turns":3.0},{"damage":11.0,"enemies":"Gensokyo:Monolith_and_Dog","floor":24.0,"turns":3.0},{"damage":0.0,"enemies":"Gensokyo:Koishi","floor":25.0,"turns":2.0},{"damage":0.0,"enemies":"Gensokyo:Wraith","floor":29.0,"turns":2.0},{"damage":0.0,"enemies":"Gensokyo:Tenshi","floor":30.0,"turns":1.0},{"damage":104.0,"enemies":"Gensokyo:Kaguya","floor":33.0,"turns":7.0},{"damage":0.0,"enemies":"Gensokyo:3_Boulders","floor":35.0,"turns":4.0},{"damage":0.0,"enemies":"Gensokyo:3_Bats","floor":36.0,"turns":1.0},{"damage":0.0,"enemies":"Gensokyo:AtlasGolem","floor":37.0,"turns":1.0},{"damage":13.0,"enemies":"Gensokyo:Marisa","floor":41.0,"turns":2.0},{"damage":0.0,"enemies":"Gensokyo:Kasen","floor":44.0,"turns":3.0},{"damage":0.0,"enemies":"Gensokyo:Sharpion","floor":48.0,"turns":1.0},{"damage":14.0,"enemies":"Gensokyo:Scarlet_Devils","floor":50.0,"turns":3.0},{"damage":0,"enemies":"Shield and Spear","floor":54,"turns":2},{"damage":86,"enemies":"The Heart","floor":55,"turns":6}],"seed_played":"-6180736846056150021","potions_obtained":[{"floor":6.0,"key":"GamblersBrew"},{"floor":8.0,"key":"LiquidMemories"},{"floor":11.0,"key":"SpeedPotion"},{"floor":13.0,"key":"Block Potion"},{"floor":18.0,"key":"FairyPotion"},{"floor":25.0,"key":"Regen Potion"},{"floor":33.0,"key":"ShroomBrew"},{"floor":35.0,"key":"BlessingOfTheForge"},{"floor":35.0,"key":"FairyPotion"},{"floor":48.0,"key":"Swift Potion"},{"floor":54,"key":"DuplicationPotion"}],"is_trial":false,"path_per_floor":["M","COS","$","M","?","E","?","M","T","R","E","R","E","T","R","B",null,"M","M","?","M","M","R","M","E","T","T","$","M","E","COS","R","B",null,"M","M","M","$","?","R","E","R","T","E","?","COS","R","M","R","B",null,"R","$","E","B",null],"character_chosen":"MARISA","items_purchased":["OortCloud","WitchLeyline+1","PropBag","ManaConvection","MaximisePower","Orbital","GalacticHalo","GasGiant","GalacticHalo"],"campfire_rested":0,"item_purchase_floors":[28,28,38,38,38,38,38,38,53],"current_hp_per_floor":[75,75,75,63,60,56,56,56,56,56,45,45,34,34,34,20,82,74,76,76,71,62,62,53,55,55,55,55,57,63,63,63,5,82,82,82,82,82,82,82,73,73,73,81,81,81,81,84,84,72,84,84,84,84,8],"gold":44,"neow_bonus":"THREE_ENEMY_KILL","is_daily":false,"chose_seed":false,"campfire_upgraded":9,"win_rate":0.0,"timestamp":1612168207,"path_taken":["M","COS","?","?","?","E","?","M","T","R","E","R","E","?","R","BOSS","M","?","?","M","M","R","M","E","T","?","$","M","E","COS","R","BOSS","M","M","M","?","?","R","E","R","T","E","?","COS","R","M","R","BOSS","R","$","E","BOSS"],"items_purchased_type":["Card","Card","Card","Card","Card","Card","Card","Card","Card"],"build_version":"2020-12-22","purchased_purges":2,"victory":true,"max_hp_per_floor":[75,75,75,75,82,82,82,82,82,82,82,82,82,82,82,82,82,82,82,82,82,82,82,82,82,82,82,82,82,82,82,82,82,82,82,82,82,82,82,82,82,82,82,84,84,84,84,84,84,84,84,84,84,84,84],"relic_stats":{"Singing Bowl":2,"counters":[25,75],"Blue Candle":[0],"Bag of Preparation":[44],"Question Card":6,"Blood Vial":24,"Shuriken":[9],"Mummified Hand":[29],"Bird Faced Urn":[29],"Bronze Scales":[75],"Pandora\u0027s Box":["IllusionStar","BlazingStar","MaximisePower","MilkyWay","IllusionStar","MilkyWay","CollectingQuirk","MagicChant"],"obtain_stats":[{"Lantern":6,"Singing Bowl":44,"Vajra":35,"Bag of Preparation":6,"Blood Vial":11,"Frozen Eye":25,"DollysMirror":31,"Mummified Hand":41,"Strawberry":5,"HandmadeGrimoire":46,"Kunai":35,"InkBottle":14,"Gensokyo:SongOfSouls":20,"Runic Pyramid":34,"NeowsBlessing":0,"Blue Candle":8,"The Courier":26,"Letter Opener":54,"Question Card":36,"White Beast Statue":9,"Mercury Hourglass":44,"Bottled Flame":25,"Shuriken":30,"Ornamental Fan":55,"Bird Faced Urn":27,"Bronze Scales":54,"Molten Egg 2":13,"Pandora\u0027s Box":17,"MiniHakkero":0,"Meat on the Bone":37},{"Lantern":3,"Singing Bowl":21,"Vajra":17,"Bag of Preparation":3,"Blood Vial":5,"Frozen Eye":12,"DollysMirror":15,"Mummified Hand":20,"Strawberry":2,"HandmadeGrimoire":21,"Kunai":17,"InkBottle":6,"Gensokyo:SongOfSouls":9,"Runic Pyramid":16,"NeowsBlessing":0,"Blue Candle":4,"The Courier":13,"Letter Opener":24,"Question Card":18,"White Beast Statue":4,"Mercury Hourglass":21,"Bottled Flame":13,"Shuriken":15,"Ornamental Fan":25,"Bird Faced Urn":13,"Bronze Scales":24,"Molten Egg 2":6,"Pandora\u0027s Box":7,"MiniHakkero":0,"Meat on the Bone":19},{"Lantern":6,"Singing Bowl":64,"Vajra":54,"Bag of Preparation":7,"Blood Vial":14,"Frozen Eye":41,"DollysMirror":46,"Mummified Hand":61,"Strawberry":4,"HandmadeGrimoire":64,"Kunai":56,"InkBottle":20,"Gensokyo:SongOfSouls":33,"Runic Pyramid":53,"NeowsBlessing":0,"Blue Candle":8,"The Courier":43,"Letter Opener":69,"Question Card":58,"White Beast Statue":9,"Mercury Hourglass":64,"Bottled Flame":43,"Shuriken":46,"Ornamental Fan":74,"Bird Faced Urn":43,"Bronze Scales":69,"Molten Egg 2":20,"Pandora\u0027s Box":28,"MiniHakkero":0,"Meat on the Bone":59}],"InkBottle":[29]},"card_choices":[{"not_picked":["WitchLeyline","UnstableBomb"],"picked":"PowerUp","floor":1.0},{"not_picked":["Acceleration","DoubleSpark","MysteriousBeam"],"picked":"SKIP","floor":4.0},{"not_picked":["Acceleration","MysteriousBeam"],"picked":"DoubleSpark","floor":4.0},{"not_picked":["GravityBeat","AlicesGift","LuminesStrike"],"picked":"SKIP","floor":6.0},{"not_picked":["GravityBeat","AlicesGift","LuminesStrike"],"picked":"SKIP","floor":6.0},{"not_picked":["GravityBeat","AlicesGift","LuminesStrike"],"picked":"SKIP","floor":6.0},{"not_picked":["SprinkleStarSeal","OpenUniverse"],"picked":"WitchOfGreed","floor":8.0},{"not_picked":["BlazingStar","SprinkleStarSeal"],"picked":"SuperNova","floor":11.0},{"not_picked":["OneTimeOff","GrandCross+1"],"picked":"PulseMagic","floor":13.0},{"not_picked":["BigCrunch","CollectingQuirk+1"],"picked":"UltimateShortwave","floor":16.0},{"not_picked":["WitchOfGreed","MysteriousBeam+1","DoubleSpark+1"],"picked":"SKIP","floor":18.0},{"not_picked":["MilkyWay","EventHorizon+1"],"picked":"ManaConvection+1","floor":19.0},{"not_picked":["PowerUp","GrandCross+1"],"picked":"RefractionSpark+1","floor":21.0},{"not_picked":["SprinkleStarSeal","ShootingEcho+1","SporeBomb"],"picked":"SKIP","floor":22.0},{"not_picked":["EarthLightRay","6A+1"],"picked":"Singularity+1","floor":24.0},{"not_picked":["DarkSpark+1","SprinkleStarSeal","OpenUniverse+1"],"picked":"SKIP","floor":25.0},{"not_picked":["StarlightTyphoon","IllusionStar","GravityBeat+1"],"picked":"SKIP","floor":29.0},{"not_picked":["6A+1","DoubleSpark+1"],"picked":"FinalSpark+1","floor":30.0},{"not_picked":["MysteriousBeam+1","WitchLeyline+1","StarBarrage+1"],"picked":"SKIP","floor":35.0},{"not_picked":["OrrerysSun+1","MysteriousBeam+1","EnergyRecoil","Singularity"],"picked":"SKIP","floor":36.0},{"not_picked":["MysteriousBeam+1","DragonMeteor+1","WitchLeyline+1"],"picked":"SprinkleStarSeal+1","floor":37.0},{"not_picked":["NonDirectionalLaser+1","6A+1","GasGiant"],"picked":"MagicAbsorber+1","floor":41.0},{"not_picked":["PowerUp","DarkSpark+1","GravityBeat+1","Occultation"],"picked":"Singing Bowl","floor":44.0},{"not_picked":["Robbery+1","AlicesGift+1","MagicAbsorber"],"picked":"EarthLightRay+1","floor":48.0},{"not_picked":["PowerUp","6A+1","EnergyRecoil+1"],"picked":"EnergyFlow","floor":54}],"player_experience":545818,"relics_obtained":[{"floor":6.0,"key":"Bag of Preparation"},{"floor":9.0,"key":"White Beast Statue"},{"floor":11.0,"key":"Blood Vial"},{"floor":13.0,"key":"Molten Egg 2"},{"floor":14.0,"key":"InkBottle"},{"floor":25.0,"key":"Bottled Flame"},{"floor":26.0,"key":"The Courier"},{"floor":27.0,"key":"Bird Faced Urn"},{"floor":30.0,"key":"Shuriken"},{"floor":41.0,"key":"Mummified Hand"},{"floor":44.0,"key":"Singing Bowl"},{"floor":54,"key":"Bronze Scales"}],"event_choices":[],"is_beta":false,"boss_relics":[{"not_picked":["Philosopher\u0027s Stone","Velvet Choker"],"picked":"Pandora\u0027s Box"},{"not_picked":["Runic Dome","Tiny House"],"picked":"Runic Pyramid"}],"items_purged_floors":[28,38],"is_endless":false,"potions_floor_spawned":[6,8,11,13,16,18,19,21,22,24,25,29,30,33,35,36,37,41,44,48,54],"ascension_level":2}}