{"host":"vqgrg90fv56geajp","time":1612181868,"event":{"mods":["BaseMod","Colored Map","Colored Powertips","Minty Spire (QoL Compilation)","Quick Restart","Rare Cards Sparkle","Relic Stats"],"gold_per_floor":[109,122,132,132,132,132,173,189,216,259,289,298,321,369,378,483,573,597,63,72,102,125,134,155,164,216,216,216],"floor_reached":27,"language":"ENG","playtime":7205,"items_purged":[],"score":470,"play_id":"f942edac-9a88-4fe5-8a44-cd5deca5ebdf","local_time":"20210201141748","is_ascension_mode":true,"campfire_choices":[{"floor":6,"key":"REST"},{"floor":12,"key":"REST"},{"floor":15,"key":"REST"},{"floor":23,"key":"REST"},{"floor":25,"key":"REST"}],"circlet_count":0,"master_deck":["AscendersBane","Survivor","Neutralize","Concentrate","Backstab","Footwork","Eviscerate","Blur","Dodge and Roll+1","Heel Hook","Underhanded Strike","Phantasmal Killer","Sucker Punch","Flechettes","Night Terror","Dagger Spray","Venomology","Dash","Prepared","Cloak And Dagger","Accuracy","Distraction","Bullet Time","Poisoned Stab","Blur+1","Dark Shackles","Catalyst","Consecrate","Sweeping Beam","FollowUp","Amplify"],"relics":["Runic Pyramid","Golden Idol","Dream Catcher","CeramicFish","Centennial Puzzle","War Paint","Pandora\u0027s Box","Mummified Hand","PrismaticShard","Ancient Tea Set"],"acts_visited":["Exordium","TheCity"],"potions_floor_usage":[7,7,11,14,18,21,22,24,24,27],"damage_taken":[{"damage":4,"enemies":"Small Slimes","floor":1,"turns":4},{"damage":0,"enemies":"2 Louse","floor":2,"turns":4},{"damage":2,"enemies":"Jaw Worm","floor":3,"turns":5},{"damage":1,"enemies":"3 Sentries","floor":7,"turns":13},{"damage":8,"enemies":"Red Slaver","floor":8,"turns":5},{"damage":30,"enemies":"Lagavulin","floor":10,"turns":11},{"damage":0,"enemies":"2 Fungi Beasts","floor":11,"turns":4},{"damage":2,"enemies":"Large Slime","floor":13,"turns":3},{"damage":4,"enemies":"3 Sentries","floor":14,"turns":6},{"damage":24,"enemies":"Hexaghost","floor":16,"turns":15},{"damage":34,"enemies":"2 Thieves","floor":18,"turns":4},{"damage":5,"enemies":"Spheric Guardian","floor":21,"turns":5},{"damage":33,"enemies":"Snecko","floor":22,"turns":8},{"damage":24,"enemies":"Snake Plant","floor":24,"turns":3},{"damage":57,"enemies":"Chosen and Byrds","floor":27,"turns":7}],"seed_played":"2120723653773882750","potions_obtained":[{"floor":1,"key":"EssenceOfSteel"},{"floor":3,"key":"CunningPotion"},{"floor":10,"key":"Explosive Potion"},{"floor":11,"key":"Block Potion"},{"floor":16,"key":"FairyPotion"},{"floor":22,"key":"BlessingOfTheForge"}],"is_trial":false,"path_per_floor":["M","M","M","?","?","R","E","M","T","E","M","R","M","E","R","B",null,"M","$","?","M","M","R","M","R","T","M"],"character_chosen":"THE_SILENT","items_purchased":["Mummified Hand","PrismaticShard","Dark Shackles"],"campfire_rested":5,"item_purchase_floors":[19,19,19],"current_hp_per_floor":[55,55,53,30,30,49,48,40,40,10,10,29,27,23,42,18,54,20,20,20,15,10,29,5,24,24,0,0],"gold":216,"neow_bonus":"BOSS_RELIC","is_daily":false,"chose_seed":false,"campfire_upgraded":0,"win_rate":0.0,"timestamp":1612181868,"path_taken":["M","M","M","?","?","R","E","M","T","E","M","R","M","E","R","BOSS","M","$","?","M","M","R","M","R","T","?"],"items_purchased_type":["Relic","Relic","Card"],"build_version":"2020-12-22","purchased_purges":0,"victory":false,"max_hp_per_floor":[66,66,66,66,66,66,66,66,66,66,66,66,66,66,66,66,66,66,66,66,66,66,66,66,66,66,66,66],"relic_stats":{"Dream Catcher":4,"Centennial Puzzle":[24],"counters":[15,97],"Golden Idol":66,"Mummified Hand":[8],"CeramicFish":216,"Pandora\u0027s Box":["Expertise","Dagger Spray","Venomology","Dash","Prepared","Cloak And Dagger","Accuracy","Distraction","Bullet Time","Poisoned Stab"],"War Paint":["Dodge and Roll","Defend_G"],"obtain_stats":[{"Dream Catcher":7,"Centennial Puzzle":10,"Golden Idol":4,"Mummified Hand":19,"CeramicFish":9,"Pandora\u0027s Box":17,"War Paint":14,"PrismaticShard":19,"Ancient Tea Set":26,"Ring of the Snake":0,"Runic Pyramid":0},{"Dream Catcher":4,"Centennial Puzzle":6,"Golden Idol":3,"Mummified Hand":11,"CeramicFish":5,"Pandora\u0027s Box":10,"War Paint":9,"PrismaticShard":11,"Ancient Tea Set":14,"Ring of the Snake":0,"Runic Pyramid":0},{"Dream Catcher":26,"Centennial Puzzle":42,"Golden Idol":13,"Mummified Hand":74,"CeramicFish":31,"Pandora\u0027s Box":70,"War Paint":55,"PrismaticShard":74,"Ancient Tea Set":90,"Ring of the Snake":0,"Runic Pyramid":0}]},"card_choices":[{"not_picked":["Prepared","Bane"],"picked":"Concentrate","floor":1},{"not_picked":["Escape Plan","Acrobatics"],"picked":"Backstab","floor":2},{"not_picked":["Deflect","Calculated Gamble"],"picked":"Footwork","floor":3},{"not_picked":["Underhanded Strike","Skewer"],"picked":"Eviscerate","floor":7},{"not_picked":["Slice","Caltrops"],"picked":"Blur","floor":8},{"not_picked":["Unload","Envenom"],"picked":"Dodge and Roll","floor":10},{"not_picked":["Dodge and Roll","Dagger Throw"],"picked":"Heel Hook","floor":11},{"not_picked":["Poisoned Stab","Deadly Poison"],"picked":"Underhanded Strike","floor":12},{"not_picked":["Noxious Fumes","Deflect"],"picked":"Phantasmal Killer","floor":13},{"not_picked":["Acrobatics","Unload"],"picked":"Sucker Punch","floor":14},{"not_picked":["Riddle With Holes","Masterful Stab"],"picked":"Flechettes","floor":15},{"not_picked":["Malaise","Doppelganger"],"picked":"Night Terror","floor":16},{"not_picked":["Outmaneuver","Leg Sweep"],"picked":"Blur+1","floor":18},{"not_picked":["Cloak And Dagger","Prepared+1"],"picked":"Consecrate","floor":21},{"not_picked":["Flying Knee","Sentinel"],"picked":"Sweeping Beam","floor":22},{"not_picked":["Deadly Poison","Deep Breath"],"picked":"FollowUp","floor":23},{"not_picked":["Quick Slash","FlurryOfBlows","ThirdEye"],"picked":"SKIP","floor":24},{"not_picked":["All Out Attack","Good Instincts"],"picked":"Amplify","floor":25}],"player_experience":2529916,"relics_obtained":[{"floor":7,"key":"Dream Catcher"},{"floor":9,"key":"CeramicFish"},{"floor":10,"key":"Centennial Puzzle"},{"floor":14,"key":"War Paint"},{"floor":26,"key":"Ancient Tea Set"}],"event_choices":[{"damage_healed":0,"gold_gain":0,"player_choice":"Take Damage","damage_taken":23,"relics_obtained":["Golden Idol"],"max_hp_gain":0,"max_hp_loss":0,"event_name":"Golden Idol","floor":4,"gold_loss":0},{"damage_healed":0,"gold_gain":0,"player_choice":"Ignored","damage_taken":0,"max_hp_gain":0,"max_hp_loss":0,"event_name":"Shining Light","floor":5,"gold_loss":0},{"damage_healed":0,"gold_gain":0,"cards_transformed":["Expertise"],"player_choice":"Transformed","damage_taken":0,"max_hp_gain":0,"max_hp_loss":0,"event_name":"Transmorgrifier","floor":20,"gold_loss":0,"cards_obtained":["Catalyst"]}],"is_beta":false,"boss_relics":[{"not_picked":["Calling Bell","SlaversCollar"],"picked":"Pandora\u0027s Box"}],"items_purged_floors":[],"is_endless":false,"potions_floor_spawned":[1,3,10,11,16,22],"killed_by":"Chosen and Byrds","ascension_level":20}}