{"host":"9slw7l0ws16384qq","time":1612184095,"event":{"mods":["A Penny For Your Troubles","BaseMod","Colored Map","Downfall","Evolution","Hubris","Minty Spire (QoL Compilation)","Replay The Spire","StS++","StSLib"],"gold_per_floor":[99,113,123,143,53,82,109,109,209,222,232,263,324,367,390,496,546,446,546,440,455,470,483,529,529,529,529],"floor_reached":25,"language":"FRA","playtime":1392,"items_purged":["hexamod:Strike","hexamod:Strike"],"score":285,"play_id":"ff62816d-b770-4387-bdce-3653082221e2","local_time":"20210201135455","is_ascension_mode":true,"campfire_choices":[{"data":"hexamod:Defend","floor":1.0,"key":"PURGE"},{"data":"1","floor":8.0,"key":"LIFT"},{"floor":18.0,"key":"DIG"}],"circlet_count":0,"master_deck":["hexamod:HeatMetal+1","hexamod:Strike","hexamod:Defend","hexamod:Defend","hexamod:Defend","hexamod:Sear","hexamod:Float","hexamod:HeatMetal","hexamod:HeatMetal","hexamod:HeatMetal","hexamod:EmpoweredFlame","hexamod:HexaLevel","hexamod:VolcanoVisage"],"relics":["hexamod:SpiritBrand","EVO:Axolotl","Gremlin Food","Girya","Replay:Baseball","Toy Ornithopter","StSpp:SailorCap","StSpp:BrokenTotem","CeramicFish","Tiny House","downfall:HeartBlessingGreen","Snack Pack","downfall:GremlinWheel"],"acts_visited":["Exordium","TheCity"],"potions_floor_usage":[19,25],"damage_taken":[{"damage":3.0,"enemies":"2 Louse","floor":2.0,"turns":3.0},{"damage":0.0,"enemies":"Cultist","floor":3.0,"turns":3.0},{"damage":0.0,"enemies":"Small Slimes","floor":4.0,"turns":3.0},{"damage":0.0,"enemies":"downfall:FleeingMerchant","floor":5.0,"turns":4.0},{"damage":25.0,"enemies":"Lagavulin","floor":6.0,"turns":6.0},{"damage":22.0,"enemies":"downfall:LadyInBlue","floor":9.0,"turns":9.0},{"damage":0.0,"enemies":"2 Fungi Beasts","floor":10.0,"turns":3.0},{"damage":1.0,"enemies":"Exordium Wildlife","floor":11.0,"turns":2.0},{"damage":0.0,"enemies":"Gremlin Nob","floor":12.0,"turns":3.0},{"damage":0.0,"enemies":"3 Sentries","floor":13.0,"turns":6.0},{"damage":11.0,"enemies":"Lagavulin","floor":14.0,"turns":5.0},{"damage":3.0,"enemies":"Red Slaver","floor":15.0,"turns":2.0},{"damage":4.0,"enemies":"SI_SHIV_ARCHETYPE","floor":16.0,"turns":6.0},{"damage":10,"enemies":"SI_SHIV_ARCHETYPE","floor":19,"turns":3},{"damage":0,"enemies":"downfall:FleeingMerchant","floor":20,"turns":4},{"damage":24,"enemies":"3 Byrds","floor":21,"turns":5},{"damage":17,"enemies":"Shell Parasite","floor":22,"turns":5},{"damage":9,"enemies":"Snake Plant","floor":23,"turns":5},{"damage":35,"enemies":"Book of Stabbing","floor":25,"turns":4}],"seed_played":"8963248619399511864","potions_obtained":[{"floor":4.0,"key":"EssenceOfSteel"},{"floor":6.0,"key":"StSpp:ScatteredPotion"},{"floor":9.0,"key":"Toxic Potion"},{"floor":9.0,"key":"EssenceOfSteel"},{"floor":11.0,"key":"LifebloodPotion"},{"floor":14.0,"key":"sneckomod:MuddlingPotion"},{"floor":17.0,"key":"BlessingOfTheForge"},{"floor":19,"key":"bronze:BurnAndBuffPotion"}],"is_trial":false,"path_per_floor":["R_BF","M","M","M","$","E","T","R","?","M","M","E","?","E","M","B",null,"R_BF","?","$","M","M","M","T","E"],"character_chosen":"THE_SPIRIT","items_purchased":[],"campfire_rested":0,"item_purchase_floors":[],"current_hp_per_floor":[70,67,67,67,67,42,42,42,20,20,24,24,29,18,15,21,75,75,67,71,49,34,27,27,0,0,0],"gold":529,"neow_bonus":"RANDOM_COMMON_RELIC","is_daily":false,"chose_seed":false,"campfire_upgraded":0,"win_rate":0.0,"timestamp":1612184095,"path_taken":["R_BF","M","M","M","$","E","T","R","?","M","?","E","?","E","M","BOSS","R_BF","?","$","M","M","M","T","E"],"items_purchased_type":[],"build_version":"2020-12-22","purchased_purges":2,"victory":false,"max_hp_per_floor":[70,70,70,70,70,70,70,70,70,70,70,70,70,70,70,70,75,75,75,75,75,75,75,75,75,75,75],"card_choices":[{"not_picked":["hexamod:FlamesFromBeyond","hexamod:ThirdSeal","hexamod:SkipABeat"],"picked":"SKIP","floor":2.0},{"not_picked":["hexamod:NightmareStrike","hexamod:SoulSteal"],"picked":"hexamod:HeatMetal","floor":3.0},{"not_picked":["hexamod:NightmareGuise","hexamod:FlamesFromBeyond"],"picked":"hexamod:HeatMetal","floor":4.0},{"not_picked":["hexamod:EtherealExpedition","hexamod:HauntingEcho","hexamod:GiftsFromTheDead"],"picked":"SKIP","floor":5.0},{"not_picked":["hexamod:ForkedFlame","hexamod:Rewind","hexamod:FastForward"],"picked":"SKIP","floor":6.0},{"not_picked":["hexamod:NightmareGuise","hexamod:Firestarter","hexamod:FlamesFromBeyond"],"picked":"SKIP","floor":10.0},{"not_picked":["hexamod:FastForward","hexamod:SpectralSpark","hexamod:FlamesFromBeyond"],"picked":"SKIP","floor":11.0},{"not_picked":["hexamod:SpectralSpark","hexamod:SixthSeal","hexamod:RetreatToShadows"],"picked":"SKIP","floor":12.0},{"not_picked":["hexamod:SwordOfDarkness","hexamod:NightmareGuise"],"picked":"hexamod:HeatMetal","floor":14.0},{"not_picked":["hexamod:GhostLash","hexamod:RainOfEmbers"],"picked":"hexamod:EmpoweredFlame","floor":15.0},{"not_picked":["hexamod:SearingWound","hexamod:UnleashSpirits"],"picked":"hexamod:HexaLevel","floor":16.0},{"not_picked":["hexamod:GhostflameBarrier","hexamod:InspiringFlames+1"],"picked":"hexamod:VolcanoVisage","floor":20},{"not_picked":["hexamod:NightmareStrike","hexamod:BurningTouch","hexamod:GhostLash+1"],"picked":"SKIP","floor":21},{"not_picked":["hexamod:GhostLash","hexamod:ThermalTransfer","hexamod:SwordOfDarkness"],"picked":"SKIP","floor":22},{"not_picked":["hexamod:InspiringFlames+1","hexamod:ChargedBarrage","hexamod:NightmareStrike"],"picked":"SKIP","floor":23}],"player_experience":1578492,"relics_obtained":[{"floor":6.0,"key":"Girya"},{"floor":7.0,"key":"Replay:Baseball"},{"floor":9.0,"key":"Toy Ornithopter"},{"floor":12.0,"key":"StSpp:SailorCap"},{"floor":13.0,"key":"StSpp:BrokenTotem"},{"floor":14.0,"key":"CeramicFish"},{"floor":18.0,"key":"Snack Pack"},{"floor":19,"key":"downfall:GremlinWheel"}],"event_choices":[],"is_beta":false,"boss_relics":[{"not_picked":["Fusion Hammer","Pandora\u0027s Box"],"picked":"Tiny House"}],"items_purged_floors":[5,20],"is_endless":false,"potions_floor_spawned":[4,6,11,12,14,19],"killed_by":"Book of Stabbing","ascension_level":1}}