{"host":"2gnwij4otnt5buyw","time":1612146741,"event":{"mods":["BaseMod","BetterRewards","Colored Map","Conspire","DeckTracker","Downfall","Energized Spire","Friendly Minions","Googly Eyes","Hubris","Infinite Spire","Kiyohime????","Marisa????????","Minty Spire (QoL Compilation)","Remilia??????","Replay The Spire","StSLib","Td1madao Mod","The Administrix","The Animator","The Cursed","The Disciple","The Hierophant","The Necromancer","The Runesmith","The Servant 0.9.4"],"gold_per_floor":[112,131,151,166,59,84,84,97,97,107,122,122,157,8,8,109,109,120,130,130,148,148,180,180,180,180],"floor_reached":25,"language":"ENG","playtime":1488,"items_purged":["Strike_R"],"score":282,"play_id":"933f0b8f-1aa6-48bc-8e85-3c604835dfde","local_time":"20210131213221","is_ascension_mode":true,"campfire_choices":[{"floor":7.0,"key":"REST"},{"floor":12.0,"key":"REST"},{"floor":15.0,"key":"REST"},{"floor":24.0,"key":"REST"}],"circlet_count":1,"master_deck":["Strike_R","Strike_R","Strike_R","Strike_R","Defend_R","Defend_R","Defend_R","Defend_R","Bash","Rampage","Iron Wave","hubris:CleavingFinish","Hemokinesis","Dark Embrace","Shrug It Off","Warcry","Fiend Fire","Corruption","Uppercut","infinitespire:Collect"],"relics":["Burning Blood","Runesmith:AutoHammer","infinitespire:Lucky Rock","Ornamental Fan","Lantern","Circlet","hubris:GrandSneckoEye","Prayer Wheel","Replay:Bandana"],"acts_visited":[],"potions_floor_usage":[],"damage_taken":[{"damage":6.0,"enemies":"Cultist","floor":1.0,"turns":4.0},{"damage":3.0,"enemies":"Small Slimes","floor":2.0,"turns":4.0},{"damage":1.0,"enemies":"2 Louse","floor":3.0,"turns":4.0},{"damage":6.0,"enemies":"2 Fungi Beasts","floor":4.0,"turns":4.0},{"damage":52.0,"enemies":"Lagavulin","floor":6.0,"turns":7.0},{"damage":2.0,"enemies":"3 Louse","floor":8.0,"turns":2.0},{"damage":29.0,"enemies":"Exordium Wildlife","floor":10.0,"turns":6.0},{"damage":13.0,"enemies":"Large Slime","floor":11.0,"turns":6.0},{"damage":13.0,"enemies":"Gremlin Nob","floor":13.0,"turns":3.0},{"damage":69.0,"enemies":"The Guardian","floor":16.0,"turns":11.0},{"damage":12.0,"enemies":"Shell Parasite","floor":18.0,"turns":3.0},{"damage":13.0,"enemies":"Spheric Guardian","floor":19.0,"turns":3.0},{"damage":14.0,"enemies":"Cultist and Chosen","floor":21.0,"turns":4.0},{"damage":51.0,"enemies":"Nightmare","floor":23.0,"turns":6.0},{"damage":0,"enemies":"Gremlin Leader","floor":25,"turns":1}],"seed_played":"8192984562071214317","potions_obtained":[{"floor":1.0,"key":"Dexterity Potion"},{"floor":4.0,"key":"ElixirPotion"},{"floor":8.0,"key":"SpeedPotion"},{"floor":13.0,"key":"Dexterity Potion"},{"floor":21.0,"key":"SteroidPotion"},{"floor":23.0,"key":"LiquidBronze"}],"is_trial":false,"path_per_floor":["M","M","M","M","$","E","R","M","T","M","M","R","E","$","R","B",null,"M","M","?","M","AVR","NM","R","E"],"character_chosen":"IRONCLAD","items_purchased":["Hemokinesis","Dark Embrace","vexMod:TimeEaterHat"],"campfire_rested":4,"item_purchase_floors":[5,5,14],"current_hp_per_floor":[80,80,80,80,80,34,58,62,62,39,32,56,49,49,73,10,80,74,67,80,72,72,27,51,51,51],"gold":180,"neow_bonus":"RANDOM_COMMON_RELIC","is_daily":false,"chose_seed":false,"campfire_upgraded":0,"win_rate":0.0,"timestamp":1612146741,"path_taken":["M","M","M","?","$","E","R","M","T","M","M","R","E","$","R","BOSS","M","M","?","M","AVR","NM","R","E"],"items_purchased_type":["Card","Card","Undefined"],"build_version":"2020-12-22","purchased_purges":1,"victory":false,"max_hp_per_floor":[80,80,80,80,80,80,80,80,80,80,80,80,80,80,80,80,80,80,80,80,80,80,80,80,80,80],"card_choices":[{"not_picked":["Thunderclap","Infernal Blade"],"picked":"Rampage","floor":1.0},{"not_picked":["Twin Strike","Replay:Undeath\u0027s Touch"],"picked":"Iron Wave","floor":2.0},{"not_picked":["Armaments","Perfected Strike","Defy Death"],"picked":"SKIP","floor":3.0},{"not_picked":["ReplayTheSpireMod:Strike From Hell","ReplayTheSpireMod:LeadingStrike"],"picked":"hubris:CleavingFinish","floor":4.0},{"not_picked":["Demonic Infusion","Rage","Sword Boomerang"],"picked":"SKIP","floor":6.0},{"not_picked":["Sword Boomerang","Headbutt"],"picked":"Shrug It Off","floor":8.0},{"not_picked":["Infernal Blade","Burning Pact"],"picked":"Warcry","floor":10.0},{"not_picked":["Metallicize","Pommel Strike","Warcry"],"picked":"SKIP","floor":11.0},{"not_picked":["Thunderclap","Fire Breathing"],"picked":"Fiend Fire","floor":13.0},{"not_picked":["Exhume","hubris:StunningStrike"],"picked":"Corruption","floor":16.0},{"not_picked":["Evolve","Twin Strike","Anger"],"picked":"SKIP","floor":18.0},{"not_picked":["Heavy Blade","Seeing Red+1","Perfected Strike"],"picked":"SKIP","floor":19.0},{"not_picked":["ReplayTheSpireMod:Strike From Hell+1","Anger+1"],"picked":"Uppercut","floor":21.0},{"not_picked":["conspire:Charge","Headbutt","Havoc"],"picked":"SKIP","floor":23.0}],"player_experience":215515,"relics_obtained":[{"floor":6.0,"key":"infinitespire:Lucky Rock"},{"floor":9.0,"key":"Ornamental Fan"},{"floor":13.0,"key":"Lantern"},{"floor":23.0,"key":"Replay:Bandana"}],"event_choices":[{"damage_healed":13.0,"max_hp_gain":0.0,"max_hp_loss":0.0,"gold_gain":0.0,"event_name":"Wheel of Change","player_choice":"Full Heal","floor":20.0,"gold_loss":0.0,"damage_taken":0.0}],"is_beta":false,"boss_relics":[{"not_picked":["vexMod:EndlessSickness","Tiny House"],"picked":"hubris:GrandSneckoEye"}],"items_purged_floors":[22],"is_endless":true,"potions_floor_spawned":[1,4,8,13,21,23],"killed_by":"Gremlin Leader","ascension_level":4}}