{"host":"rantoq7h0pygex6x","time":1612186042,"event":{"mods":["AchievementEnabler","BaseMod","BetterRewards","Minty Spire (QoL Compilation)"],"gold_per_floor":[110,110,123,123,8,8,39,39,87,118,131,131,146,179,179,254,254,269,26,38,52,83,83,100,100,100,12,12,47,66,116,116,188,188,204,204,204,204,124,124,124,134,134,161,172,198,48,62,62,62,62,62],"floor_reached":51,"language":"ENG","playtime":1873,"items_purged":["Strike_B","Defend_B","Strike_B","Strike_B"],"score":1786,"play_id":"6d7de755-f59b-45ac-864b-eef53cd5c6eb","local_time":"20210201212722","is_ascension_mode":true,"campfire_choices":[{"data":"White Noise","floor":6.0,"key":"SMITH"},{"data":"Zap","floor":8.0,"key":"SMITH"},{"data":"Self Repair","floor":12.0,"key":"SMITH"},{"data":"Consume","floor":15.0,"key":"SMITH"},{"data":"Seek","floor":23.0,"key":"SMITH"},{"data":"White Noise","floor":25.0,"key":"SMITH"},{"data":"Defragment","floor":32.0,"key":"SMITH"},{"data":"Defragment","floor":40.0,"key":"SMITH"},{"floor":49.0,"key":"REST"}],"circlet_count":0,"master_deck":["AscendersBane","Strike_B","Defend_B","Defend_B","Defend_B","Zap+1","Dualcast","Self Repair+1","Coolheaded","Conserve Battery","Ball Lightning","White Noise+1","Consume+1","Chill","Sweeping Beam","Seek+1","Rebound","Ball Lightning","Cold Snap","Stack","FTL","White Noise+1","Defragment+1","Hologram","Echo Form","Defragment+1","Flash of Steel","Ball Lightning+1","Go for the Eyes+1","Skim"],"relics":["Cracked Core","Mummified Hand","Eternal Feather","Omamori","Sundial","Bag of Preparation","Boot","Bronze Scales","White Beast Statue","Cursed Key","Red Mask","Blue Candle","Turnip","SacredBark","Pocketwatch","Molten Egg 2","Strawberry"],"acts_visited":["Exordium","TheCity","TheBeyond"],"potions_floor_usage":[50,50],"damage_taken":[{"damage":4.0,"enemies":"2 Louse","floor":1.0,"turns":2.0},{"damage":0.0,"enemies":"Jaw Worm","floor":3.0,"turns":5.0},{"damage":21.0,"enemies":"3 Sentries","floor":7.0,"turns":7.0},{"damage":4.0,"enemies":"Gremlin Nob","floor":10.0,"turns":3.0},{"damage":7.0,"enemies":"Small Slimes","floor":11.0,"turns":2.0},{"damage":0.0,"enemies":"Looter","floor":13.0,"turns":2.0},{"damage":12.0,"enemies":"3 Sentries","floor":14.0,"turns":7.0},{"damage":33.0,"enemies":"The Guardian","floor":16.0,"turns":10.0},{"damage":0.0,"enemies":"Spheric Guardian","floor":18.0,"turns":3.0},{"damage":10.0,"enemies":"3 Byrds","floor":20.0,"turns":3.0},{"damage":5.0,"enemies":"Centurion and Healer","floor":21.0,"turns":4.0},{"damage":22.0,"enemies":"Masked Bandits","floor":22.0,"turns":4.0},{"damage":5.0,"enemies":"Snake Plant","floor":24.0,"turns":3.0},{"damage":28.0,"enemies":"Gremlin Leader","floor":29.0,"turns":7.0},{"damage":1.0,"enemies":"3 Cultists","floor":30.0,"turns":5.0},{"damage":57.0,"enemies":"Collector","floor":33.0,"turns":9.0},{"damage":11.0,"enemies":"Orb Walker","floor":35.0,"turns":3.0},{"damage":0.0,"enemies":"3 Darklings","floor":37.0,"turns":2.0},{"damage":10.0,"enemies":"Writhing Mass","floor":42.0,"turns":3.0},{"damage":39.0,"enemies":"Giant Head","floor":44.0,"turns":7.0},{"damage":13.0,"enemies":"Spire Growth","floor":45.0,"turns":4.0},{"damage":29.0,"enemies":"Reptomancer","floor":46.0,"turns":5.0},{"damage":21.0,"enemies":"Jaw Worm Horde","floor":48.0,"turns":5.0},{"damage":103,"enemies":"Donu and Deca","floor":50,"turns":11},{"damage":16,"enemies":"Awakened One","floor":51,"turns":1}],"seed_played":"6314730915646522414","potions_obtained":[{"floor":3.0,"key":"LiquidBronze"},{"floor":13.0,"key":"SpeedPotion"},{"floor":14.0,"key":"DuplicationPotion"},{"floor":16.0,"key":"SmokeBomb"},{"floor":30.0,"key":"PowerPotion"},{"floor":33.0,"key":"EssenceOfDarkness"},{"floor":35.0,"key":"PowerPotion"},{"floor":42.0,"key":"Energy Potion"},{"floor":44.0,"key":"Dexterity Potion"},{"floor":48.0,"key":"Regen Potion"}],"is_trial":false,"path_per_floor":["M","?","M","?","$","R","E","R","T","E","M","R","M","E","R","B",null,"M","$","M","M","?","R","M","R","T","$","?","E","M","?","R","B",null,"M","?","M","?","$","R","?","M","T","E","M","E","$","M","R","B","B"],"character_chosen":"DEFECT","items_purchased":["Mummified Hand","Eternal Feather","Self Repair","Omamori","Ball Lightning","White Noise","Ball Lightning","Cold Snap","Defragment","Defragment"],"campfire_rested":1,"item_purchase_floors":[0,0,0,0,5,5,19,19,27,39],"current_hp_per_floor":[22,22,29,18,18,24,10,19,19,22,22,31,41,39,48,25,56,66,66,66,66,54,66,66,66,66,66,66,48,57,57,66,19,54,53,53,63,63,63,63,63,63,63,34,41,29,29,18,57,14,0,0],"gold":62,"neow_bonus":"","is_daily":false,"chose_seed":false,"campfire_upgraded":8,"win_rate":0.0,"timestamp":1612186042,"path_taken":["M","?","M","?","?","R","E","R","T","E","?","R","M","E","R","BOSS","M","$","M","M","?","R","M","R","T","$","?","E","M","?","R","BOSS","M","?","?","?","$","R","?","M","T","E","M","E","$","M","R","BOSS","BOSS"],"items_purchased_type":["Relic","Relic","Card","Relic","Card","Card","Card","Card","Card","Card"],"build_version":"2020-12-22","purchased_purges":4,"victory":false,"max_hp_per_floor":[66,66,66,66,66,66,66,66,66,66,66,66,66,66,66,66,66,66,66,66,66,66,66,66,66,66,66,66,66,66,66,66,66,66,66,66,66,63,63,63,63,63,63,63,63,70,70,70,70,70,70,70],"card_choices":[{"not_picked":["Go for the Eyes","Streamline"],"picked":"Coolheaded","floor":1.0},{"not_picked":["Redo","Barrage"],"picked":"Conserve Battery","floor":3.0},{"not_picked":["Chill","Auto Shields"],"picked":"Consume","floor":7.0},{"not_picked":["Rainbow","Turbo"],"picked":"Chill","floor":10.0},{"not_picked":["Blizzard","Go for the Eyes","Beam Cell"],"picked":"SKIP","floor":11.0},{"not_picked":["Reprogram","Doom and Gloom","Double Energy"],"picked":"SKIP","floor":13.0},{"not_picked":["Steam","Leap"],"picked":"Sweeping Beam","floor":14.0},{"not_picked":["Creative AI","Multi-Cast"],"picked":"Seek","floor":16.0},{"not_picked":["Redo","Conserve Battery"],"picked":"Rebound","floor":18.0},{"not_picked":["Hello World","Conserve Battery","Ball Lightning"],"picked":"SKIP","floor":20.0},{"not_picked":["Redo","Go for the Eyes"],"picked":"Stack","floor":21.0},{"not_picked":["Multi-Cast","Compile Driver"],"picked":"FTL","floor":22.0},{"not_picked":["Coolheaded","FTL"],"picked":"White Noise","floor":24.0},{"not_picked":["Undo","Barrage"],"picked":"Hologram","floor":29.0},{"not_picked":["Cold Snap","Streamline","Leap"],"picked":"SKIP","floor":30.0},{"not_picked":["Hyperbeam","Amplify"],"picked":"Echo Form","floor":33.0},{"not_picked":["Leap","Genetic Algorithm","Blizzard+1"],"picked":"SKIP","floor":35.0},{"not_picked":["Forethought","Deep Breath"],"picked":"Flash of Steel","floor":41.0},{"not_picked":["Redo","Go for the Eyes"],"picked":"Ball Lightning+1","floor":42.0},{"not_picked":["Sweeping Beam+1","Tempest+1"],"picked":"Go for the Eyes+1","floor":44.0},{"not_picked":["Streamline+1","Stack"],"picked":"Skim","floor":45.0},{"not_picked":["Chill+1","Reboot","Leap"],"picked":"SKIP","floor":46.0},{"not_picked":["Rip and Tear+1","Go for the Eyes+1","Coolheaded"],"picked":"SKIP","floor":48.0}],"player_experience":969486,"relics_obtained":[{"floor":7.0,"key":"Bag of Preparation"},{"floor":9.0,"key":"Boot"},{"floor":10.0,"key":"Bronze Scales"},{"floor":14.0,"key":"White Beast Statue"},{"floor":22.0,"key":"Red Mask"},{"floor":26.0,"key":"Blue Candle"},{"floor":29.0,"key":"Turnip"},{"floor":43.0,"key":"Pocketwatch"},{"floor":44.0,"key":"Molten Egg 2"},{"floor":46.0,"key":"Strawberry"}],"event_choices":[{"damage_healed":0.0,"max_hp_gain":0.0,"max_hp_loss":0.0,"gold_gain":0.0,"event_name":"Golden Wing","player_choice":"Ignored","floor":2.0,"gold_loss":0.0,"damage_taken":0.0},{"damage_healed":0.0,"max_hp_gain":0.0,"max_hp_loss":0.0,"gold_gain":0.0,"event_name":"Scrap Ooze","player_choice":"Success","floor":4.0,"gold_loss":0.0,"damage_taken":11.0,"relics_obtained":["Sundial"]},{"damage_healed":0.0,"max_hp_gain":0.0,"max_hp_loss":0.0,"gold_gain":0.0,"event_name":"Masked Bandits","player_choice":"Fought Bandits","floor":22.0,"gold_loss":0.0,"damage_taken":0.0},{"damage_healed":0.0,"max_hp_gain":0.0,"max_hp_loss":0.0,"gold_gain":0.0,"event_name":"Cursed Tome","player_choice":"Ignored","floor":28.0,"gold_loss":0.0,"damage_taken":0.0},{"damage_healed":0.0,"max_hp_gain":0.0,"max_hp_loss":0.0,"gold_gain":50.0,"event_name":"Nest","player_choice":"Stole From Cult","floor":31.0,"gold_loss":0.0,"damage_taken":0.0},{"damage_healed":0.0,"max_hp_gain":0.0,"max_hp_loss":0.0,"gold_gain":0.0,"event_name":"Match and Keep!","player_choice":"0 cards matched","floor":36.0,"gold_loss":0.0,"damage_taken":0.0,"cards_obtained":[]},{"damage_healed":0.0,"max_hp_gain":0.0,"max_hp_loss":3.0,"gold_gain":0.0,"event_name":"Winding Halls","player_choice":"Max HP","floor":38.0,"gold_loss":0.0,"damage_taken":0.0},{"damage_healed":0.0,"max_hp_gain":0.0,"max_hp_loss":0.0,"gold_gain":0.0,"event_name":"SensoryStone","player_choice":"Memory 1","floor":41.0,"gold_loss":0.0,"damage_taken":0.0}],"is_beta":false,"boss_relics":[{"not_picked":["Philosopher\u0027s Stone","Pandora\u0027s Box"],"picked":"Cursed Key"},{"not_picked":["Fusion Hammer","Astrolabe"],"picked":"SacredBark"}],"items_purged_floors":[0,0,19,47],"is_endless":false,"potions_floor_spawned":[3,13,14,16,18,20,21,22,24,29,30,33,35,37,42,44,45,46,48],"killed_by":"Awakened One","ascension_level":20}}