{"host":"nia1zwr35jsu5y7h","time":1612187577,"event":{"mods":["2.2 Compatiblity","Abigail Mod","Bard","BaseMod","Colored Map","Conspire","Downfall","Friendly Minions","Hermit","Highlight Path","Hubris","Infinite Spire","Kiyohime????","Koishi","Marisa????????","Minty Spire (QoL Compilation)","Quick Restart","Replay The Spire","Shade Mod","Shop Mod","StSLib","The Administrix","The Animator","The Construct","The Cursed","The Disciple","The Mystic","The Necromancer","The Servant 0.9.4"],"gold_per_floor":[131,131,157,1,1,36,36,70,70,99,109,109,153,153,153,253,253,273,288,288,307,317,317,327,0,0,57,6,6,33,59,59,158,158,177,209,209,209,37,37,71,71,95,122,122,138,138,167,167,167],"floor_reached":51,"language":"ENG","playtime":4177,"items_purged":["animator:Strike","animator:Strike","animator:Defend"],"score":944,"play_id":"1960eae6-25c6-4d42-9bf4-59ff2dbd6e89","local_time":"20210201055257","is_ascension_mode":true,"campfire_choices":[{"data":"animator:YachiyoNanami","floor":7,"key":"SMITH"},{"data":"animator:LeleiLaLalena","floor":12,"key":"SMITH"},{"data":"animator:NagisaMomoe","floor":15,"key":"SMITH"},{"data":"animator:NagisaMomoe","floor":23,"key":"SMITH"},{"data":"animator:Wiz","floor":29,"key":"SMITH"},{"data":"animator:ElricAlphonse","floor":32,"key":"SMITH"},{"data":"animator:ElricAlphonse","floor":40,"key":"SMITH"},{"data":"animator:NagisaMomoe","floor":42,"key":"SMITH"},{"data":"animator:PinaCoLada","floor":45,"key":"SMITH"},{"data":"animator:Kyubey","floor":47,"key":"SMITH"},{"data":"animator:MadokaKaname","floor":49,"key":"SMITH"}],"circlet_count":0,"master_deck":["animator:Defend_MadokaMagica","animator:Defend","animator:Defend","animator:IrohaTamaki","animator:YuiTsuruno","animator:PandorasActor","animator:YachiyoNanami+1","animator:Ain","animator:YunYun","animator:NagisaMomoe+1","animator:LeleiLaLalena+1","animator:YachiyoNanami","animator:SayakaMiki","animator:PinaCoLada+1","animator:NagisaMomoe+1","animator:Tet","animator:YunYun","animator:MadokaKaname+1","animator:FielNirvalen","animator:Wiz+1","animator:MamiTomoe","animator:Kyubey+1","animator:NarberalGamma","animator:ElricAlphonse+1","animator:MadokaKaname","animator:NagisaMomoe+1","animator:Evileye+1","animator:ElricAlphonse+1","animator:FielNirvalen","animator:ElricAlphonse","animator:ElricAlphonse","animator:ElricAlphonse+1"],"relics":["animator:VividPicture","animator:TheMissingPiece","animator:PurgingStone","NeowsBlessing","hubris:Icosahedron","conspire:DecoderRing","animator:WornHelmet","ReplayTheSpireMod:Shallot","Durian","Toy Ornithopter","construct:ClawGrip","Bronze Scales","animator:ShionDessert","conspire:GiftBox","infinitespire:Lucky Rock","Centennial Puzzle","Oddly Smooth Stone","Replay:Baseball"],"acts_visited":["Exordium","TheCity","TheBeyond"],"potions_floor_usage":[8,30,33,33,50,50],"damage_taken":[{"damage":0,"enemies":"2 Louse","floor":1,"turns":2},{"damage":0,"enemies":"Cultist","floor":3,"turns":1},{"damage":0,"enemies":"3 Sentries","floor":6,"turns":1},{"damage":10,"enemies":"Gremlin Nob","floor":8,"turns":5},{"damage":1,"enemies":"3 Sentries","floor":10,"turns":6},{"damage":0,"enemies":"conspire:RoseBush","floor":11,"turns":2},{"damage":12,"enemies":"Lagavulin","floor":13,"turns":8},{"damage":23,"enemies":"Hexaghost","floor":16,"turns":10},{"damage":0,"enemies":"conspire:FuzzyDice","floor":18,"turns":6},{"damage":3,"enemies":"Spheric Guardian","floor":19,"turns":8},{"damage":11,"enemies":"Centurion and Healer","floor":21,"turns":7},{"damage":16,"enemies":"conspire:HollyBat","floor":22,"turns":6},{"damage":11,"enemies":"Shelled Parasite and Fungi","floor":24,"turns":4},{"damage":7,"enemies":"conspire:SneckoGhost","floor":27,"turns":6},{"damage":33,"enemies":"Slavers","floor":30,"turns":5},{"damage":1,"enemies":"Snake Plant","floor":31,"turns":4},{"damage":18,"enemies":"Automaton","floor":33,"turns":8},{"damage":0,"enemies":"3 Shapes","floor":35,"turns":3},{"damage":30,"enemies":"3 Darklings","floor":36,"turns":5},{"damage":19,"enemies":"Giant Head","floor":41,"turns":8},{"damage":71,"enemies":"Reptomancer","floor":44,"turns":9},{"damage":0,"enemies":"Sphere and 2 Shapes","floor":46,"turns":4},{"damage":8,"enemies":"Nemesis","floor":48,"turns":7},{"damage":14,"enemies":"Time Eater","floor":50,"turns":7}],"seed_played":"1000918237162585096","potions_obtained":[{"floor":1,"key":"SkillPotion"},{"floor":5,"key":"CultistPotion"},{"floor":5,"key":"FairyPotion"},{"floor":8,"key":"BlessingOfTheForge"},{"floor":30,"key":"Adrenaline Potion"},{"floor":33,"key":"Cursed Concoction"},{"floor":35,"key":"hexamod:SoulburnPotion"},{"floor":44,"key":"construct:ShiftPotion"}],"is_trial":false,"path_per_floor":["M","?","M","$","?","E","R","E","T","E","M","R","E","?","R","B",null,"M","M","?","M","M","R","M","$","T","E","?","R","E","M","R","B",null,"M","M","?","?","$","R","E","R","T","E","R","M","R","E","R","B",null],"character_chosen":"THE_ANIMATOR","items_purchased":["animator:Ain","animator:FielNirvalen","animator:Wiz","animator:ElricAlphonse"],"campfire_rested":0,"item_purchase_floors":[4,25,25,39],"current_hp_per_floor":[66,66,66,66,66,66,66,57,57,61,61,61,49,49,49,26,72,72,69,69,58,42,42,32,32,32,25,45,45,29,28,28,29,76,76,55,55,55,55,55,54,54,54,30,30,30,30,40,40,57],"gold":167,"neow_bonus":"THREE_ENEMY_KILL","is_daily":false,"chose_seed":false,"campfire_upgraded":11,"win_rate":0.0,"timestamp":1612187577,"path_taken":["M","?","M","$","?","E","R","E","T","E","?","R","E","?","R","BOSS","M","?","?","M","?","R","M","$","T","E","?","R","E","M","R","BOSS","M","M","?","?","$","R","E","R","T","E","R","?","R","E","R","BOSS"],"items_purchased_type":["Card","Card","Card","Card"],"build_version":"2020-12-22","purchased_purges":3,"victory":true,"max_hp_per_floor":[66,66,66,66,66,66,66,67,67,72,72,72,72,72,72,72,72,72,72,72,72,72,72,73,73,73,73,73,73,76,76,76,76,76,76,76,76,76,76,76,76,76,76,76,76,76,76,76,76,76],"card_choices":[{"not_picked":["animator:Shuna","animator:Aqua"],"picked":"animator:PandorasActor","floor":1},{"not_picked":["animator:Cocytus","animator:Eris"],"picked":"animator:YachiyoNanami","floor":3},{"not_picked":["animator:DolaSchwi","animator:ItamiYouji"],"picked":"animator:YunYun","floor":6},{"not_picked":["animator:SuzuneAmano","animator:SayakaMiki"],"picked":"animator:NagisaMomoe","floor":8},{"not_picked":["animator:ChlammyZell","animator:Eris"],"picked":"animator:LeleiLaLalena","floor":10},{"not_picked":["animator:Vanir","animator:IzunaHatsuse"],"picked":"animator:YachiyoNanami","floor":11},{"not_picked":["animator:Add","animator:Eris"],"picked":"animator:SayakaMiki","floor":13},{"not_picked":["animator:Greed","animator:Elesis"],"picked":"animator:PinaCoLada","floor":16},{"not_picked":["animator:YachiyoNanami","animator:MamiTomoe"],"picked":"animator:NagisaMomoe","floor":18},{"not_picked":["animator:DolaRiku","animator:YuiTsuruno","animator:Kuribayashi"],"picked":"SKIP","floor":19},{"not_picked":["animator:Father","animator:TukaLunaMarceau"],"picked":"animator:Tet","floor":21},{"not_picked":["animator:Shuna","animator:FielNirvalen"],"picked":"animator:YunYun","floor":22},{"not_picked":["animator:MamiTomoe","animator:OrikoMikuni"],"picked":"animator:MadokaKaname","floor":24},{"not_picked":["animator:Benimaru","animator:GazelDwargon"],"picked":"animator:MamiTomoe","floor":27},{"not_picked":["animator:Elesis","animator:Sora"],"picked":"animator:Kyubey","floor":30},{"not_picked":["animator:Ciel","animator:Bozes"],"picked":"animator:NarberalGamma","floor":30},{"not_picked":["animator:PinaCoLada","animator:Gillette"],"picked":"animator:ElricAlphonse","floor":31},{"not_picked":["animator:Elesis","animator:Shizu"],"picked":"animator:MadokaKaname","floor":33},{"not_picked":["animator:YachiyoNanami","animator:SayakaMiki"],"picked":"animator:NagisaMomoe","floor":35},{"not_picked":["animator:DolaRiku","animator:PinaCoLada"],"picked":"animator:Evileye","floor":36},{"not_picked":["animator:Sloth","animator:Gillette+1"],"picked":"animator:FielNirvalen","floor":41},{"not_picked":["animator:Add+1","animator:TukaLunaMarceau"],"picked":"animator:ElricAlphonse","floor":44},{"not_picked":["animator:Sloth","animator:Pride"],"picked":"animator:ElricAlphonse","floor":46},{"not_picked":["animator:Hans","animator:Vesta+1"],"picked":"animator:ElricAlphonse+1","floor":48}],"player_experience":2296434,"relics_obtained":[{"floor":6,"key":"conspire:DecoderRing"},{"floor":8,"key":"animator:WornHelmet"},{"floor":9,"key":"ReplayTheSpireMod:Shallot"},{"floor":10,"key":"Durian"},{"floor":13,"key":"Toy Ornithopter"},{"floor":26,"key":"Bronze Scales"},{"floor":27,"key":"animator:ShionDessert"},{"floor":30,"key":"conspire:GiftBox"},{"floor":41,"key":"infinitespire:Lucky Rock"},{"floor":43,"key":"Centennial Puzzle"},{"floor":44,"key":"Oddly Smooth Stone"},{"floor":48,"key":"Replay:Baseball"}],"event_choices":[{"damage_healed":0,"gold_gain":0,"player_choice":"Got Potions","damage_taken":0,"max_hp_gain":0,"max_hp_loss":0,"event_name":"Lab","floor":5,"gold_loss":0},{"damage_healed":0,"gold_gain":0,"player_choice":"Bought 0 Potions","damage_taken":0,"max_hp_gain":0,"max_hp_loss":0,"event_name":"The Woman in Blue","floor":14,"gold_loss":0},{"cards_removed":["animator:Strike"],"damage_healed":0,"gold_gain":0,"player_choice":"Purged","damage_taken":0,"max_hp_gain":0,"max_hp_loss":0,"event_name":"Purifier","floor":20,"gold_loss":0},{"cards_removed":["animator:Strike_MadokaMagica"],"damage_healed":0,"gold_gain":0,"player_choice":"Purged","damage_taken":0,"max_hp_gain":0,"max_hp_loss":0,"event_name":"Purifier","floor":38,"gold_loss":0}],"is_beta":false,"boss_relics":[{"not_picked":["conspire:SpecialSausage","Snecko Heart"],"picked":"construct:ClawGrip"},{"not_picked":["Philosopher\u0027s Stone","hubris:TerracottaHorce"],"picked":"animator:VividPicture"}],"items_purged_floors":[4,25,39],"is_endless":false,"potions_floor_spawned":[1,8,11,13,22,30,33,35,44],"ascension_level":3}}