{"host":"4jpe1m3cviuzvkch","time":1612188167,"event":{"mods":["BaseMod","Marisa£®ÏF”Í°°ƒß¿Ì…≥£©","Minty Spire (QoL Compilation)","Remilia£®¿Ÿ√◊¿Ú—«£©","StSLib","The Servant 0.9.4","Youmu£®ªÍ∆«—˝√Œ£©"],"gold_per_floor":[114,64,64,77,91,91,105,105,105,105,125,125,125],"floor_reached":12,"language":"ZHS","playtime":284,"items_purged":[],"score":84,"play_id":"810195d7-68fc-41b7-980d-0be54b626341","local_time":"20210201220247","is_ascension_mode":true,"campfire_choices":[{"data":"Stigmanizer","floor":6,"key":"SMITH"},{"data":"UnstableMagic","floor":10,"key":"SMITH"}],"circlet_count":0,"master_deck":["Strike_RM","Strike_RM","Strike_RM","Defend_RM","Defend_RM","Defend_RM","RedMoon","ScarletShoot","ReincarnationDial","Stigmanizer+1","VampireFantasy","UnstableMagic+1","Injury","BloodAndWine"],"relics":["Sozu","Golden Idol","Matryoshka"],"acts_visited":["Exordium"],"potions_floor_usage":[],"damage_taken":[{"damage":2,"enemies":"Jaw Worm","floor":1,"turns":4},{"damage":3,"enemies":"Small Slimes","floor":4,"turns":5},{"damage":4,"enemies":"Cultist","floor":5,"turns":2},{"damage":4,"enemies":"2 Fungi Beasts","floor":7,"turns":2},{"damage":4,"enemies":"Blue Slaver","floor":11,"turns":3},{"damage":65,"enemies":"Gremlin Nob","floor":12,"turns":5}],"seed_played":"843299096296774150","potions_obtained":[],"is_trial":false,"path_per_floor":["M","?","?","M","M","R","M","?","T","R","M","E"],"character_chosen":"REMILIA","items_purchased":[],"campfire_rested":0,"item_purchase_floors":[],"current_hp_per_floor":[75,75,75,72,69,69,65,65,65,65,62,0,0],"gold":125,"neow_bonus":"BOSS_RELIC","is_daily":false,"chose_seed":false,"campfire_upgraded":2,"win_rate":0.0,"timestamp":1612188167,"path_taken":["M","?","?","M","?","R","M","?","T","R","M","E"],"items_purchased_type":[],"build_version":"2020-12-22","purchased_purges":0,"victory":false,"max_hp_per_floor":[75,75,75,75,75,75,75,75,75,75,75,75,75],"card_choices":[{"not_picked":["VampireKiss","RedRainbow"],"picked":"ReincarnationDial","floor":1},{"not_picked":["TwelveNightmare","RedMagic"],"picked":"Stigmanizer","floor":4},{"not_picked":["Stigmanizer","EndlessAdversity"],"picked":"VampireFantasy","floor":5},{"not_picked":["DevilSight","ScarletDevilSign"],"picked":"UnstableMagic","floor":7},{"not_picked":["VampireFantasy","FavorOfDestiny"],"picked":"BloodAndWine","floor":11}],"player_experience":319312,"relics_obtained":[{"floor":9,"key":"Matryoshka"}],"event_choices":[{"cards_removed":["Defend_RM"],"damage_healed":0,"gold_gain":0,"player_choice":"Card Removal","damage_taken":0,"max_hp_gain":0,"max_hp_loss":0,"event_name":"The Cleric","floor":2,"gold_loss":50},{"cards_removed":["Strike_RM"],"damage_healed":0,"gold_gain":0,"player_choice":"Offered Basic","damage_taken":0,"max_hp_gain":0,"max_hp_loss":0,"event_name":"Bonfire Elementals","floor":3,"gold_loss":0},{"damage_healed":0,"gold_gain":0,"player_choice":"Take Wound","damage_taken":0,"relics_obtained":["Golden Idol"],"max_hp_gain":0,"max_hp_loss":0,"event_name":"Golden Idol","floor":8,"gold_loss":0,"cards_obtained":["Injury"]}],"is_beta":false,"boss_relics":[],"items_purged_floors":[],"is_endless":false,"potions_floor_spawned":[5,7],"killed_by":"Gremlin Nob","ascension_level":4}}