{"host":"g76rhe4j5kh9hdf9","time":1612211736,"event":{"mods":["Act Like it!","BaseMod","Bestiary","Better Third Choice","Downfall","GifTheSpireLib","Minty Spire (QoL Compilation)","Relic Stats","Spicy Shops","StSLib"],"gold_per_floor":[99,114,126,137,149,180,205,240,240,240,515,194,194,224,235,339,339,339,354,374,88,104,130,184,217,317,317,337,366,166,180,192,293,293,193,207,259,279,185,185,210,238,238,272,272,19,19,29,41,41,41,66,66,66,66,66],"floor_reached":57,"language":"ENG","playtime":4233,"items_purged":["Regret","downfall:Malfunctioning","Pain","bronze:Strike","Writhe"],"score":1627,"play_id":"acbc6cbe-f304-4011-842d-fc5872738524","local_time":"20210201123536","is_ascension_mode":true,"campfire_choices":[{"data":"bronze:Replicate","floor":1,"key":"SMITH"},{"data":"bronze:Goto","floor":10,"key":"SMITH"},{"data":"bronze:Mutator","floor":18,"key":"SMITH"},{"floor":30,"key":"RECALL"},{"data":"bronze:DonuBeam","floor":35,"key":"SMITH"},{"data":"bronze:MaxOutput","floor":40,"key":"SMITH"},{"data":"bronze:DecaBeam","floor":47,"key":"SMITH"},{"data":"bronze:MaxOutput","floor":54,"key":"SMITH"}],"circlet_count":0,"master_deck":["bronze:Strike","bronze:Strike","bronze:Defend","bronze:Defend+1","bronze:Defend","bronze:Defend+1","bronze:Replicate+1","bronze:Goto+1","CurseOfTheBell","bronze:ChosenStrike","bronze:Iterate","bronze:Mutator+1","bronze:Repulsor+1","bronze:MaxOutput+1","bronze:DonuBeam+1","bronze:DecaBeam+1","bronze:Iterate+1","bronze:ChildClass+1","bronze:Iterate+1","Clumsy","bronze:MaxOutput+1"],"relics":["Calling Bell","Oddly Smooth Stone","Gremlin Horn","CaptainsWheel","sneckomod:BlankCard","Lantern","Boot","FossilizedHelix","ClockworkSouvenir","TungstenRod","sneckomod:SneckoTalon","Matryoshka","Letter Opener","Toy Ornithopter","Pen Nib","Bronze Scales","downfall:HeartBlessingGreen","downfall:HeartBlessingBlue","Cursed Key","downfall:HeartBlessingRed","Ginger","Guardian:PocketSentry","MealTicket","Akabeko","Pocketwatch","Anchor","Kunai","OrangePellets","StoneCalendar"],"acts_visited":["Exordium","TheCity","TheBeyond","TheEnding"],"potions_floor_usage":[6,12,16,16,21,25,25,33,33,56],"damage_taken":[{"damage":0,"enemies":"Jaw Worm","floor":2,"turns":4},{"damage":0,"enemies":"2 Louse","floor":3,"turns":3},{"damage":0,"enemies":"Cultist","floor":4,"turns":4},{"damage":0,"enemies":"Large Slime","floor":5,"turns":4},{"damage":19,"enemies":"Lagavulin","floor":6,"turns":6},{"damage":0,"enemies":"3 Sentries","floor":8,"turns":7},{"damage":9,"enemies":"downfall:FleeingMerchant","floor":12,"turns":4},{"damage":0,"enemies":"Lagavulin","floor":14,"turns":7},{"damage":0,"enemies":"2 Fungi Beasts","floor":15,"turns":3},{"damage":0,"enemies":"WA_ARCHETYPE_RETAIN","floor":16,"turns":6},{"damage":0,"enemies":"Spheric Guardian","floor":19,"turns":4},{"damage":0,"enemies":"Chosen","floor":20,"turns":3},{"damage":0,"enemies":"downfall:FleeingMerchant","floor":21,"turns":4},{"damage":3,"enemies":"Sentry and Sphere","floor":22,"turns":3},{"damage":0,"enemies":"Book of Stabbing","floor":23,"turns":4},{"damage":6,"enemies":"Slavers","floor":25,"turns":6},{"damage":32,"enemies":"Slavers","floor":26,"turns":7},{"damage":0,"enemies":"Chosen and Byrds","floor":28,"turns":3},{"damage":0,"enemies":"Book of Stabbing","floor":29,"turns":4},{"damage":0,"enemies":"Shelled Parasite and Fungi","floor":31,"turns":3},{"damage":0,"enemies":"Snake Plant","floor":32,"turns":1},{"damage":1,"enemies":"SI_MIRROR_ARCHETYPE","floor":33,"turns":6},{"damage":0,"enemies":"3 Darklings","floor":36,"turns":2},{"damage":0,"enemies":"2 Orb Walkers","floor":37,"turns":3},{"damage":0,"enemies":"3 Shapes","floor":38,"turns":2},{"damage":0,"enemies":"downfall:FleeingMerchant","floor":39,"turns":2},{"damage":0,"enemies":"Nemesis","floor":42,"turns":2},{"damage":0,"enemies":"Reptomancer","floor":44,"turns":3},{"damage":0,"enemies":"Writhing Mass","floor":48,"turns":2},{"damage":0,"enemies":"Sphere and 2 Shapes","floor":49,"turns":1},{"damage":3,"enemies":"DF_ARCHETYPE_ORBS","floor":50,"turns":4},{"damage":0,"enemies":"downfall:CharBossMerchant","floor":52,"turns":5},{"damage":0,"enemies":"downfall:NeowBoss","floor":55,"turns":7},{"damage":0,"enemies":"downfall:NeowBossFinal","floor":56,"turns":7}],"seed_played":"-3827484637712360901","potions_obtained":[{"floor":3,"key":"champ:CounterPotion"},{"floor":4,"key":"FearPotion"},{"floor":6,"key":"SpeedPotion"},{"floor":15,"key":"Swift Potion"},{"floor":19,"key":"SkillPotion"},{"floor":22,"key":"Weak Potion"},{"floor":23,"key":"sneckomod:MuddlingPotion"},{"floor":26,"key":"SmokeBomb"},{"floor":29,"key":"Strength Potion"},{"floor":31,"key":"EntropicBrew"},{"floor":44,"key":"Block Potion"},{"floor":52,"key":"SkillPotion"}],"is_trial":false,"path_per_floor":["R","M","M","M","M","E","T","E","?","R","?","$","?","E","M","B",null,"R","M","M","$","M","E","T","E","?","?","M","E","R","M","M","B",null,"R","M","?","M","$","R","T","E","?","E","T","$","R","M","M","B",null,"E","$","R","B","B",null],"character_chosen":"THE_AUTOMATON","items_purchased":["FossilizedHelix","ClockworkSouvenir","bronze:MaxOutput","Matryoshka","Guardian:PocketSentry","OrangePellets"],"campfire_rested":0,"item_purchase_floors":[12,12,21,21,39,46],"current_hp_per_floor":[70,70,70,70,70,51,51,51,51,51,51,42,42,42,42,42,70,70,70,70,70,67,67,67,64,32,32,32,32,42,42,42,51,80,80,80,80,80,80,80,80,80,80,80,80,80,80,80,80,77,80,80,80,80,80,80],"gold":66,"neow_bonus":"BOSS_RELIC","is_daily":false,"chose_seed":false,"campfire_upgraded":7,"win_rate":0.0,"timestamp":1612211736,"path_taken":["R","M","M","M","M","E","T","E","?","R","?","$","?","E","M","BOSS","R","M","M","$","M","E","T","E","?","?","M","E","R","M","M","BOSS","R","M","?","M","$","R","T","E","?","E","?","$","R","M","M","BOSS","E","$","R","BOSS","BOSS"],"items_purchased_type":["Relic","Relic","Card","Relic","Relic","Relic"],"build_version":"2020-12-22","purchased_purges":5,"victory":true,"max_hp_per_floor":[70,70,70,70,70,70,70,70,70,70,70,70,70,70,70,70,70,70,70,70,70,70,70,70,70,70,70,70,70,80,80,80,80,80,80,80,80,80,80,80,80,80,80,80,80,80,80,80,80,80,80,80,80,80,80,80],"relic_stats":{"Gremlin Horn":[31,31],"counters":[34,136],"StoneCalendar":[0],"Pen Nib":[18],"Letter Opener":[89],"Ginger":[10],"Boot":[333],"Cursed Key":2,"OrangePellets":[1],"Bronze Scales":[83],"MealTicket":0,"Kunai":[15],"obtain_stats":[{"Lantern":7,"bronze:BronzeCore":0,"Gremlin Horn":0,"sneckomod:BlankCard":6,"downfall:HeartBlessingGreen":30,"StoneCalendar":52,"Ginger":37,"Boot":8,"Cursed Key":34,"ClockworkSouvenir":12,"Matryoshka":21,"downfall:HeartBlessingBlue":30,"MealTicket":41,"Kunai":45,"downfall:HeartBlessingRed":35,"Oddly Smooth Stone":0,"Pen Nib":25,"Guardian:PocketSentry":39,"Letter Opener":23,"sneckomod:SneckoTalon":17,"Akabeko":41,"Calling Bell":0,"OrangePellets":46,"CaptainsWheel":0,"Anchor":44,"Bronze Scales":29,"FossilizedHelix":12,"TungstenRod":14,"Toy Ornithopter":24,"Pocketwatch":42},{"Lantern":5,"bronze:BronzeCore":0,"Gremlin Horn":0,"sneckomod:BlankCard":5,"downfall:HeartBlessingGreen":19,"StoneCalendar":32,"Ginger":24,"Boot":6,"Cursed Key":22,"ClockworkSouvenir":7,"Matryoshka":13,"downfall:HeartBlessingBlue":19,"MealTicket":26,"Kunai":28,"downfall:HeartBlessingRed":22,"Oddly Smooth Stone":0,"Pen Nib":16,"Guardian:PocketSentry":26,"Letter Opener":15,"sneckomod:SneckoTalon":10,"Akabeko":26,"Calling Bell":0,"OrangePellets":28,"CaptainsWheel":0,"Anchor":28,"Bronze Scales":19,"FossilizedHelix":7,"TungstenRod":8,"Toy Ornithopter":15,"Pocketwatch":27},{"Lantern":21,"bronze:BronzeCore":0,"Gremlin Horn":0,"sneckomod:BlankCard":21,"downfall:HeartBlessingGreen":86,"StoneCalendar":122,"Ginger":101,"Boot":28,"Cursed Key":96,"ClockworkSouvenir":32,"Matryoshka":59,"downfall:HeartBlessingBlue":86,"MealTicket":105,"Kunai":110,"downfall:HeartBlessingRed":96,"Oddly Smooth Stone":0,"Pen Nib":72,"Guardian:PocketSentry":105,"Letter Opener":66,"sneckomod:SneckoTalon":48,"Akabeko":105,"Calling Bell":0,"OrangePellets":110,"CaptainsWheel":0,"Anchor":110,"Bronze Scales":86,"FossilizedHelix":32,"TungstenRod":39,"Toy Ornithopter":66,"Pocketwatch":107}],"TungstenRod":86,"Toy Ornithopter":13,"Pocketwatch":[4]},"card_choices":[{"not_picked":["bronze:Backtrace","bronze:CutThrough"],"picked":"bronze:ChildClass","floor":2},{"not_picked":["bronze:Separator","bronze:BuggyMess"],"picked":"bronze:ChosenStrike","floor":3},{"not_picked":["bronze:Turbo","bronze:Separator","bronze:Deprecate"],"picked":"SKIP","floor":4},{"not_picked":["bronze:ThunderWave","bronze:CutThrough","bronze:Overheat"],"picked":"SKIP","floor":5},{"not_picked":["bronze:Assembly","bronze:DelayedGuard","bronze:Overheat"],"picked":"SKIP","floor":6},{"not_picked":["bronze:Deprecate","bronze:Shield","bronze:FindAndReplace"],"picked":"SKIP","floor":8},{"not_picked":["bronze:WhirlingStrike","bronze:Deprecate"],"picked":"bronze:Iterate","floor":12},{"not_picked":["bronze:BronzeArmor","bronze:Frontload","bronze:BuggyMess"],"picked":"SKIP","floor":14},{"not_picked":["bronze:OilSpill","bronze:BugBarrage","bronze:Deprecate"],"picked":"SKIP","floor":15},{"not_picked":["bronze:BurnOut","bronze:HyperBeam"],"picked":"bronze:Mutator","floor":16},{"not_picked":["bronze:DelayedSlice","bronze:DigitalCarnage+1"],"picked":"bronze:Repulsor+1","floor":19},{"not_picked":["bronze:Overheat","bronze:BugBarrage+1","bronze:Refactor"],"picked":"SKIP","floor":20},{"not_picked":["bronze:WhirlingStrike","bronze:Boost","bronze:Constructor"],"picked":"SKIP","floor":21},{"not_picked":["bronze:HyperBeam","bronze:CutThrough","bronze:BitShift"],"picked":"SKIP","floor":22},{"not_picked":["bronze:Overheat","bronze:GetLatest","bronze:OilSpill"],"picked":"SKIP","floor":23},{"not_picked":["bronze:Deprecate","bronze:BugBarrage","bronze:DigitalCarnage"],"picked":"SKIP","floor":25},{"not_picked":[],"picked":"bronze:DonuBeam","floor":26},{"not_picked":[],"picked":"bronze:DecaBeam","floor":26},{"not_picked":["bronze:ChosenStrike","bronze:Deprecate","bronze:DelayedSlice"],"picked":"SKIP","floor":28},{"not_picked":["bronze:DarkDash+1","bronze:ChildClass","bronze:Frontload"],"picked":"SKIP","floor":29},{"not_picked":["bronze:WhirlingStrike","bronze:Backtrace","bronze:FollowUp"],"picked":"SKIP","floor":31},{"not_picked":["bronze:NullPointer","bronze:Frontload","bronze:Invalidate"],"picked":"SKIP","floor":32},{"not_picked":["bronze:Allocate+1","bronze:BitShift+1"],"picked":"bronze:Iterate+1","floor":36},{"not_picked":["bronze:DarkDash","bronze:DelayedSlice+1"],"picked":"bronze:ChildClass+1","floor":37},{"not_picked":["bronze:WildBeam+1","bronze:DelayedSlice","bronze:Overheat+1"],"picked":"SKIP","floor":38},{"not_picked":["bronze:Constructor","bronze:Frontload"],"picked":"bronze:Iterate+1","floor":39},{"not_picked":["bronze:Return","bronze:Shield","bronze:Branch+1"],"picked":"SKIP","floor":42},{"not_picked":["bronze:Deprecate+1","bronze:DigitalCarnage+1","bronze:WhirlingStrike+1"],"picked":"SKIP","floor":44},{"not_picked":["bronze:Iterate","bronze:BitShift+1","bronze:DelayedGuard"],"picked":"SKIP","floor":48},{"not_picked":["bronze:DelayedGuard+1","bronze:Fortify"],"picked":"bronze:MaxOutput","floor":49},{"not_picked":["bronze:Shield","bronze:NullPointer","bronze:Philosophize"],"picked":"SKIP","floor":52}],"player_experience":602353,"relics_obtained":[{"floor":0,"key":"Oddly Smooth Stone"},{"floor":0,"key":"Gremlin Horn"},{"floor":0,"key":"CaptainsWheel"},{"floor":6,"key":"sneckomod:BlankCard"},{"floor":7,"key":"Lantern"},{"floor":8,"key":"Boot"},{"floor":14,"key":"TungstenRod"},{"floor":23,"key":"Letter Opener"},{"floor":24,"key":"Toy Ornithopter"},{"floor":25,"key":"Pen Nib"},{"floor":29,"key":"Bronze Scales"},{"floor":37,"key":"Ginger"},{"floor":41,"key":"MealTicket"},{"floor":41,"key":"Akabeko"},{"floor":42,"key":"Pocketwatch"},{"floor":44,"key":"Anchor"},{"floor":45,"key":"Kunai"},{"floor":52,"key":"StoneCalendar"}],"event_choices":[{"damage_healed":0,"gold_gain":0,"player_choice":"Fight","damage_taken":0,"max_hp_gain":0,"max_hp_loss":0,"event_name":"Mysterious Sphere","floor":37,"gold_loss":0},{"cards_removed":["bronze:ChildClass"],"damage_healed":0,"gold_gain":0,"player_choice":"Removed Skill","damage_taken":0,"max_hp_gain":0,"max_hp_loss":0,"event_name":"Falling","floor":43,"gold_loss":0}],"is_beta":false,"boss_relics":[{"not_picked":["Astrolabe","Sozu"],"picked":"sneckomod:SneckoTalon"},{"not_picked":["Fusion Hammer","Pandora\u0027s Box"],"picked":"Cursed Key"}],"items_purged_floors":[12,21,39,39,46],"is_endless":false,"potions_floor_spawned":[3,4,6,15,19,22,23,26,29,31,33,38,44,48,49,52],"ascension_level":1}}