{"host":"js2su9tbbk4rmjfl","time":1612220402,"event":{"mods":["AchievementEnabler","BaseMod","Block Reminder","Colored Map","Colored Powertips","Highlight Path","Minty Spire (QoL Compilation)","Relic Stats"],"gold_per_floor":[16,16,16,16,29,29,29,129,129,153,153,168,168,192,192,311,311,325,325,240,253,5,5,23,62,62,62,86,86,86,86,86,188,238,248,248,266,316,334,363,363,388,415,115,0,15,47,66,66,66],"floor_reached":51,"language":"ENG","playtime":4902,"items_purged":[],"score":693,"play_id":"fcb41160-85bc-4a10-992f-0d27628e9e12","local_time":"20210202000002","is_ascension_mode":false,"campfire_choices":[{"data":"True Grit","floor":6.0,"key":"SMITH"},{"data":"Flex","floor":11.0,"key":"SMITH"},{"data":"Secret Technique","floor":13.0,"key":"SMITH"},{"data":"Bash","floor":15.0,"key":"SMITH"},{"data":"Reaper","floor":23.0,"key":"SMITH"},{"data":"Clothesline","floor":27.0,"key":"SMITH"},{"data":"Impervious","floor":29.0,"key":"SMITH"},{"data":"Master of Strategy","floor":32.0,"key":"SMITH"},{"data":"Shrug It Off","floor":41,"key":"SMITH"},{"floor":49,"key":"REST"}],"circlet_count":0,"master_deck":["Strike_R+1","Strike_R+1","Strike_R+1","Strike_R+1","Defend_R+1","Defend_R+1","Defend_R+1","Defend_R+1","Bash+1","Secret Technique+1","Clothesline+1","True Grit+1","Flex+1","Shrug It Off+1","Reaper+1","Twin Strike+1","Master of Strategy+1","Impervious+1","Whirlwind+1","Juggernaut+1","Flex+1","Hemokinesis+1"],"relics":["Burning Blood","Bloody Idol","Lizard Tail","Eternal Feather","Busted Crown","Question Card","StoneCalendar","TungstenRod","Tiny House","Ginger","WingedGreaves","Sundial","Nunchaku","Brimstone","Strawberry","Red Mask","Incense Burner"],"acts_visited":["Exordium","TheCity","TheBeyond"],"potions_floor_usage":[37,39,39,42],"damage_taken":[{"damage":8.0,"enemies":"Cultist","floor":1.0,"turns":5.0},{"damage":7.0,"enemies":"2 Louse","floor":5.0,"turns":2.0},{"damage":2.0,"enemies":"Small Slimes","floor":10.0,"turns":5.0},{"damage":7.0,"enemies":"Red Slaver","floor":12.0,"turns":4.0},{"damage":2.0,"enemies":"3 Louse","floor":14.0,"turns":4.0},{"damage":63.0,"enemies":"Hexaghost","floor":16.0,"turns":14.0},{"damage":31.0,"enemies":"Shell Parasite","floor":18.0,"turns":8.0},{"damage":6.0,"enemies":"3 Byrds","floor":21.0,"turns":6.0},{"damage":2.0,"enemies":"Centurion and Healer","floor":24.0,"turns":6.0},{"damage":10.0,"enemies":"Book of Stabbing","floor":25.0,"turns":7.0},{"damage":0.0,"enemies":"Snecko","floor":28.0,"turns":4.0},{"damage":100.0,"enemies":"Automaton","floor":33.0,"turns":14.0},{"damage":6,"enemies":"3 Shapes","floor":35,"turns":4},{"damage":1,"enemies":"3 Darklings","floor":37,"turns":2},{"damage":0,"enemies":"Mind Bloom Boss Battle","floor":38,"turns":5},{"damage":10,"enemies":"4 Shapes","floor":39,"turns":3},{"damage":46,"enemies":"Reptomancer","floor":40,"turns":7},{"damage":22,"enemies":"Nemesis","floor":42,"turns":9},{"damage":35,"enemies":"Maw","floor":46,"turns":6},{"damage":2,"enemies":"Reptomancer","floor":47,"turns":5},{"damage":1,"enemies":"Transient","floor":48,"turns":5},{"damage":89,"enemies":"Time Eater","floor":50,"turns":12}],"seed_played":"-8650748287106203759","potions_obtained":[{"floor":1.0,"key":"AttackPotion"},{"floor":10.0,"key":"FearPotion"},{"floor":18.0,"key":"AttackPotion"},{"floor":28.0,"key":"Fire Potion"},{"floor":34,"key":"Explosive Potion"},{"floor":35,"key":"DuplicationPotion"},{"floor":38,"key":"Explosive Potion"},{"floor":40,"key":"EssenceOfSteel"}],"is_trial":false,"path_per_floor":["M","?","?","$","M","R","?","?","T","M","R","M","R","M","R","B",null,"M","?","?","M","$","R","M","E","T","R","M","R","$","?","R","B",null,"M","?","M","?","M","E","R","E","T","$","?","M","E","M","R","B",null],"character_chosen":"IRONCLAD","items_purchased":["Master of Strategy","Impervious","Brimstone","Strawberry"],"campfire_rested":1,"item_purchase_floors":[22,22,44,44],"current_hp_per_floor":[78,74,79,79,78,78,71,71,71,75,79,78,79,79,79,22,79,54,54,54,54,54,63,67,63,63,72,78,79,79,79,79,50,84,84,84,84,84,84,68,80,69,74,81,81,72,81,91,91,54],"gold":66,"neow_bonus":"RANDOM_COLORLESS_2","is_daily":false,"chose_seed":false,"campfire_upgraded":9,"win_rate":0.0,"timestamp":1612220402,"path_taken":["M","?","?","$","M","R","?","?","T","?","R","M","R","M","R","BOSS","M","?","?","M","$","R","M","E","T","R","M","R","$","?","R","BOSS","M","?","M","?","M","E","R","E","T","$","?","M","E","M","R","BOSS"],"items_purchased_type":["Card","Card","Relic","Relic"],"build_version":"2020-12-22","purchased_purges":0,"victory":true,"max_hp_per_floor":[80,74,79,79,79,79,79,79,79,79,79,79,79,79,79,79,79,79,79,79,79,79,79,79,79,79,79,79,79,79,79,79,79,84,84,84,84,84,84,84,84,84,84,91,91,91,91,91,91,91],"relic_stats":{"counters":[22,137],"Eternal Feather":36,"StoneCalendar":[191],"Ginger":[7],"Question Card":15,"Burning Blood":117,"Lizard Tail":39,"Nunchaku":[5],"Busted Crown":32,"Sundial":[4],"Bloody Idol":42,"obtain_stats":[{"Tiny House":34,"Golden Idol":2,"Eternal Feather":9,"StoneCalendar":25,"Incense Burner":47,"Ginger":38,"Question Card":20,"Burning Blood":0,"Lizard Tail":7,"Nunchaku":43,"Busted Crown":17,"Sundial":42,"Brimstone":44,"Bloody Idol":31,"Strawberry":44,"WingedGreaves":40,"Red Mask":45,"TungstenRod":26},{"Tiny House":12,"Golden Idol":1,"Eternal Feather":2,"StoneCalendar":10,"Incense Burner":20,"Ginger":15,"Question Card":7,"Burning Blood":0,"Lizard Tail":2,"Nunchaku":18,"Busted Crown":6,"Sundial":18,"Brimstone":18,"Bloody Idol":11,"Strawberry":18,"WingedGreaves":17,"Red Mask":18,"TungstenRod":10},{"Tiny House":79,"Golden Idol":5,"Eternal Feather":7,"StoneCalendar":61,"Incense Burner":120,"Ginger":90,"Question Card":42,"Burning Blood":0,"Lizard Tail":7,"Nunchaku":109,"Busted Crown":34,"Sundial":109,"Brimstone":109,"Bloody Idol":65,"Strawberry":109,"WingedGreaves":100,"Red Mask":109,"TungstenRod":61}],"TungstenRod":43},"card_choices":[{"not_picked":["Thinking Ahead","Secret Weapon"],"picked":"Secret Technique","floor":0.0},{"not_picked":["Perfected Strike","Clash"],"picked":"Clothesline","floor":1.0},{"not_picked":["Rupture","Clash"],"picked":"True Grit","floor":5.0},{"not_picked":["Perfected Strike","Reckless Charge"],"picked":"Flex","floor":10.0},{"not_picked":["Perfected Strike","Anger"],"picked":"Shrug It Off","floor":12.0},{"not_picked":["Rupture","Dark Embrace","Headbutt"],"picked":"SKIP","floor":14.0},{"not_picked":["Demon Form","Feed"],"picked":"Reaper","floor":16.0},{"not_picked":[],"picked":"Twin Strike+1","floor":18.0},{"not_picked":["Heavy Blade","Pommel Strike"],"picked":"SKIP","floor":21.0},{"not_picked":["Flex","Iron Wave"],"picked":"SKIP","floor":24.0},{"not_picked":["Reckless Charge","Havoc+1"],"picked":"SKIP","floor":25.0},{"not_picked":["Rage"],"picked":"Whirlwind+1","floor":28.0},{"not_picked":["Immolate"],"picked":"Juggernaut","floor":33.0},{"not_picked":["Clash+1"],"picked":"Flex+1","floor":35},{"not_picked":["Warcry","Rampage"],"picked":"SKIP","floor":37},{"not_picked":["Dropkick+1","Searing Blow"],"picked":"SKIP","floor":39},{"not_picked":["Wild Strike"],"picked":"Hemokinesis+1","floor":40},{"not_picked":["Reaper","Fire Breathing"],"picked":"SKIP","floor":42},{"not_picked":["Havoc","Cleave"],"picked":"SKIP","floor":46},{"not_picked":["Clothesline","Reaper"],"picked":"SKIP","floor":47},{"not_picked":["Shockwave","Shrug It Off"],"picked":"SKIP","floor":48}],"player_experience":796734,"relics_obtained":[{"floor":9.0,"key":"Eternal Feather"},{"floor":25.0,"key":"StoneCalendar"},{"floor":26.0,"key":"TungstenRod"},{"floor":38,"key":"Ginger"},{"floor":40,"key":"WingedGreaves"},{"floor":42,"key":"Sundial"},{"floor":43,"key":"Nunchaku"},{"floor":47,"key":"Incense Burner"}],"event_choices":[{"damage_healed":0.0,"max_hp_gain":0.0,"max_hp_loss":6.0,"gold_gain":0.0,"event_name":"Golden Idol","player_choice":"Lose Max HP","floor":2.0,"gold_loss":0.0,"damage_taken":0.0,"relics_obtained":["Golden Idol"]},{"damage_healed":0.0,"max_hp_gain":5.0,"max_hp_loss":0.0,"gold_gain":0.0,"event_name":"Big Fish","player_choice":"Donut","floor":3.0,"gold_loss":0.0,"damage_taken":0.0},{"damage_healed":0.0,"max_hp_gain":0.0,"max_hp_loss":0.0,"gold_gain":0.0,"event_name":"Scrap Ooze","player_choice":"Success","floor":7.0,"gold_loss":0.0,"damage_taken":7.0,"relics_obtained":["Lizard Tail"]},{"damage_healed":0.0,"max_hp_gain":0.0,"max_hp_loss":0.0,"gold_gain":100.0,"event_name":"Golden Shrine","player_choice":"Pray","floor":8.0,"gold_loss":0.0,"damage_taken":0.0},{"damage_healed":0.0,"max_hp_gain":0.0,"max_hp_loss":0.0,"gold_gain":0.0,"event_name":"Back to Basics","player_choice":"Simplicity","floor":19.0,"gold_loss":0.0,"damage_taken":0.0,"cards_upgraded":["Strike_R","Strike_R","Strike_R","Strike_R","Strike_R","Defend_R","Defend_R","Defend_R","Defend_R"]},{"damage_healed":0.0,"max_hp_gain":0.0,"max_hp_loss":0.0,"gold_gain":0.0,"event_name":"Addict","player_choice":"Obtained Relic","floor":20.0,"gold_loss":85.0,"damage_taken":0.0,"relics_obtained":["Question Card"]},{"damage_healed":0.0,"max_hp_gain":0.0,"max_hp_loss":0.0,"gold_gain":0.0,"event_name":"Forgotten Altar","player_choice":"Gave Idol","floor":31.0,"relics_lost":["Golden Idol"],"gold_loss":0.0,"damage_taken":0.0,"relics_obtained":["Bloody Idol"]},{"cards_removed":["Strike_R"],"damage_healed":0,"gold_gain":0,"player_choice":"Removed Attack","damage_taken":0,"max_hp_gain":0,"max_hp_loss":0,"event_name":"Falling","floor":36,"gold_loss":0},{"damage_healed":0,"gold_gain":0,"player_choice":"Fight","damage_taken":0,"max_hp_gain":0,"max_hp_loss":0,"event_name":"MindBloom","floor":38,"gold_loss":0},{"damage_healed":0,"gold_gain":0,"player_choice":"Paid","damage_taken":0,"relics_obtained":["Red Mask"],"max_hp_gain":0,"max_hp_loss":0,"event_name":"Tomb of Lord Red Mask","floor":45,"gold_loss":115}],"is_beta":false,"boss_relics":[{"not_picked":["SlaversCollar","Philosopher\u0027s Stone"],"picked":"Busted Crown"},{"not_picked":["Pandora\u0027s Box","Runic Dome"],"picked":"Tiny House"}],"items_purged_floors":[],"is_endless":false,"potions_floor_spawned":[1,10,18,28,35,38,40],"ascension_level":0}}