{"host":"clf2hd4adhiiw0zf","time":1612161820,"event":{"mods":["AchievementEnabler","BaseMod","Beaked The Cultist","Bestiary","Dark Map","Downfall","Gremlin Mod","Hermit","Jorbs\u0027s Wanderer Trilogy","Marisa????????","Minty Spire (QoL Compilation)","Shop Mod","StSLib","The Cursed","The Servant 0.9.4","Wide Potions"],"gold_per_floor":[99,99,274,274,374,374,400,431,32,132,132,117,17,42,55,153,153,153,173,173,173,191,217,240,273,105,132,146,157,167,185,198,198,198,198],"floor_reached":33,"language":"ENG","playtime":1368,"items_purged":[],"score":373,"play_id":"199519be-aab8-43e6-ab5d-7b4ee358aa32","local_time":"20210131234340","is_ascension_mode":true,"campfire_choices":[{"floor":1.0,"key":"RECALL"},{"floor":13.0,"key":"REST"},{"data":"bronze:Flail","floor":18.0,"key":"SMITH"}],"circlet_count":0,"master_deck":["bronze:Strike","bronze:Strike","bronze:Strike","bronze:Defend","bronze:Defend","bronze:Defend","bronze:Defend+1","bronze:Replicate","bronze:Goto","bronze:Branch","bronze:Spike","bronze:Explode+1","bronze:Return","bronze:ShipIt","bronze:Terminator","bronze:Iterate","bronze:DarkDash","bronze:Frontload+1","bronze:DelayedSlice","bronze:ForLoop","bronze:Shield","bronze:Turbo","bronze:Flail+1","bronze:InfiniteLoop","bronze:FineTuning","Necronomicurse","bronze:DigitalCarnage","bronze:MaxOutput","bronze:FineTuning","bronze:ChildClass+1","bronze:BurnOut","bronze:DarkDash","bronze:Terminator+1","bronze:RecursiveStrike","bronze:BronzeOrb","bronze:FineTuning"],"relics":["bronze:BronzeCore","downfall:HeartsMalice","Akabeko","Orichalcum","bronze:Timepiece","downfall:HeartBlessingRed","Slimebound:StickyStick","bronze:ElectromagneticCoil","Necronomicon","bronze:SilverBullet","Happy Flower","War Paint"],"acts_visited":["Exordium","TheCity"],"potions_floor_usage":[33],"damage_taken":[{"damage":0.0,"enemies":"Small Slimes","floor":2.0,"turns":1.0},{"damage":0.0,"enemies":"Small Slimes","floor":4.0,"turns":1.0},{"damage":0.0,"enemies":"Jaw Worm","floor":6.0,"turns":1.0},{"damage":34.0,"enemies":"3 Sentries","floor":8.0,"turns":5.0},{"damage":0.0,"enemies":"downfall:FleeingMerchant","floor":9.0,"turns":4.0},{"damage":30.0,"enemies":"downfall:Heads","floor":10.0,"turns":5.0},{"damage":0.0,"enemies":"downfall:FleeingMerchant","floor":12.0,"turns":4.0},{"damage":14.0,"enemies":"Lagavulin","floor":14.0,"turns":8.0},{"damage":0.0,"enemies":"2 Louse","floor":15.0,"turns":1.0},{"damage":5.0,"enemies":"WA_ARCHETYPE_RETAIN","floor":16.0,"turns":3.0},{"damage":6.0,"enemies":"Shell Parasite","floor":19.0,"turns":4.0},{"damage":0.0,"enemies":"Chosen","floor":20.0,"turns":1.0},{"damage":0.0,"enemies":"3 Cultists","floor":22.0,"turns":4.0},{"damage":17.0,"enemies":"Book of Stabbing","floor":23.0,"turns":4.0},{"damage":0.0,"enemies":"Gremlin Leader","floor":25.0,"turns":2.0},{"damage":10.0,"enemies":"downfall:FleeingMerchant","floor":26.0,"turns":4.0},{"damage":0.0,"enemies":"Centurion and Healer","floor":28.0,"turns":3.0},{"damage":0.0,"enemies":"Chosen and Byrds","floor":29.0,"turns":3.0},{"damage":3.0,"enemies":"Snake Plant","floor":30.0,"turns":4.0},{"damage":7.0,"enemies":"Cultist and Chosen","floor":31.0,"turns":3.0},{"damage":0.0,"enemies":"Sentry and Sphere","floor":32.0,"turns":1.0},{"damage":12,"enemies":"IC_MUSHROOM_ARCHETYPE","floor":33,"turns":1}],"seed_played":"-7998372862592499139","potions_obtained":[{"floor":4.0,"key":"Weak Potion"},{"floor":8.0,"key":"Energy Potion"},{"floor":14.0,"key":"bronze:FreeFunctionsPotion"},{"floor":15.0,"key":"DuplicationPotion"},{"floor":22.0,"key":"LiquidBronze"},{"floor":23.0,"key":"Energy Potion"},{"floor":25.0,"key":"Block Potion"},{"floor":28.0,"key":"SpeedPotion"},{"floor":29.0,"key":"bronze:FreeFunctionsPotion"},{"floor":30.0,"key":"ColorlessPotion"}],"is_trial":false,"path_per_floor":["R","M","?","?","?","M","T","E","$","?","?","$","R","E","M","B",null,"R","M","M","?","M","E","T","E","$","T","M","M","M","M","M","B"],"character_chosen":"THE_AUTOMATON","items_purchased":["bronze:Timepiece","bronze:DarkDash","bronze:Frontload","bronze:BurnOut"],"campfire_rested":1,"item_purchase_floors":[9,9,9,26],"current_hp_per_floor":[70,70,70,70,70,70,70,36,36,6,6,6,27,13,13,8,70,70,64,64,48,48,31,31,31,21,21,21,21,18,11,11,0,0,0],"gold":198,"neow_bonus":"THREE_ENEMY_KILL","is_daily":false,"chose_seed":false,"campfire_upgraded":1,"win_rate":0.0,"timestamp":1612161820,"path_taken":["R","M","?","?","?","?","T","E","$","?","?","?","R","E","M","BOSS","R","M","M","?","M","E","T","E","?","?","M","M","M","?","M","BOSS"],"items_purchased_type":["Relic","Card","Card","Card"],"build_version":"2020-12-22","purchased_purges":0,"victory":false,"max_hp_per_floor":[70,70,70,70,70,70,70,70,70,70,70,70,70,70,70,70,70,70,70,70,70,70,70,70,70,70,70,70,70,70,70,70,70,70,70],"card_choices":[{"not_picked":["bronze:BitShift","bronze:BugBarrage"],"picked":"bronze:Branch","floor":2.0},{"not_picked":[],"picked":"bronze:Spike","floor":4.0},{"not_picked":[],"picked":"bronze:Explode","floor":4.0},{"not_picked":["bronze:BitShift","bronze:DelayedGuard"],"picked":"bronze:Return","floor":4.0},{"not_picked":["bronze:ItsAFeature","bronze:DelayedGuard"],"picked":"bronze:ShipIt","floor":6.0},{"not_picked":["bronze:Backtrace","bronze:NullPointer"],"picked":"bronze:Terminator","floor":8.0},{"not_picked":["bronze:Frontload","bronze:ForceShield"],"picked":"bronze:Iterate","floor":9.0},{"not_picked":["bronze:Constructor","bronze:Iterate"],"picked":"bronze:ForLoop","floor":10.0},{"not_picked":["bronze:Iterate","bronze:Invalidate"],"picked":"bronze:Shield","floor":12.0},{"not_picked":["bronze:ForLoop","bronze:WildBeam"],"picked":"bronze:Turbo","floor":14.0},{"not_picked":["bronze:Optimize","bronze:DelayedSlice"],"picked":"bronze:Flail","floor":15.0},{"not_picked":["bronze:TinkerersToolbox","bronze:HyperBeam"],"picked":"bronze:InfiniteLoop","floor":16.0},{"not_picked":["bronze:ChildClass","bronze:Repair"],"picked":"bronze:FineTuning","floor":19.0},{"not_picked":["bronze:Branch","bronze:OilSpill","bronze:ClassDefault"],"picked":"SKIP","floor":20.0},{"not_picked":["bronze:WildBeam+1","bronze:Separator"],"picked":"bronze:DigitalCarnage","floor":22.0},{"not_picked":["bronze:ForceShield","bronze:Separator"],"picked":"bronze:MaxOutput","floor":23.0},{"not_picked":["bronze:ChosenStrike+1","bronze:DarkDash"],"picked":"bronze:FineTuning","floor":25.0},{"not_picked":["bronze:CloningBeam","bronze:WhirlingStrike+1"],"picked":"bronze:ChildClass+1","floor":26.0},{"not_picked":["bronze:OilSpill+1","bronze:Iterate"],"picked":"bronze:DarkDash","floor":28.0},{"not_picked":["bronze:Shield","bronze:Boost"],"picked":"bronze:Terminator+1","floor":29.0},{"not_picked":["bronze:DelayedGuard+1","bronze:Turbo"],"picked":"bronze:RecursiveStrike","floor":30.0},{"not_picked":["bronze:Invalidate","bronze:Iterate"],"picked":"bronze:BronzeOrb","floor":31.0},{"not_picked":["bronze:WhirlingStrike","bronze:Invalidate"],"picked":"bronze:FineTuning","floor":32.0}],"player_experience":165066,"relics_obtained":[{"floor":7.0,"key":"Akabeko"},{"floor":8.0,"key":"Orichalcum"},{"floor":14.0,"key":"Slimebound:StickyStick"},{"floor":21.0,"key":"Necronomicon"},{"floor":23.0,"key":"bronze:SilverBullet"},{"floor":25.0,"key":"Happy Flower"},{"floor":27.0,"key":"War Paint"}],"event_choices":[],"is_beta":false,"boss_relics":[{"not_picked":["Calling Bell","Runic Pyramid"],"picked":"bronze:ElectromagneticCoil"}],"items_purged_floors":[],"is_endless":false,"potions_floor_spawned":[4,8,14,15,22,23,25,28,29,30],"killed_by":"IC_MUSHROOM_ARCHETYPE","ascension_level":2}}