{"host":"sian7qp8a9pc9xwd","time":1612150194,"event":{"mods":["BaseMod","Minty Spire (QoL Compilation)","StSLib","SuperFastMode"],"gold_per_floor":[111,129,143,154,154,154,169,169,193,40,40,61,95,118,118,214,214,230,230,250,273,48,48,48],"floor_reached":23,"language":"ENG","playtime":1158,"items_purged":["Strike_B"],"score":341,"play_id":"7bf293b2-f255-46a3-818e-df7f902c5e48","local_time":"20210131222954","is_ascension_mode":true,"campfire_choices":[{"data":"Sunder","floor":6,"key":"SMITH"},{"data":"Biased Cognition","floor":8,"key":"SMITH"},{"data":"Chaos","floor":15,"key":"SMITH"}],"circlet_count":0,"master_deck":["AscendersBane","Strike_B+1","Strike_B+1","Strike_B","Defend_B","Defend_B","Defend_B","Defend_B","Zap","Dualcast","Biased Cognition+1","Sunder+1","Glacier","Doom and Gloom","Coolheaded","Defragment","Chaos+1","Chaos","Creative AI","Zap","Defragment"],"relics":["Cracked Core","Strawberry","Golden Idol","Happy Flower","Velvet Choker","Whetstone"],"acts_visited":["Exordium","TheCity"],"potions_floor_usage":[13,16,23],"damage_taken":[{"damage":1,"enemies":"Cultist","floor":1,"turns":3},{"damage":2,"enemies":"Small Slimes","floor":2,"turns":3},{"damage":7,"enemies":"Jaw Worm","floor":3,"turns":4},{"damage":7,"enemies":"3 Louse","floor":4,"turns":3},{"damage":5,"enemies":"Gremlin Gang","floor":7,"turns":4},{"damage":2,"enemies":"Red Slaver","floor":12,"turns":4},{"damage":5,"enemies":"3 Sentries","floor":13,"turns":4},{"damage":3,"enemies":"Exordium Wildlife","floor":14,"turns":3},{"damage":7,"enemies":"Hexaghost","floor":16,"turns":9},{"damage":19,"enemies":"3 Byrds","floor":18,"turns":4},{"damage":10,"enemies":"Shell Parasite","floor":20,"turns":6},{"damage":23,"enemies":"Centurion and Healer","floor":21,"turns":6},{"damage":9,"enemies":"Slavers","floor":23,"turns":1}],"seed_played":"-8684930606047212358","potions_obtained":[{"floor":3,"key":"Energy Potion"},{"floor":4,"key":"FearPotion"},{"floor":20,"key":"Explosive Potion"},{"floor":21,"key":"PotionOfCapacity"}],"is_trial":false,"path_per_floor":["M","M","M","M","?","R","M","R","T","$","?","M","E","M","R","B",null,"M","?","M","M","$","E"],"character_chosen":"DEFECT","items_purchased":["Defragment","Whetstone","Defragment"],"campfire_rested":0,"item_purchase_floors":[10,22,22],"current_hp_per_floor":[63,61,54,47,47,47,42,42,49,49,22,20,15,12,12,5,60,41,41,31,8,8,0,0],"gold":48,"neow_bonus":"ONE_RANDOM_RARE_CARD","is_daily":false,"chose_seed":false,"campfire_upgraded":3,"win_rate":0.0,"timestamp":1612150194,"path_taken":["M","?","M","M","?","R","M","R","T","?","?","M","E","M","R","BOSS","M","?","?","M","?","E"],"items_purchased_type":["Card","Relic","Card"],"build_version":"2020-12-22","purchased_purges":1,"victory":false,"max_hp_per_floor":[71,71,71,71,71,71,71,71,78,78,78,78,78,78,78,78,78,78,78,78,78,78,78,78],"card_choices":[{"not_picked":["Gash","Conserve Battery"],"picked":"Sunder","floor":1},{"not_picked":["Barrage","Gash"],"picked":"Glacier","floor":2},{"not_picked":["Gash","Stack","Rip and Tear"],"picked":"SKIP","floor":3},{"not_picked":["Undo","Rebound","Gash"],"picked":"SKIP","floor":4},{"not_picked":["Compile Driver","Gash"],"picked":"Coolheaded","floor":7},{"not_picked":["Multi-Cast","Rebound","Gash"],"picked":"SKIP","floor":12},{"not_picked":["Sweeping Beam","BootSequence"],"picked":"Chaos","floor":13},{"not_picked":["Genetic Algorithm","Stack"],"picked":"Chaos","floor":14},{"not_picked":["Fission","Buffer"],"picked":"Creative AI","floor":16},{"not_picked":["Genetic Algorithm","Coolheaded","Self Repair"],"picked":"SKIP","floor":18},{"not_picked":["Skim","Rebound","Steam"],"picked":"SKIP","floor":20},{"not_picked":["Double Energy","Conserve Battery","Stack+1"],"picked":"SKIP","floor":21}],"player_experience":861714,"relics_obtained":[{"floor":9,"key":"Strawberry"},{"floor":13,"key":"Happy Flower"}],"event_choices":[{"damage_healed":0,"gold_gain":0,"player_choice":"1 cards matched","damage_taken":0,"max_hp_gain":0,"max_hp_loss":0,"event_name":"Match and Keep!","floor":5,"gold_loss":0,"cards_obtained":["Doom and Gloom"]},{"damage_healed":0,"gold_gain":0,"player_choice":"Take Damage","damage_taken":27,"relics_obtained":["Golden Idol"],"max_hp_gain":0,"max_hp_loss":0,"event_name":"Golden Idol","floor":11,"gold_loss":0},{"damage_healed":0,"gold_gain":0,"player_choice":"1 cards matched","damage_taken":0,"max_hp_gain":0,"max_hp_loss":0,"event_name":"Match and Keep!","floor":19,"gold_loss":0,"cards_obtained":["Zap"]}],"is_beta":false,"boss_relics":[{"not_picked":["FrozenCore","Snecko Eye"],"picked":"Velvet Choker"}],"items_purged_floors":[10],"is_endless":false,"potions_floor_spawned":[3,4,12,20,21],"killed_by":"Slavers","ascension_level":15}}