{"host":"4evnc443c98ww2zl","time":1612222870,"event":{"mods":["BaseMod","Better Third Choice","Hermit","Koishi","Luminous","Minty Spire (QoL Compilation)","Remilia??????","Robot Space Explorer","StSLib","The Administrix","The Bug Knight","The Cursed","TheSwordswoman"],"gold_per_floor":[116,133,146,166,179,179,179,213,213,255,307,338,393,82,82,191,191,220,260,269,292,333,362,362,399,425,458,467,501,541,566,575,679,679,691,714,723,749,749,749,792,792,801,835,835,275,304,347,347,347,347,347,19,55,55],"floor_reached":56,"language":"ENG","playtime":5368,"items_purged":[],"score":1674,"play_id":"cf7b1d4f-62f2-40e4-94d5-7f20a37c0a20","local_time":"20210201174110","daily_mods":["SealedDeck","Diverse","Colorless Cards","Heirloom","DeadlyEvents","Elite Swarm"],"is_ascension_mode":false,"campfire_choices":[{"floor":6,"key":"RECALL"},{"data":"Finesse","floor":15,"key":"SMITH"},{"data":"Body Slam","floor":24,"key":"SMITH"},{"floor":32,"key":"REST"},{"data":"Apotheosis","floor":40,"key":"SMITH"},{"data":"ConjureBlade","floor":42,"key":"SMITH"},{"data":"Panacea","floor":45,"key":"SMITH"},{"data":"MastersStateliness","floor":49,"key":"SMITH"},{"data":"AdministrixMod:HaveItAll","floor":52,"key":"SMITH"}],"circlet_count":0,"master_deck":["TheCursedMod:RapidMovement","Luminous:Light_Track+1","Dodge and Roll","hermit:Deadeye","HollowMod:CloakDash","Koishi:ParalyzingFear","Koishi:JumpScare","Sword Boomerang","Consecrate","AdministrixMod:TouchOfCinnabar","HollowMod:DoubleDash","SashWhip","hermit:Coalescence","Body Slam+1","RobotSpaceExplorer:Comet","AdministrixMod:WifeLightning","hermit:Ricochet","Echo Form","Finesse+1","HollowMod:Hiveblood","Koishi:StingingMind","RobotSpaceExplorer:TurboDodge+1","Pommel Strike","Unload","ConjureBlade+1","Doubt","RobotSpaceExplorer:Accelerator","Apotheosis+1","Prostrate","AdministrixMod:ImmortalClarity","blazmod:FortifiedVigor","Panacea+1","Coolheaded","RobotSpaceExplorer:Blaster","Decay","AdministrixMod:DeathByGlamour","TheCursedMod:Obscuration","MastersStateliness+1","JustLucky","RobotSpaceExplorer:Probe+1","AdministrixMod:HaveItAll+1","AdministrixMod:FaithfulFlames"],"relics":["RobotSpaceExplorer:RoboCore","Gambling Chip","Bottled Flame","CeramicFish","MawBank","Ornamental Fan","RobotSpaceExplorer:PlasmaHourglass","Shuriken","Black Star","Red Mask","Vajra","Eternal Feather","Bird Faced Urn","Akabeko","Blood Vial","Smiling Mask","PreservedInsect","Question Card","Dream Catcher","Centennial Puzzle","Calipers","InkBottle","Pantograph","Regal Pillow","Cursed Key","RobotSpaceExplorer:ToughPlating","Blue Candle","Letter Opener","RobotSpaceExplorer:ClockworkSextant","Du-Vu Doll","TungstenRod","Chemical X","Art of War","Whetstone","Membership Card","Strawberry","Torii","Gremlin Horn"],"acts_visited":["Exordium","TheCity","TheBeyond","TheEnding"],"potions_floor_usage":[8,8,10,13,18,19,22,23,23,33,48,55,55,55],"damage_taken":[{"damage":0,"enemies":"Cultist","floor":1,"turns":2},{"damage":0,"enemies":"Jaw Worm","floor":2,"turns":2},{"damage":0,"enemies":"2 Louse","floor":3,"turns":1},{"damage":3,"enemies":"Exordium Thugs","floor":4,"turns":2},{"damage":3,"enemies":"2 Fungi Beasts","floor":5,"turns":3},{"damage":0,"enemies":"Lagavulin","floor":8,"turns":4},{"damage":0,"enemies":"3 Sentries","floor":10,"turns":4},{"damage":10,"enemies":"HollowMod:MossKnight","floor":11,"turns":7},{"damage":0,"enemies":"Red Slaver","floor":12,"turns":3},{"damage":0,"enemies":"Lagavulin","floor":13,"turns":4},{"damage":10,"enemies":"Hexaghost","floor":16,"turns":7},{"damage":5,"enemies":"3 Byrds","floor":18,"turns":5},{"damage":28,"enemies":"Masked Bandits","floor":19,"turns":4},{"damage":10,"enemies":"Chosen","floor":21,"turns":4},{"damage":29,"enemies":"HollowMod:Nosk","floor":22,"turns":8},{"damage":0,"enemies":"Book of Stabbing","floor":23,"turns":4},{"damage":20,"enemies":"HollowMod:Nosk","floor":25,"turns":5},{"damage":20,"enemies":"Gremlin Leader","floor":27,"turns":5},{"damage":8,"enemies":"Slavers","floor":29,"turns":4},{"damage":3,"enemies":"Book of Stabbing","floor":30,"turns":4},{"damage":32,"enemies":"Gremlin Leader","floor":31,"turns":3},{"damage":15,"enemies":"Champ","floor":33,"turns":9},{"damage":8,"enemies":"Orb Walker","floor":35,"turns":4},{"damage":12,"enemies":"3 Darklings","floor":36,"turns":5},{"damage":39,"enemies":"Writhing Mass","floor":38,"turns":5},{"damage":2,"enemies":"Nemesis","floor":41,"turns":3},{"damage":2,"enemies":"Giant Head","floor":44,"turns":7},{"damage":0,"enemies":"3 Darklings","floor":47,"turns":3},{"damage":0,"enemies":"Reptomancer","floor":48,"turns":3},{"damage":58,"enemies":"Donu and Deca","floor":50,"turns":6},{"damage":3,"enemies":"Shield and Spear","floor":54,"turns":4},{"damage":75,"enemies":"The Heart","floor":55,"turns":9}],"seed_played":"1679405837163099899","potions_obtained":[{"floor":3,"key":"RobotSpaceExplorer:PlasmaFlask"},{"floor":4,"key":"RobotSpaceExplorer:PlasmaFlask"},{"floor":5,"key":"Explosive Potion"},{"floor":11,"key":"EssenceOfSteel"},{"floor":12,"key":"RobotSpaceExplorer:LiquidFusion"},{"floor":18,"key":"Fire Potion"},{"floor":19,"key":"PowerPotion"},{"floor":21,"key":"SteroidPotion"},{"floor":22,"key":"LiquidBronze"},{"floor":31,"key":"Fire Potion"},{"floor":41,"key":"FearPotion"},{"floor":44,"key":"DuplicationPotion"},{"floor":47,"key":"Strength Potion"}],"is_trial":true,"path_per_floor":["M","M","M","M","M","R","?","E","T","E","E","M","E","$","R","B",null,"M","?","?","M","E","E","R","E","T","E","?","E","E","E","R","B",null,"M","M","?","M","?","R","E","R","T","E","R","$","M","E","R","B",null,"R","$","E","B",null],"character_chosen":"RobotSpaceExplorer","items_purchased":["Shuriken","Finesse","TungstenRod","Chemical X","TheCursedMod:Obscuration","MastersStateliness","JustLucky","Membership Card","Strawberry","RobotSpaceExplorer:LiquidFusion","CultistPotion"],"campfire_rested":1,"item_purchase_floors":[14,14,46,46,46,46,46,53,53,53,53],"current_hp_per_floor":[75,75,75,74,72,72,72,74,74,74,66,68,70,70,70,62,75,72,52,67,71,52,58,73,67,67,55,55,55,62,38,90,81,90,90,80,80,55,55,73,85,90,90,90,90,90,90,90,90,43,90,90,97,97,43],"gold":55,"neow_bonus":"","is_daily":false,"chose_seed":false,"campfire_upgraded":7,"win_rate":0.0,"timestamp":1612222870,"path_taken":["M","M","M","?","M","R","?","E","T","E","?","M","E","$","R","BOSS","M","?","?","M","?","E","R","E","T","E","?","E","?","E","R","BOSS","M","M","?","?","?","R","E","R","T","E","R","$","M","?","R","BOSS","R","$","E","BOSS"],"items_purchased_type":["Relic","Card","Relic","Relic","Card","Card","Card","Relic","Relic","Potion","Potion"],"build_version":"2020-12-22","purchased_purges":0,"victory":true,"max_hp_per_floor":[75,75,75,75,75,75,75,75,75,75,75,75,75,75,75,75,75,75,75,90,90,90,90,90,90,90,90,90,90,90,90,90,90,90,90,90,90,90,90,90,90,90,90,90,90,90,90,90,90,90,90,90,97,97,97],"card_choices":[{"not_picked":["Jack Of All Trades","HollowMod:SiblingsSouls"],"picked":"AdministrixMod:TouchOfCinnabar","floor":1},{"not_picked":["Quick Slash","Auto Shields"],"picked":"HollowMod:DoubleDash","floor":2},{"not_picked":["blazmod:OpenSpirit","RobotSpaceExplorer:ShockKick"],"picked":"SashWhip","floor":3},{"not_picked":["Koishi:ConditionedTeleport","HollowMod:InfectedAttack"],"picked":"hermit:Coalescence","floor":4},{"not_picked":["Battle Trance","Slice"],"picked":"Body Slam","floor":5},{"not_picked":["AdministrixMod:LifeforceNet","RobotSpaceExplorer:BlastShield","BloodyCatastrophe"],"picked":"SKIP","floor":8},{"not_picked":["Echo Form","hermit:FinalCanter"],"picked":"RobotSpaceExplorer:Comet","floor":10},{"not_picked":["Impervious","LessonLearned"],"picked":"AdministrixMod:WifeLightning","floor":11},{"not_picked":["RobotSpaceExplorer:FrostMissile","hermit:ItchyTrigger"],"picked":"hermit:Ricochet","floor":12},{"not_picked":["Exhume","Judgement"],"picked":"Echo Form","floor":13},{"not_picked":["blazmod:NaturesBeauty","Hyperbeam"],"picked":"HollowMod:Hiveblood","floor":16},{"not_picked":["Luminous:Light_Glare","Koishi:GhostParty"],"picked":"Koishi:StingingMind","floor":18},{"not_picked":["TwelveNightmare","BowlingBash"],"picked":"RobotSpaceExplorer:TurboDodge+1","floor":19},{"not_picked":["AdministrixMod:SealAway","Koishi:GeneticsOfTheUnconscious"],"picked":"Pommel Strike","floor":21},{"not_picked":["Luminous:Balance_Baptism","RobotSpaceExplorer:BlastShield"],"picked":"Unload","floor":22},{"not_picked":["Scrawl","HollowMod:NewInfectedGuardian","Hyperbeam"],"picked":"SKIP","floor":23},{"not_picked":["Koishi:ConfinedInnocent","Luminous:Armageddon_Luminous"],"picked":"ConjureBlade","floor":25},{"not_picked":["Luminous:Balance_Baptism","Koishi:PerfectMindControl","HollowMod:MidwifesHunger"],"picked":"SKIP","floor":27},{"not_picked":["The Bomb","hermit:FatalDesire","HeartBreak"],"picked":"RobotSpaceExplorer:Accelerator","floor":29},{"not_picked":["Luminous:Armageddon_Luminous","HeartBreak","Echo Form"],"picked":"Apotheosis","floor":30},{"not_picked":["HollowMod:Hiveblood","BatForm","hermit:Roughhouse","Buffer"],"picked":"SKIP","floor":31},{"not_picked":["Ultimatum","Luminous:Light_Disperse","NightDance+1"],"picked":"Prostrate","floor":32},{"not_picked":["blazmod:TrueSelf","HollowMod:theNailsmith","hermit:FinalCanter"],"picked":"AdministrixMod:ImmortalClarity","floor":33},{"not_picked":["ForbiddenFruit","Riddle With Holes","blazmod:Trasient+1","HollowMod:LifebloodCocoon+1"],"picked":"SKIP","floor":35},{"not_picked":["HollowMod:DungDefenderAura","Uppercut","TheCursedMod:FuryStrike"],"picked":"blazmod:FortifiedVigor","floor":36},{"not_picked":["Transmutation","HandOfGreed","Discovery"],"picked":"Panacea","floor":37},{"not_picked":["AdministrixMod:WickedPunishment+1","TheCursedMod:Stigma","TheCursedMod:VitalStrike"],"picked":"Coolheaded","floor":38},{"not_picked":["Koishi:SilentAndRestless","BloodySeventeenLaser","AdministrixMod:DeathByGlamour"],"picked":"RobotSpaceExplorer:Blaster","floor":41},{"not_picked":["hermit:DeadOrAlive","hermit:Magnum","hermit:FromBeyond"],"picked":"AdministrixMod:DeathByGlamour","floor":44},{"not_picked":["AdministrixMod:CrackingPangu","EmptyMind","Endless Agony+1"],"picked":"RobotSpaceExplorer:Probe","floor":47},{"not_picked":["CeilingFear","hermit:BlackWind","hermit:Roughhouse"],"picked":"AdministrixMod:HaveItAll","floor":48},{"not_picked":["AdministrixMod:NewbornDivinity","All For One","Apotheosis"],"picked":"AdministrixMod:FaithfulFlames","floor":54}],"player_experience":1188366,"relics_obtained":[{"floor":8,"key":"Bottled Flame"},{"floor":9,"key":"CeramicFish"},{"floor":10,"key":"MawBank"},{"floor":11,"key":"Ornamental Fan"},{"floor":13,"key":"RobotSpaceExplorer:PlasmaHourglass"},{"floor":19,"key":"Red Mask"},{"floor":22,"key":"Vajra"},{"floor":22,"key":"Eternal Feather"},{"floor":23,"key":"Bird Faced Urn"},{"floor":23,"key":"Akabeko"},{"floor":25,"key":"Blood Vial"},{"floor":25,"key":"Smiling Mask"},{"floor":27,"key":"PreservedInsect"},{"floor":27,"key":"Question Card"},{"floor":29,"key":"Dream Catcher"},{"floor":29,"key":"Centennial Puzzle"},{"floor":30,"key":"Calipers"},{"floor":30,"key":"InkBottle"},{"floor":31,"key":"Pantograph"},{"floor":31,"key":"Regal Pillow"},{"floor":41,"key":"RobotSpaceExplorer:ToughPlating"},{"floor":41,"key":"Blue Candle"},{"floor":43,"key":"Letter Opener"},{"floor":44,"key":"RobotSpaceExplorer:ClockworkSextant"},{"floor":44,"key":"Du-Vu Doll"},{"floor":48,"key":"Art of War"},{"floor":48,"key":"Whetstone"},{"floor":54,"key":"Torii"},{"floor":54,"key":"Gremlin Horn"}],"event_choices":[{"damage_healed":0,"gold_gain":0,"player_choice":"Got Potions","damage_taken":0,"max_hp_gain":0,"max_hp_loss":0,"event_name":"Lab","floor":7,"gold_loss":0},{"damage_healed":0,"gold_gain":0,"player_choice":"Fought Bandits","damage_taken":0,"max_hp_gain":0,"max_hp_loss":0,"event_name":"Masked Bandits","floor":19,"gold_loss":0},{"damage_healed":0,"gold_gain":0,"cards_transformed":["Gluttony_TH"],"player_choice":"Transformed","damage_taken":0,"max_hp_gain":0,"max_hp_loss":0,"event_name":"Transmorgrifier","floor":28,"gold_loss":0,"cards_obtained":["Doubt"]},{"damage_healed":0,"gold_gain":0,"player_choice":"Memory 1","damage_taken":0,"max_hp_gain":0,"max_hp_loss":0,"event_name":"SensoryStone","floor":37,"gold_loss":0},{"cards_removed":["Wild Strike"],"damage_healed":0,"gold_gain":0,"player_choice":"Removed Attack","damage_taken":0,"max_hp_gain":0,"max_hp_loss":0,"event_name":"Falling","floor":39,"gold_loss":0}],"is_beta":false,"boss_relics":[{"not_picked":["Fusion Hammer","Snecko Eye"],"picked":"Black Star"},{"not_picked":["Calling Bell","RobotSpaceExplorer:TurboCore"],"picked":"Cursed Key"}],"items_purged_floors":[],"is_endless":false,"potions_floor_spawned":[3,4,5,11,12,18,19,21,22,31,41,44,47],"ascension_level":0}}