{"host":"9n9nzkokhxe59gmc","time":1612146866,"event":{"mods":["Act Like it!","BaseMod","Elementarium","Hallownest","Hermit","Hubris","Infinite Spire","Menagerie","Minty Spire (QoL Compilation)","Replay The Spire","Shade Mod","StSLib","The Marked","The Servant 0.9.4"],"gold_per_floor":[113,132,132,142,38,38,71,89,89,89,152,152,181,195,195,298,298,317,767,282,282,301,327,339,371,444,444,463,474,524,538,538,538,538],"floor_reached":33,"language":"ENG","playtime":1360,"items_purged":[],"score":322,"play_id":"9736ec54-d4b8-4f1f-a2fd-168a99683af8","local_time":"20210131183426","is_ascension_mode":false,"campfire_choices":[{"data":"theMarked:ChainLightning","floor":6.0,"key":"SMITH"},{"data":"theMarked:ElectricStrings","floor":10.0,"key":"SMITH"},{"floor":12.0,"key":"REST"},{"floor":15.0,"key":"REST"},{"floor":32,"key":"REST"}],"circlet_count":0,"master_deck":["theMarked:Strike","theMarked:Strike","theMarked:Strike","theMarked:Strike","theMarked:Strike","theMarked:Defend","theMarked:Defend","theMarked:Defend","theMarked:Defend","theMarked:SoldierOfQuellstein+1","theMarked:ChainLightning+1","theMarked:RogueSparks","theMarked:ElectricStrings+1","theMarked:ChainLightning","theMarked:ResourceFulStrike","theMarked:TakeOffHeels+1","AbeCurse","theMarked:Aftermath","theMarked:ChainLightning","theMarked:Maelstrom","theMarked:ElectricStrings","theMarked:EmpowerWeapon+1","theMarked:Polarize"],"relics":["theMarked:ArtifactOfAir","NeowsBlessing","hubris:MobiusCoin","ReplayTheSpireMod:Ninjato","Snack Pack","Abe\u0027s Treasure","Simple Rune","Replay:Bottled Eggs","infinitespire:Satchel","Replay:Accelerometer","MealTicket","Art of War","SlaversCollar","Counterbalance"],"acts_visited":["Exordium","TheCity"],"potions_floor_usage":[33],"damage_taken":[{"damage":0.0,"enemies":"Jaw Worm","floor":1.0,"turns":1.0},{"damage":0.0,"enemies":"Cultist","floor":2.0,"turns":1.0},{"damage":0.0,"enemies":"2 Louse","floor":4.0,"turns":1.0},{"damage":17.0,"enemies":"3 Sentries","floor":7.0,"turns":5.0},{"damage":9.0,"enemies":"Blue Slaver","floor":8.0,"turns":3.0},{"damage":3.0,"enemies":"Lagavulin","floor":13.0,"turns":5.0},{"damage":9.0,"enemies":"Exordium Thugs","floor":14.0,"turns":4.0},{"damage":43.0,"enemies":"Hexaghost","floor":16.0,"turns":8.0},{"damage":7.0,"enemies":"Shell Parasite","floor":18.0,"turns":5.0},{"damage":1.0,"enemies":"Spheric Guardian","floor":22.0,"turns":3.0},{"damage":25.0,"enemies":"Slavers","floor":23.0,"turns":5.0},{"damage":1.0,"enemies":"Cultist and Chosen","floor":24.0,"turns":4.0},{"damage":13.0,"enemies":"Gremlin Leader","floor":25.0,"turns":4.0},{"damage":5.0,"enemies":"Snake Plant","floor":28.0,"turns":3.0},{"damage":19.0,"enemies":"Shelled Parasite and Fungi","floor":29.0,"turns":5.0},{"damage":0.0,"enemies":"Centurion and Healer","floor":31.0,"turns":1.0},{"damage":46,"enemies":"Automaton","floor":33,"turns":6}],"seed_played":"2413591915380322134","potions_obtained":[{"floor":2.0,"key":"FairyPotion"},{"floor":7.0,"key":"SteroidPotion"},{"floor":8.0,"key":"Block Potion"},{"floor":23.0,"key":"Milkshake"},{"floor":24.0,"key":"PowerPotion"}],"is_trial":false,"path_per_floor":["M","M","?","M","$","R","E","M","T","R","?","R","E","M","R","B",null,"M","?","$","T","M","E","M","E","T","?","M","M","AVR","M","R","B"],"character_chosen":"THE_DEFAULT","items_purchased":["EntropicBrew","Simple Rune","Replay:Bottled Eggs","Elixir","AttackPotion"],"campfire_rested":3,"item_purchase_floors":[5,20,20,20,20],"current_hp_per_floor":[70,70,70,70,70,70,53,44,44,44,44,65,62,55,70,35,70,67,21,21,21,24,5,10,23,23,23,20,7,7,7,28,0,0],"gold":538,"neow_bonus":"THREE_ENEMY_KILL","is_daily":false,"chose_seed":false,"campfire_upgraded":2,"win_rate":0.0,"timestamp":1612146866,"path_taken":["M","M","?","?","$","R","E","?","T","R","?","R","E","M","R","BOSS","M","?","$","?","M","E","M","E","T","?","?","M","AVR","M","R","BOSS"],"items_purchased_type":["Potion","Relic","Relic","Potion","Potion"],"build_version":"2020-12-22","purchased_purges":0,"victory":false,"max_hp_per_floor":[70,70,70,70,70,70,70,70,70,70,70,70,70,70,70,70,70,70,70,70,70,70,70,70,70,70,70,70,70,70,70,70,70,70],"card_choices":[{"not_picked":["theMarked:ShockingTouch","theMarked:TwofoldDefense"],"picked":"theMarked:ChainLightning","floor":1.0},{"not_picked":["theMarked:BanishingStrike","theMarked:Memento"],"picked":"theMarked:RogueSparks","floor":2.0},{"not_picked":["theMarked:TurnInvisible","theMarked:WardOff","theMarked:TwofoldDefense"],"picked":"SKIP","floor":4.0},{"not_picked":["theMarked:ChannelForce","theMarked:Parkour"],"picked":"theMarked:ElectricStrings","floor":7.0},{"not_picked":["theMarked:Opportunist","theMarked:Memento"],"picked":"theMarked:ChainLightning","floor":8.0},{"not_picked":["theMarked:ChainLightning","theMarked:WastefulAttack"],"picked":"theMarked:ResourceFulStrike","floor":13.0},{"not_picked":["theMarked:Panic","theMarked:TunnelVision","theMarked:UnarmedFury"],"picked":"SKIP","floor":14.0},{"not_picked":["theMarked:MagusForm","theMarked:Challenge"],"picked":"theMarked:TakeOffHeels","floor":16.0},{"not_picked":["theMarked:ShockingTouch+1","theMarked:Determination"],"picked":"theMarked:Aftermath","floor":18.0},{"not_picked":["theMarked:TakeCover+1","theMarked:ResourceFulStrike+1","theMarked:Memento"],"picked":"SKIP","floor":22.0},{"not_picked":["theMarked:BanishingStrike","theMarked:GodGivenPower"],"picked":"theMarked:ChainLightning","floor":23.0},{"not_picked":["theMarked:Memento","theMarked:BanishingStrike","theMarked:ThrowWeapon"],"picked":"SKIP","floor":24.0},{"not_picked":["theMarked:TunnelVision+1","theMarked:SwordAndMagic"],"picked":"theMarked:Maelstrom","floor":25.0},{"not_picked":["theMarked:TunnelVision","theMarked:Standoff"],"picked":"theMarked:ElectricStrings","floor":28.0},{"not_picked":["theMarked:BanishingStrike+1","theMarked:ElectricStrings"],"picked":"theMarked:EmpowerWeapon+1","floor":29.0},{"not_picked":["theMarked:PowerFlow","theMarked:WardOff"],"picked":"theMarked:Polarize","floor":31.0}],"player_experience":739679,"relics_obtained":[{"floor":7.0,"key":"hubris:MobiusCoin"},{"floor":9.0,"key":"ReplayTheSpireMod:Ninjato"},{"floor":13.0,"key":"Snack Pack"},{"floor":21.0,"key":"infinitespire:Satchel"},{"floor":23.0,"key":"Replay:Accelerometer"},{"floor":25.0,"key":"MealTicket"},{"floor":26.0,"key":"Art of War"}],"event_choices":[{"damage_healed":0.0,"max_hp_gain":0.0,"max_hp_loss":0.0,"gold_gain":0.0,"event_name":"Upgrade Shrine","player_choice":"Upgraded","floor":3.0,"gold_loss":0.0,"damage_taken":0.0,"cards_upgraded":["theMarked:SoldierOfQuellstein"]},{"damage_healed":0.0,"max_hp_gain":0.0,"max_hp_loss":0.0,"gold_gain":63.0,"event_name":"Golden Wing","player_choice":"Gained Gold","floor":11.0,"gold_loss":0.0,"damage_taken":0.0},{"damage_healed":0.0,"max_hp_gain":0.0,"max_hp_loss":0.0,"gold_gain":450.0,"event_name":"Knowing Skull","player_choice":"GOLD GOLD GOLD GOLD GOLD ","floor":19.0,"potions_obtained":[],"gold_loss":0.0,"damage_taken":46.0,"cards_obtained":[]},{"damage_healed":0.0,"max_hp_gain":0.0,"max_hp_loss":0.0,"gold_gain":0.0,"event_name":"Back to Basics","player_choice":"Simplicity","floor":27.0,"gold_loss":0.0,"damage_taken":0.0,"cards_upgraded":["theMarked:Strike","theMarked:Strike","theMarked:Strike","theMarked:Strike","theMarked:Strike","theMarked:Defend","theMarked:Defend","theMarked:Defend","theMarked:Defend"]}],"is_beta":false,"boss_relics":[{"not_picked":["ReplayTheSpireMod:DimensionalGlitch","Painkiller Herb"],"picked":"Abe\u0027s Treasure"}],"items_purged_floors":[],"is_endless":false,"potions_floor_spawned":[2,7,8,23,24,31],"killed_by":"Automaton","ascension_level":0}}