{"host":"tq7pufgtqftqw8yr","time":1612199396,"event":{"mods":["BaseMod","Downfall","Minty Spire (QoL Compilation)","StSLib"],"gold_per_floor":[99,112,112,126,145,45,98,130,30,47,60,92,110,110,123,218,218,218,232,167,180,180,115,141,241,241,156,156,166,166,166,180,277,277,277,292,262,288,303,333,333,359,359,369,382,400,415,117,117,117,117,117],"floor_reached":50,"language":"ZHS","playtime":5225,"items_purged":["champ:Strike","champ:Strike"],"score":564,"play_id":"9109b15c-9848-4e3c-b714-92d765a35d2b","local_time":"20210202010956","is_ascension_mode":false,"campfire_choices":[{"floor":1,"key":"RECALL"},{"data":"champ:Backstep","floor":6,"key":"SMITH"},{"data":"champ:RageSigil","floor":9,"key":"SMITH"},{"data":"champ:FancyFootwork","floor":18,"key":"SMITH"},{"floor":28,"key":"REST"},{"floor":30,"key":"REST"},{"floor":35,"key":"REST"},{"floor":49,"key":"REST"}],"circlet_count":0,"master_deck":["champ:Strike","champ:Strike","champ:Defend","champ:Defend","champ:Defend","champ:Execute","champ:Taunt+1","champ:Backstep+1","champ:RisingSlash","champ:RageSigil+1","champ:FancyFootwork+1","champ:CrookedStrike","champ:ShieldSigil","champ:MurderStrike","champ:ViciousMockery","champ:GutPunch","champ:ShieldSlam","champ:SkillfulDodge","champ:RageSigil","champ:MurderStrike"],"relics":["champ:ChampionCrown","Smiling Mask","downfall:HeartBlessingRed","Oddly Smooth Stone","downfall:HeartBlessingBlue","HornCleat","Busted Crown","Enchiridion","Art of War","champ:BlackKnightHelmet","Ornamental Fan","Fusion Hammer","TungstenRod","Bag of Preparation","MealTicket","Orichalcum","InkBottle","Ginger"],"acts_visited":["Exordium","TheCity","TheBeyond"],"potions_floor_usage":[8,12,16,16,21,32],"damage_taken":[{"damage":10,"enemies":"Small Slimes","floor":2,"turns":3},{"damage":10,"enemies":"Cultist","floor":4,"turns":3},{"damage":10,"enemies":"2 Louse","floor":5,"turns":2},{"damage":30,"enemies":"Gremlin Nob","floor":8,"turns":4},{"damage":11,"enemies":"Exordium Thugs","floor":10,"turns":3},{"damage":25,"enemies":"Large Slime","floor":11,"turns":5},{"damage":32,"enemies":"Lagavulin","floor":12,"turns":5},{"damage":26,"enemies":"3 Louse","floor":13,"turns":4},{"damage":12,"enemies":"Red Slaver","floor":15,"turns":2},{"damage":81,"enemies":"DF_ARCHETYPE_STREAMLINE","floor":16,"turns":11},{"damage":10,"enemies":"Spheric Guardian","floor":19,"turns":3},{"damage":25,"enemies":"downfall:FleeingMerchant","floor":20,"turns":4},{"damage":78,"enemies":"3 Cultists","floor":21,"turns":6},{"damage":35,"enemies":"downfall:FleeingMerchant","floor":23,"turns":4},{"damage":98,"enemies":"downfall:FleeingMerchant","floor":25,"turns":8},{"damage":66,"enemies":"downfall:FleeingMerchant","floor":27,"turns":4},{"damage":42,"enemies":"Centurion and Healer","floor":29,"turns":5},{"damage":30,"enemies":"Shelled Parasite and Fungi","floor":32,"turns":3},{"damage":122,"enemies":"SI_MIRROR_ARCHETYPE","floor":33,"turns":11},{"damage":28,"enemies":"3 Shapes","floor":36,"turns":3},{"damage":35,"enemies":"downfall:FleeingMerchant","floor":37,"turns":1},{"damage":36,"enemies":"3 Darklings","floor":39,"turns":4},{"damage":75,"enemies":"Nemesis","floor":40,"turns":7},{"damage":108,"enemies":"Giant Head","floor":42,"turns":5},{"damage":52,"enemies":"Maw","floor":44,"turns":3},{"damage":48,"enemies":"Spire Growth","floor":45,"turns":4},{"damage":65,"enemies":"4 Shapes","floor":46,"turns":5},{"damage":32,"enemies":"3 Darklings","floor":47,"turns":3},{"damage":116,"enemies":"WA_ARCHETYPE_DIVINITY","floor":50,"turns":5}],"seed_played":"-69017629424810128","potions_obtained":[{"floor":4,"key":"AttackPotion"},{"floor":10,"key":"GamblersBrew"},{"floor":11,"key":"Explosive Potion"},{"floor":12,"key":"Fire Potion"},{"floor":13,"key":"Energy Potion"},{"floor":19,"key":"SkillPotion"},{"floor":21,"key":"ColorlessPotion"},{"floor":33,"key":"Explosive Potion"},{"floor":39,"key":"EssenceOfSteel"}],"is_trial":false,"path_per_floor":["R","M","?","M","M","R","T","E","R","M","M","E","M","?","M","B",null,"R","M","$","M","?","$","T","?","?","$","R","M","R","?","M","B",null,"R","M","$","?","M","E","T","E","?","M","M","M","M","$","R","B"],"character_chosen":"THE_CHAMP","items_purchased":["champ:SkillfulDodge","TungstenRod","champ:RageSigil","Ginger"],"campfire_rested":4,"item_purchase_floors":[27,37,37,48],"current_hp_per_floor":[90,90,90,90,90,90,90,70,80,74,74,72,71,71,69,43,100,100,100,100,82,66,66,66,48,48,47,77,75,100,100,100,93,100,100,97,97,97,99,75,75,100,100,100,100,100,100,100,100,69,69,69],"gold":117,"neow_bonus":"RANDOM_COMMON_RELIC","is_daily":false,"chose_seed":false,"campfire_upgraded":3,"win_rate":0.0,"timestamp":1612199396,"path_taken":["R","M","?","M","M","R","T","E","R","M","?","E","M","?","M","BOSS","R","M","$","M","?","$","T","?","?","$","R","?","R","?","M","BOSS","R","M","$","?","M","E","T","E","?","M","?","M","M","?","R","BOSS"],"items_purchased_type":["Card","Relic","Card","Relic"],"build_version":"2020-12-22","purchased_purges":2,"victory":false,"max_hp_per_floor":[90,90,90,90,90,90,90,90,100,100,100,100,100,100,100,100,100,100,100,100,100,100,100,100,100,100,100,100,100,100,100,100,100,100,100,100,100,100,100,100,100,100,100,100,100,100,100,100,100,100,100,100],"card_choices":[{"not_picked":["champ:FalseCounter","champ:CrownThrow"],"picked":"champ:Backstep","floor":2},{"not_picked":["champ:CrownThrow","champ:PreemptiveStrike","champ:CalledShot"],"picked":"SKIP","floor":4},{"not_picked":["champ:Duel","champ:CrownThrow"],"picked":"champ:RisingSlash","floor":5},{"not_picked":["champ:ShieldThrow","champ:CrownThrow"],"picked":"champ:RageSigil","floor":8},{"not_picked":["champ:FalseCounter","champ:DefensiveStyle","champ:Haymaker"],"picked":"SKIP","floor":10},{"not_picked":["champ:FalseCounter","champ:GutPunch"],"picked":"champ:FancyFootwork","floor":11},{"not_picked":["champ:DefensiveStyle","champ:CrownThrow"],"picked":"champ:CrookedStrike","floor":12},{"not_picked":["champ:Shatter","champ:TornadoPunch"],"picked":"champ:ShieldSigil","floor":13},{"not_picked":["champ:ShieldSigil","champ:FlashCut","champ:TornadoPunch"],"picked":"SKIP","floor":15},{"not_picked":["champ:VampiricStrike","champ:IgnorePain"],"picked":"champ:MurderStrike","floor":16},{"not_picked":[],"picked":"champ:ViciousMockery","floor":19},{"not_picked":[],"picked":"champ:GutPunch","floor":20},{"not_picked":["champ:BladeFlurry"],"picked":"SKIP","floor":21},{"not_picked":["champ:Lariat"],"picked":"SKIP","floor":23},{"not_picked":[],"picked":"champ:ShieldSlam","floor":27},{"not_picked":["champ:EndlessRage"],"picked":"SKIP","floor":29},{"not_picked":["champ:Haymaker"],"picked":"SKIP","floor":32},{"not_picked":["champ:BerserkersShout"],"picked":"SKIP","floor":36},{"not_picked":["champ:Backstep+1"],"picked":"SKIP","floor":37},{"not_picked":["champ:BladeFlurry+1"],"picked":"SKIP","floor":39},{"not_picked":["champ:FlashCut"],"picked":"SKIP","floor":40},{"not_picked":["champ:Backstep"],"picked":"SKIP","floor":42},{"not_picked":[],"picked":"champ:MurderStrike","floor":44},{"not_picked":["champ:CrookedStrike"],"picked":"SKIP","floor":45},{"not_picked":["champ:ShieldWall+1"],"picked":"SKIP","floor":46},{"not_picked":["champ:StanceDance+1"],"picked":"SKIP","floor":47}],"player_experience":856102,"relics_obtained":[{"floor":8,"key":"Oddly Smooth Stone"},{"floor":12,"key":"HornCleat"},{"floor":22,"key":"Enchiridion"},{"floor":24,"key":"Art of War"},{"floor":25,"key":"champ:BlackKnightHelmet"},{"floor":25,"key":"Ornamental Fan"},{"floor":38,"key":"Bag of Preparation"},{"floor":40,"key":"MealTicket"},{"floor":41,"key":"Orichalcum"},{"floor":42,"key":"InkBottle"}],"event_choices":[{"damage_healed":0,"gold_gain":0,"player_choice":"Got Potions","damage_taken":0,"max_hp_gain":0,"max_hp_loss":0,"event_name":"Lab","floor":43,"gold_loss":0}],"is_beta":false,"boss_relics":[{"not_picked":["Empty Cage","Black Star"],"picked":"Busted Crown"},{"not_picked":["Astrolabe","bronze:MakeshiftBattery"],"picked":"Fusion Hammer"}],"items_purged_floors":[20,23],"is_endless":false,"potions_floor_spawned":[4,10,11,12,13,19,21,33,39,40,42,44],"killed_by":"WA_ARCHETYPE_DIVINITY","ascension_level":0}}