{"host":"t7mx8yfj1no5p62f","time":1612200283,"event":{"mods":["BaseMod","Colored Map","Colored Powertips","Minty Spire (QoL Compilation)","Relic Stats","StSLib"],"gold_per_floor":[14,14,27,41,41,41,82,82,82,47,71,85,85,119,119,217,217,231,244,294,294,294,333,333,148,148,273,273,297,335,351,351,444,444,460,475,475,543,132,173,173,207,286,286,286,286,81,114,114,114,114,114,114,114,194,194],"floor_reached":57,"language":"ENG","playtime":3383,"items_purged":["Strike_R","Strike_R"],"score":3064,"play_id":"53a44cf0-3b56-450c-9d04-0fe161e8a89c","local_time":"20210201122443","is_ascension_mode":true,"campfire_choices":[{"data":"Pommel Strike","floor":6.0,"key":"SMITH"},{"data":"Infernal Blade","floor":8.0,"key":"SMITH"},{"data":"Sever Soul","floor":13.0,"key":"SMITH"},{"data":"True Grit","floor":15.0,"key":"SMITH"},{"data":"1","floor":24,"key":"LIFT"},{"data":"2","floor":28,"key":"LIFT"},{"data":"3","floor":32,"key":"LIFT"},{"floor":41,"key":"REST"},{"floor":45,"key":"REST"},{"data":"Disarm","floor":46,"key":"SMITH"},{"floor":49,"key":"RECALL"},{"floor":53,"key":"REST"}],"circlet_count":0,"master_deck":["AscendersBane","Strike_R","Strike_R","Strike_R","Defend_R","Defend_R","Defend_R","Defend_R","Bash","Pommel Strike+1","Infernal Blade+1","Sever Soul+1","Metallicize","True Grit+1","Limit Break","Seeing Red","Seeing Red","Warcry","Intimidate","True Grit","Barricade+1","Disarm+1","Battle Trance+1","Jack Of All Trades","Corruption+1","Disarm+1","Power Through","PanicButton","Secret Technique","Dark Shackles","Feel No Pain+1","Feel No Pain+1","True Grit+1"],"relics":["Burning Blood","Dead Branch","Golden Idol","Kunai","Orichalcum","Shuriken","Girya","Philosopher\u0027s Stone","Turnip","Frozen Egg 2","Shovel","Paper Frog","Singing Bowl","Black Star","WingedGreaves","Orrery","Akabeko","Bottled Flame","Incense Burner","Gremlin Horn","DollysMirror","White Beast Statue","Toxic Egg 2","Bag of Preparation","Anchor"],"acts_visited":["Exordium","TheCity","TheBeyond","TheEnding"],"potions_floor_usage":[19,23,23,27,29,33,33,35,40,56,56],"damage_taken":[{"damage":7.0,"enemies":"Small Slimes","floor":1.0,"turns":3.0},{"damage":9.0,"enemies":"Jaw Worm","floor":3.0,"turns":5.0},{"damage":6.0,"enemies":"2 Louse","floor":4.0,"turns":4.0},{"damage":30.0,"enemies":"3 Sentries","floor":7.0,"turns":7.0},{"damage":6.0,"enemies":"2 Fungi Beasts","floor":11.0,"turns":3.0},{"damage":18.0,"enemies":"Exordium Wildlife","floor":12.0,"turns":5.0},{"damage":2.0,"enemies":"Gremlin Nob","floor":14.0,"turns":3.0},{"damage":42.0,"enemies":"The Guardian","floor":16.0,"turns":13.0},{"damage":4.0,"enemies":"Shell Parasite","floor":18.0,"turns":3.0},{"damage":30,"enemies":"3 Byrds","floor":19,"turns":5},{"damage":12,"enemies":"Slavers","floor":23,"turns":3},{"damage":0,"enemies":"Colosseum Slavers","floor":27,"turns":2},{"damage":2,"enemies":"Colosseum Nobs","floor":27,"turns":3},{"damage":10,"enemies":"Centurion and Healer","floor":29,"turns":6},{"damage":14,"enemies":"Gremlin Leader","floor":30,"turns":3},{"damage":0,"enemies":"3 Cultists","floor":31,"turns":4},{"damage":37,"enemies":"Automaton","floor":33,"turns":7},{"damage":0,"enemies":"3 Darklings","floor":35,"turns":3},{"damage":11,"enemies":"Orb Walker","floor":36,"turns":3},{"damage":54,"enemies":"2 Orb Walkers","floor":38,"turns":5},{"damage":7,"enemies":"Reptomancer","floor":40,"turns":7},{"damage":20,"enemies":"Nemesis","floor":42,"turns":7},{"damage":9,"enemies":"Giant Head","floor":48,"turns":11},{"damage":6,"enemies":"Donu and Deca","floor":50,"turns":5},{"damage":17,"enemies":"Time Eater","floor":51,"turns":12},{"damage":13,"enemies":"Shield and Spear","floor":55,"turns":12},{"damage":0,"enemies":"The Heart","floor":56,"turns":10}],"seed_played":"8867779834868242986","potions_obtained":[{"floor":3.0,"key":"Strength Potion"},{"floor":11.0,"key":"SneckoOil"},{"floor":16.0,"key":"SkillPotion"},{"floor":19,"key":"EntropicBrew"},{"floor":27,"key":"BlessingOfTheForge"},{"floor":31,"key":"Block Potion"},{"floor":33,"key":"DistilledChaos"},{"floor":38,"key":"HeartOfIron"},{"floor":42,"key":"SkillPotion"},{"floor":55,"key":"Dexterity Potion"}],"is_trial":false,"path_per_floor":["M","?","M","M","?","R","E","R","T","?","M","M","R","E","R","B",null,"M","M","?","?","?","E","R","$","T","?","R","M","E","M","R","B",null,"M","M","?","?","$","E","R","E","T","?","R","R","$","E","R","B","B",null,"R","$","E","B",null],"character_chosen":"IRONCLAD","items_purchased":["Regen Potion","Warcry","AttackPotion","Jack Of All Trades","Orrery","Feel No Pain+1","DollysMirror"],"campfire_rested":3,"item_purchase_floors":[25,25,39,39,39,47,47],"current_hp_per_floor":[67,67,64,64,59,59,35,35,35,52,52,40,40,44,44,8,53,55,31,31,31,31,25,25,25,25,35,35,46,38,44,44,13,54,62,57,57,9,13,14,36,24,24,14,37,37,37,36,36,36,25,66,80,80,73,79],"gold":194,"neow_bonus":"ONE_RARE_RELIC","is_daily":false,"chose_seed":false,"campfire_upgraded":5,"win_rate":0.0,"timestamp":1612200283,"path_taken":["M","?","M","M","?","R","E","R","T","?","M","M","R","E","R","BOSS","M","M","?","?","?","E","R","$","T","?","R","M","E","M","R","BOSS","M","M","?","?","$","E","R","E","T","?","R","R","$","E","R","BOSS","BOSS","R","$","E","BOSS"],"items_purchased_type":["Potion","Card","Potion","Card","Relic","Card","Relic"],"build_version":"2020-12-22","purchased_purges":2,"victory":true,"max_hp_per_floor":[75,68,68,68,68,68,68,68,68,68,68,68,68,68,68,68,68,68,68,68,68,68,68,68,68,68,68,68,68,68,68,68,68,68,70,70,70,70,74,76,76,78,78,78,78,78,78,80,80,80,80,80,80,80,80,80],"relic_stats":{"Singing Bowl":12,"Gremlin Horn":[1,2],"counters":[27,154],"Golden Idol":232,"Dead Branch":[511],"Bag of Preparation":[2],"Orichalcum":[150],"Burning Blood":162,"Shovel":0,"Shuriken":[45],"Turnip":[9],"Black Star":4,"Kunai":[45],"obtain_stats":[{"Singing Bowl":30,"Gremlin Horn":42,"Incense Burner":42,"Bag of Preparation":55,"Burning Blood":0,"Shovel":27,"DollysMirror":47,"Philosopher\u0027s Stone":17,"WingedGreaves":38,"Kunai":5,"Toxic Egg 2":48,"Paper Frog":27,"Girya":14,"Golden Idol":2,"Dead Branch":0,"Orichalcum":7,"Frozen Egg 2":26,"Akabeko":40,"White Beast Statue":48,"Bottled Flame":40,"Anchor":55,"Shuriken":9,"Orrery":39,"Turnip":23,"Black Star":34},{"Singing Bowl":15,"Gremlin Horn":22,"Incense Burner":22,"Bag of Preparation":26,"Burning Blood":0,"Shovel":13,"DollysMirror":22,"Philosopher\u0027s Stone":8,"WingedGreaves":20,"Kunai":3,"Toxic Egg 2":23,"Paper Frog":13,"Girya":7,"Golden Idol":1,"Dead Branch":0,"Orichalcum":4,"Frozen Egg 2":11,"Akabeko":21,"White Beast Statue":23,"Bottled Flame":21,"Anchor":26,"Shuriken":4,"Orrery":20,"Turnip":11,"Black Star":17},{"Singing Bowl":68,"Gremlin Horn":104,"Incense Burner":104,"Bag of Preparation":144,"Burning Blood":0,"Shovel":59,"DollysMirror":104,"Philosopher\u0027s Stone":43,"WingedGreaves":90,"Kunai":12,"Toxic Egg 2":115,"Paper Frog":59,"Girya":30,"Golden Idol":3,"Dead Branch":0,"Orichalcum":19,"Frozen Egg 2":54,"Akabeko":97,"White Beast Statue":115,"Bottled Flame":97,"Anchor":144,"Shuriken":19,"Orrery":90,"Turnip":54,"Black Star":79}]},"card_choices":[{"not_picked":["True Grit","Clothesline"],"picked":"Pommel Strike","floor":1.0},{"not_picked":["Pommel Strike","Flex"],"picked":"Iron Wave","floor":3.0},{"not_picked":["Blood for Blood","Entrench"],"picked":"Infernal Blade","floor":4.0},{"not_picked":["Armaments","Warcry"],"picked":"Sever Soul","floor":7.0},{"not_picked":["Body Slam","Havoc"],"picked":"Metallicize","floor":11.0},{"not_picked":["Body Slam","Fiend Fire"],"picked":"True Grit","floor":12.0},{"not_picked":["Pommel Strike","Entrench","Warcry"],"picked":"SKIP","floor":14.0},{"not_picked":["Feed","Bludgeon"],"picked":"Limit Break","floor":16.0},{"not_picked":["Metallicize","Havoc+1"],"picked":"Seeing Red","floor":18.0},{"not_picked":["Flex","Clash"],"picked":"Seeing Red","floor":19},{"not_picked":["Flex","Brutality","Headbutt"],"picked":"SKIP","floor":23},{"not_picked":["Bloodletting","Rupture+1","Dropkick"],"picked":"SKIP","floor":29},{"not_picked":["Heavy Blade","Clothesline"],"picked":"Intimidate","floor":30},{"not_picked":["Thunderclap","Blood for Blood+1"],"picked":"True Grit","floor":31},{"not_picked":["Double Tap","Berserk+1"],"picked":"Barricade+1","floor":33},{"not_picked":["Pommel Strike","Clothesline","Anger"],"picked":"Singing Bowl","floor":35},{"not_picked":["Cleave","Dual Wield"],"picked":"Disarm+1","floor":36},{"not_picked":["Clash","Armaments"],"picked":"Battle Trance+1","floor":38},{"not_picked":["Second Wind+1","Seeing Red+1"],"picked":"Corruption+1","floor":39},{"not_picked":["Bloodletting","Flame Barrier"],"picked":"Disarm","floor":39},{"not_picked":["Havoc+1","Cleave"],"picked":"Power Through","floor":39},{"not_picked":["Double Tap","Armaments+1","Heavy Blade+1"],"picked":"Singing Bowl","floor":39},{"not_picked":["Thunderclap","Flex","Anger+1"],"picked":"Singing Bowl","floor":39},{"not_picked":["Seeing Red","Clothesline","Bludgeon"],"picked":"Singing Bowl","floor":40},{"not_picked":["Rampage+1","Rage","Bloodletting"],"picked":"Singing Bowl","floor":42},{"not_picked":["Blind","Mayhem+1"],"picked":"PanicButton","floor":44},{"not_picked":["Transmutation","HandOfGreed"],"picked":"Secret Technique","floor":44},{"not_picked":["Mayhem+1","Deep Breath"],"picked":"Dark Shackles","floor":44},{"not_picked":["Pommel Strike+1","Carnage","Wild Strike"],"picked":"Singing Bowl","floor":48},{"not_picked":["Flex+1","Carnage+1"],"picked":"True Grit+1","floor":55}],"player_experience":1904576,"relics_obtained":[{"floor":7.0,"key":"Orichalcum"},{"floor":9.0,"key":"Shuriken"},{"floor":14.0,"key":"Girya"},{"floor":23,"key":"Turnip"},{"floor":26,"key":"Frozen Egg 2"},{"floor":27,"key":"Shovel"},{"floor":27,"key":"Paper Frog"},{"floor":30,"key":"Singing Bowl"},{"floor":38,"key":"WingedGreaves"},{"floor":40,"key":"Akabeko"},{"floor":40,"key":"Bottled Flame"},{"floor":42,"key":"Incense Burner"},{"floor":42,"key":"Gremlin Horn"},{"floor":48,"key":"White Beast Statue"},{"floor":48,"key":"Toxic Egg 2"},{"floor":55,"key":"Bag of Preparation"},{"floor":55,"key":"Anchor"}],"event_choices":[{"damage_healed":0.0,"max_hp_gain":0.0,"max_hp_loss":7.0,"gold_gain":0.0,"event_name":"Golden Idol","player_choice":"Lose Max HP","floor":2.0,"gold_loss":0.0,"damage_taken":0.0,"relics_obtained":["Golden Idol"]},{"damage_healed":0.0,"max_hp_gain":0.0,"max_hp_loss":0.0,"gold_gain":0.0,"event_name":"Scrap Ooze","player_choice":"Success","floor":5.0,"gold_loss":0.0,"damage_taken":5.0,"relics_obtained":["Kunai"]},{"damage_healed":17.0,"max_hp_gain":0.0,"max_hp_loss":0.0,"gold_gain":0.0,"event_name":"The Cleric","player_choice":"Healed","floor":10.0,"gold_loss":35.0,"damage_taken":0.0},{"damage_healed":0,"gold_gain":50,"player_choice":"Stole From Cult","damage_taken":0,"max_hp_gain":0,"max_hp_loss":0,"event_name":"Nest","floor":20,"gold_loss":0},{"damage_healed":0,"gold_gain":0,"player_choice":"Ignored","damage_taken":0,"max_hp_gain":0,"max_hp_loss":0,"event_name":"The Mausoleum","floor":21,"gold_loss":0},{"damage_healed":0,"gold_gain":0,"player_choice":"Ignored","damage_taken":0,"max_hp_gain":0,"max_hp_loss":0,"event_name":"Cursed Tome","floor":22,"gold_loss":0},{"damage_healed":0,"gold_gain":0,"player_choice":"Fight","damage_taken":0,"max_hp_gain":0,"max_hp_loss":0,"event_name":"Colosseum","floor":27,"gold_loss":0},{"damage_healed":0,"gold_gain":0,"player_choice":"Fought Nobs","damage_taken":0,"max_hp_gain":0,"max_hp_loss":0,"event_name":"Colosseum","floor":27,"gold_loss":0},{"cards_removed":["Iron Wave"],"damage_healed":0,"gold_gain":0,"player_choice":"Removed Attack","damage_taken":0,"max_hp_gain":0,"max_hp_loss":0,"event_name":"Falling","floor":37,"gold_loss":0},{"damage_healed":0,"gold_gain":0,"player_choice":"Fight","damage_taken":0,"max_hp_gain":0,"max_hp_loss":0,"event_name":"Mysterious Sphere","floor":38,"gold_loss":0},{"damage_healed":0,"gold_gain":0,"player_choice":"Memory 3","damage_taken":10,"max_hp_gain":0,"max_hp_loss":0,"event_name":"SensoryStone","floor":44,"gold_loss":0}],"is_beta":false,"boss_relics":[{"not_picked":["Pandora\u0027s Box","Runic Pyramid"],"picked":"Philosopher\u0027s Stone"},{"not_picked":["Tiny House","SacredBark"],"picked":"Black Star"}],"items_purged_floors":[25,39],"is_endless":false,"potions_floor_spawned":[3,11,16,19,27,27,31,33,38,42,55],"ascension_level":20}}