{"host":"h1qktzcccqnez8tx","time":1612140019,"event":{"mods":["AchievementEnabler","BaseMod","Bestiary","Better Note","Block Reminder","Colored Map","Colored Powertips","Curses Come First","Downfall","Highlight Path","Infinite Spire","Minty Spire (QoL Compilation)","Permanent Neow","Quick Restart","Relic Stats","Replay The Spire","Say the Spire","StSLib","The Cursed","UnlockEverythingMod"],"gold_per_floor":[99,115,135,310,86,102,156,256,283,283,313,328,29,42,53,150,150,150,163,173,173,186,212,212,212,212,212],"floor_reached":25,"language":"ENG","playtime":1855,"items_purged":["Doubt"],"score":245,"play_id":"63ae88b9-d389-4dfd-becc-7f1d013e6ea7","local_time":"20210201014019","is_ascension_mode":true,"campfire_choices":[{"data":"hexamod:Float","floor":1,"key":"SMITH"},{"floor":10,"key":"REST"},{"data":"hexamod:HexaLevel","floor":18,"key":"SMITH"}],"circlet_count":0,"master_deck":["hexamod:Strike+1","hexamod:Strike+1","hexamod:Strike","hexamod:Strike","hexamod:Defend","hexamod:Defend","hexamod:Defend","hexamod:Defend","hexamod:Sear","hexamod:Float+1","hexamod:SuperheatedStrike","hexamod:SpectersWail","hexamod:SpectersWail","hexamod:FastForward+1","hexamod:ThirdSeal","hexamod:RecurringNightmare","hexamod:NightmareGuise","hexamod:Hexaguard","hexamod:HauntingEcho","hexamod:HauntingEcho+1","hexamod:AdvancingGuard","hexamod:PowerFromBeyond+1","hexamod:RetreatToShadows","hexamod:SixthSeal","hexamod:GhostShield+1","hexamod:GhostShield","hexamod:FourthSeal","hexamod:HexaLevel+1","hexamod:Hexaguard","hexamod:Hexaguard+1","hexamod:SpectersWail","hexamod:Again","hexamod:FirstSeal","hexamod:EmpoweredFlame"],"relics":["hexamod:SpiritBrand","The Courier","infinitespire:ShieldingShard","SacredBark","downfall:RedIOU","Replay:Bottled Steam"],"acts_visited":["Exordium","TheCity"],"potions_floor_usage":[9,16,16,16,22,23,23,23],"damage_taken":[{"damage":2,"enemies":"2 Louse","floor":2,"turns":4},{"damage":6,"enemies":"Jaw Worm","floor":3,"turns":3},{"damage":0,"enemies":"downfall:FleeingMerchant","floor":5,"turns":4},{"damage":0,"enemies":"Small Slimes","floor":6,"turns":3},{"damage":35,"enemies":"Lagavulin","floor":9,"turns":6},{"damage":6,"enemies":"Replay:BlueRogue","floor":11,"turns":6},{"damage":0,"enemies":"Blue Slaver","floor":12,"turns":3},{"damage":2,"enemies":"downfall:FleeingMerchant","floor":13,"turns":4},{"damage":0,"enemies":"Red Slaver","floor":14,"turns":4},{"damage":13,"enemies":"Large Slime","floor":15,"turns":6},{"damage":9,"enemies":"WA_ARCHETYPE_RETAIN","floor":16,"turns":11},{"damage":21,"enemies":"Spheric Guardian","floor":19,"turns":9},{"damage":22,"enemies":"Shell Parasite","floor":20,"turns":8},{"damage":14,"enemies":"Shelled Parasite and Fungi","floor":22,"turns":6},{"damage":35,"enemies":"Replay:Snechameleon","floor":23,"turns":11},{"damage":4,"enemies":"Sentry and Sphere","floor":25,"turns":3}],"seed_played":"-1060721594167515537","potions_obtained":[{"floor":2,"key":"Weak Potion"},{"floor":6,"key":"AttackPotion"},{"floor":12,"key":"hexamod:EctoCoolerPotion"},{"floor":16,"key":"FairyPotion"},{"floor":20,"key":"infinitespire:BlackPotion"},{"floor":22,"key":"EntropicBrew"},{"floor":23,"key":"Adrenaline Potion"}],"is_trial":false,"path_per_floor":["R","M","M","?","$","M","T","?","E","R","E","M","$","M","M","B",null,"R","M","M","?","M","E","T","M"],"character_chosen":"THE_SPIRIT","items_purchased":["hexamod:FastForward","hexamod:ThirdSeal","infinitespire:ShieldingShard","EntropicBrew"],"campfire_rested":1,"item_purchase_floors":[5,5,13,13],"current_hp_per_floor":[63,61,55,55,55,55,55,55,20,45,39,39,37,37,24,15,84,84,63,41,41,27,42,42,38,38,38],"gold":212,"neow_bonus":"TWENTY_PERCENT_HP_BONUS","is_daily":false,"chose_seed":false,"campfire_upgraded":2,"win_rate":0.0,"timestamp":1612140019,"path_taken":["R","M","M","?","$","M","T","?","E","R","E","M","?","M","M","BOSS","R","M","M","?","M","E","T","M"],"items_purchased_type":["Card","Card","Relic","Potion"],"build_version":"2020-12-22","purchased_purges":1,"victory":false,"max_hp_per_floor":[84,84,84,84,84,84,84,84,84,84,84,84,84,84,84,84,84,84,84,84,84,84,84,84,84,84,84],"relic_stats":{"counters":[16,91],"obtain_stats":[{"infinitespire:ShieldingShard":13,"SacredBark":17,"The Courier":9,"infinitespire:Beetle Shell":11,"downfall:RedIOU":21,"hexamod:SpiritBrand":0,"Replay:Bottled Steam":23},{"infinitespire:ShieldingShard":8,"SacredBark":11,"The Courier":5,"infinitespire:Beetle Shell":6,"downfall:RedIOU":13,"hexamod:SpiritBrand":0,"Replay:Bottled Steam":15},{"infinitespire:ShieldingShard":33,"SacredBark":54,"The Courier":20,"infinitespire:Beetle Shell":26,"downfall:RedIOU":71,"hexamod:SpiritBrand":0,"Replay:Bottled Steam":88}]},"card_choices":[{"not_picked":["hexamod:GhostShield","hexamod:Rewind"],"picked":"hexamod:SuperheatedStrike","floor":2},{"not_picked":["hexamod:NightmareStrike","hexamod:NightmareGuise"],"picked":"hexamod:SpectersWail","floor":3},{"not_picked":["hexamod:NightmareStrike","hexamod:SwordOfDarkness"],"picked":"hexamod:SpectersWail","floor":5},{"not_picked":["hexamod:NecessarySacrifice","hexamod:PhantomCloak"],"picked":"hexamod:RecurringNightmare","floor":6},{"not_picked":["hexamod:BacktrackSmack","hexamod:HauntingEcho","hexamod:ThirdSeal"],"picked":"SKIP","floor":6},{"not_picked":["hexamod:RetreatToShadows","hexamod:FlamesFromBeyond"],"picked":"hexamod:NightmareGuise","floor":9},{"not_picked":["hexamod:ThermalTransfer","hexamod:FlameSwitch","hexamod:InspiringFlames"],"picked":"SKIP","floor":9},{"not_picked":["hexamod:SpectralAdrenaline","hexamod:NightmareStrike"],"picked":"hexamod:Hexaguard","floor":11},{"not_picked":["hexamod:ApocalypticArmor","hexamod:InspiringFlames"],"picked":"hexamod:HauntingEcho","floor":11},{"not_picked":["hexamod:SuperheatedStrike","hexamod:ThermalTransfer"],"picked":"hexamod:HauntingEcho","floor":12},{"not_picked":["hexamod:HeatCrush","hexamod:BurningTouch"],"picked":"hexamod:AdvancingGuard","floor":12},{"not_picked":["hexamod:Hexaguard","hexamod:GhostLash"],"picked":"hexamod:PowerFromBeyond","floor":13},{"not_picked":["hexamod:SkipABeat","hexamod:SpectralSpark"],"picked":"hexamod:RetreatToShadows","floor":13},{"not_picked":["hexamod:AdvancingGuard","hexamod:NightmareGuise"],"picked":"hexamod:SixthSeal","floor":14},{"not_picked":["hexamod:Hexaguard","hexamod:EtherealExpedition"],"picked":"hexamod:GhostShield","floor":14},{"not_picked":["hexamod:HeatShield","hexamod:ThermalTransfer"],"picked":"hexamod:GhostShield","floor":15},{"not_picked":["hexamod:FastForward","hexamod:ChargedBarrage"],"picked":"hexamod:FourthSeal","floor":15},{"not_picked":["hexamod:FlameSwitch","hexamod:TimeWarp"],"picked":"hexamod:HexaLevel","floor":16},{"not_picked":["hexamod:FlamesFromBeyond","hexamod:SpectersWail"],"picked":"hexamod:Hexaguard","floor":19},{"not_picked":["hexamod:EtherealExpedition","hexamod:FastForward","hexamod:Firestarter+1"],"picked":"SKIP","floor":19},{"not_picked":["hexamod:BurningTouch","hexamod:SpectralAdrenaline+1"],"picked":"hexamod:Hexaguard+1","floor":20},{"not_picked":["hexamod:ThermalTransfer+1","hexamod:HeatMetal","hexamod:PhantomFireball"],"picked":"SKIP","floor":20},{"not_picked":["hexamod:NecessarySacrifice+1","hexamod:HeatShield"],"picked":"hexamod:SpectersWail","floor":22},{"not_picked":["hexamod:ThermalTransfer","hexamod:NightmareGuise"],"picked":"hexamod:Again","floor":22},{"not_picked":["hexamod:StepThrough","hexamod:FastForward"],"picked":"hexamod:FirstSeal","floor":23},{"not_picked":["hexamod:HeatCrush","hexamod:InspiringFlames"],"picked":"hexamod:EmpoweredFlame","floor":23}],"player_experience":344746,"relics_obtained":[{"floor":9,"key":"The Courier"},{"floor":11,"key":"infinitespire:Beetle Shell"},{"floor":23,"key":"Replay:Bottled Steam"}],"event_choices":[],"is_beta":false,"boss_relics":[{"not_picked":["ChewingGum","ReplayTheSpireMod:SealedPack"],"picked":"SacredBark"}],"items_purged_floors":[5],"is_endless":false,"potions_floor_spawned":[2,6,12,14,15,23],"killed_by":"Sentry and Sphere","ascension_level":1}}