{"host":"3ghcx3e93lhog3cp","time":1612214330,"event":{"mods":["AchievementEnabler","BaseMod","Downfall","Minty Spire (QoL Compilation)","Replay The Spire","StSLib"],"gold_per_floor":[110,110,125,125,137,167,167,242,289,289,289,289,220,8,8,105,105,124,124,135,135,135,135,145,172,199,218,229,242,242,256,256,359,359,373,393,411,427,427,427,438,28,28,28,80,99,99,117,117,137,137,137,137,137,86,116,116,116],"floor_reached":57,"language":"ENG","playtime":6302,"items_purged":["Spreading Infection"],"score":774,"play_id":"afb9e4b2-96e6-4356-aac3-1f0826dc8a50","local_time":"20210201131850","is_ascension_mode":true,"campfire_choices":[{"floor":12.0,"key":"REST"},{"data":"ReplayTheSpireMod:Omega Cannon","floor":15.0,"key":"SMITH"},{"data":"Echo Form","floor":23.0,"key":"SMITH"},{"data":"Hyperbeam","floor":32.0,"key":"SMITH"},{"data":"Hologram","floor":40.0,"key":"SMITH"},{"floor":51.0,"key":"RECALL"},{"data":"ReplayTheSpireMod:GoodbyeWorld","floor":54.0,"key":"SMITH"}],"circlet_count":0,"master_deck":["Strike_B","Strike_B+1","Defend_B","Defend_B+1","Zap","Dualcast","Rebound","Undo","Cold Snap","FIFO Queue+1","Fusion+1","ReplayTheSpireMod:Omega Cannon+1","Echo Form+1","Hologram+1","Ball Lightning+1","Double Energy+1","Conserve Battery+1","Loop","Sweeping Beam+1","Hologram+1","Hyperbeam+1","Creative AI","Hello World+1","Fusion+1","Parasite","Storm","Writhe","ReplayTheSpireMod:GoodbyeWorld+1","FIFO Queue+1"],"relics":["Velvet Choker","Ring of Panic","Ring of Peace","Replay:Bottled Steam","Pet Ghost","Replay:Rubber Ducky","Onion Ring","StrikeDummy","Astrolabe","Blue Candle","Strawberry","Boot","Nuclear Battery","Kunai","Toy Ornithopter","PreservedInsect","War Paint"],"acts_visited":["Exordium","TheCity","TheBeyond","TheEnding"],"potions_floor_usage":[56],"damage_taken":[{"damage":6.0,"enemies":"Small Slimes","floor":1.0,"turns":4.0},{"damage":1.0,"enemies":"Cultist","floor":3.0,"turns":5.0},{"damage":0.0,"enemies":"Jaw Worm","floor":5.0,"turns":5.0},{"damage":30.0,"enemies":"Gremlin Nob","floor":6.0,"turns":6.0},{"damage":6.0,"enemies":"Hexaghost","floor":16.0,"turns":9.0},{"damage":1.0,"enemies":"3 Byrds","floor":18.0,"turns":5.0},{"damage":0.0,"enemies":"2 Thieves","floor":20.0,"turns":3.0},{"damage":0.0,"enemies":"Snake Plant","floor":24.0,"turns":4.0},{"damage":35.0,"enemies":"Slavers","floor":25.0,"turns":9.0},{"damage":0.0,"enemies":"3 Cultists","floor":27.0,"turns":5.0},{"damage":0.0,"enemies":"Snecko","floor":28.0,"turns":4.0},{"damage":11.0,"enemies":"Sentry and Sphere","floor":29.0,"turns":4.0},{"damage":0.0,"enemies":"Centurion and Healer","floor":31.0,"turns":3.0},{"damage":9.0,"enemies":"Champ","floor":33.0,"turns":10.0},{"damage":0.0,"enemies":"3 Darklings","floor":35.0,"turns":3.0},{"damage":6.0,"enemies":"3 Shapes","floor":36.0,"turns":3.0},{"damage":0.0,"enemies":"Jaw Worm Horde","floor":37.0,"turns":1.0},{"damage":18.0,"enemies":"4 Shapes","floor":38.0,"turns":3.0},{"damage":0.0,"enemies":"Maw","floor":41.0,"turns":9.0},{"damage":0.0,"enemies":"Writhing Mass","floor":46.0,"turns":8.0},{"damage":0.0,"enemies":"Sphere and 2 Shapes","floor":48.0,"turns":4.0},{"damage":13.0,"enemies":"3 Darklings","floor":50.0,"turns":4.0},{"damage":46.0,"enemies":"Time Eater","floor":52.0,"turns":8.0},{"damage":83,"enemies":"Shield and Spear","floor":56,"turns":8},{"damage":7,"enemies":"The Heart","floor":57,"turns":3}],"seed_played":"3239767161189321581","potions_obtained":[{"floor":3.0,"key":"Adrenaline Potion"},{"floor":16.0,"key":"sneckomod:MuddlingPotion"},{"floor":27.0,"key":"DuplicationPotion"},{"floor":28.0,"key":"LiquidBronze"},{"floor":29.0,"key":"SpeedPotion"},{"floor":31.0,"key":"LiquidMemories"},{"floor":35.0,"key":"FearPotion"},{"floor":36.0,"key":"EssenceOfSteel"},{"floor":50.0,"key":"Fruit Juice"}],"is_trial":false,"path_per_floor":["M","?","M","?","M","E","T","?","T","T","?","R","?","$","R","B",null,"M","?","M","?","$","R","M","E","T","M","M","M","T","M","R","B",null,"M","M","M","M","?","R","M","$","PTL","PTL","T","M","?","M","?","M","R","B",null,"R","$","E","B"],"character_chosen":"DEFECT","items_purchased":["ReplayTheSpireMod:Omega Cannon","Kunai","Toy Ornithopter","FIFO Queue+1"],"campfire_rested":1,"item_purchase_floors":[14,42,42,55],"current_hp_per_floor":[69,69,68,68,68,38,38,27,27,27,12,34,34,34,34,28,75,74,72,72,67,67,67,67,39,39,39,39,28,28,28,28,19,79,79,73,73,55,55,55,55,55,55,55,55,55,55,55,75,72,72,31,84,84,84,6,0,0],"gold":116,"neow_bonus":"BOSS_RELIC","is_daily":false,"chose_seed":false,"campfire_upgraded":5,"win_rate":0.0,"timestamp":1612214330,"path_taken":["M","?","?","?","M","E","?","?","T","?","?","R","?","$","R","BOSS","M","?","M","?","?","R","M","E","T","M","M","?","?","M","R","BOSS","M","M","M","M","?","R","M","$","PTL","PTL","T","?","?","M","?","M","R","BOSS","R","$","E","BOSS"],"items_purchased_type":["Card","Relic","Relic","Card"],"build_version":"2020-12-22","purchased_purges":1,"victory":false,"max_hp_per_floor":[75,75,75,75,75,75,75,75,75,75,75,75,75,75,75,75,75,75,72,72,72,72,72,72,79,79,79,79,79,79,79,79,79,79,79,79,79,79,79,79,79,79,79,79,79,79,79,79,79,84,84,84,84,84,84,84,84,84],"card_choices":[{"not_picked":["Go for the Eyes","Barrage"],"picked":"Rebound","floor":1.0},{"not_picked":["Gash","Steam Power"],"picked":"Cold Snap","floor":3.0},{"not_picked":["Stack","BasicCrystalCard"],"picked":"FIFO Queue","floor":5.0},{"not_picked":["ReplayGash","Beam Cell"],"picked":"Fusion","floor":6.0},{"not_picked":["Electrodynamics","Hyperbeam"],"picked":"Echo Form","floor":16.0},{"not_picked":["Recycle","Beam Cell+1"],"picked":"Conserve Battery+1","floor":18.0},{"not_picked":["Hologram","Steam Power+1","Rebound"],"picked":"SKIP","floor":20.0},{"not_picked":["Compile Driver","Barrage"],"picked":"Loop","floor":24.0},{"not_picked":["Conserve Battery","Biased Cognition","Heatsinks"],"picked":"SKIP","floor":25.0},{"not_picked":["Melter+1","ReplaySort"],"picked":"Sweeping Beam+1","floor":27.0},{"not_picked":["Go for the Eyes+1","Gash"],"picked":"Hologram","floor":28.0},{"not_picked":["Auto Shields","Turbo","Heatsinks+1"],"picked":"SKIP","floor":29.0},{"not_picked":["Consume+1","Stack+1"],"picked":"Hyperbeam","floor":31.0},{"not_picked":["Core Surge","Mirror Shield"],"picked":"Creative AI","floor":33.0},{"not_picked":["Gash+1","FTL"],"picked":"Hello World+1","floor":35.0},{"not_picked":["Genetic Algorithm","Beam Cell","Skim+1"],"picked":"SKIP","floor":36.0},{"not_picked":["Rebound+1","Stack+1"],"picked":"Fusion+1","floor":37.0},{"not_picked":["Glacier","Hologram+1"],"picked":"Coolheaded+1","floor":38.0},{"not_picked":["Coolheaded+1","BasicCrystalCard+1","Barrage"],"picked":"SKIP","floor":41.0},{"not_picked":["ReplaySolidLightProjector+1","Steam+1"],"picked":"Storm","floor":46.0},{"not_picked":["Blizzard+1","Barrage","Cold Snap+1"],"picked":"SKIP","floor":48.0},{"not_picked":["Redo+1","Thunder Strike"],"picked":"ReplayTheSpireMod:GoodbyeWorld","floor":50.0},{"not_picked":["Sweeping Beam+1","Beam Cell","Streamline"],"picked":"SKIP","floor":56}],"player_experience":252831,"relics_obtained":[{"floor":4.0,"key":"Ring of Panic"},{"floor":4.0,"key":"Ring of Peace"},{"floor":6.0,"key":"Replay:Bottled Steam"},{"floor":7.0,"key":"Pet Ghost"},{"floor":9.0,"key":"Replay:Rubber Ducky"},{"floor":10.0,"key":"Onion Ring"},{"floor":25.0,"key":"Strawberry"},{"floor":26.0,"key":"Boot"},{"floor":45.0,"key":"PreservedInsect"},{"floor":56,"key":"War Paint"}],"event_choices":[{"damage_healed":0.0,"max_hp_gain":0.0,"max_hp_loss":0.0,"gold_gain":0.0,"event_name":"Match and Keep!","player_choice":"2 cards matched","floor":2.0,"gold_loss":0.0,"damage_taken":0.0,"cards_obtained":["Parasite","Undo"]},{"damage_healed":0.0,"max_hp_gain":0.0,"max_hp_loss":0.0,"gold_gain":0.0,"event_name":"Match and Keep!","player_choice":"2 cards matched","floor":2.0,"gold_loss":0.0,"damage_taken":0.0,"cards_obtained":["Parasite","Undo"]},{"damage_healed":0.0,"max_hp_gain":0.0,"max_hp_loss":0.0,"gold_gain":75.0,"event_name":"World of Goop","player_choice":"Gather Gold","floor":8.0,"gold_loss":0.0,"damage_taken":11.0},{"damage_healed":0.0,"max_hp_gain":0.0,"max_hp_loss":0.0,"gold_gain":0.0,"event_name":"Shining Light","player_choice":"Entered Light","floor":11.0,"gold_loss":0.0,"damage_taken":15.0,"cards_upgraded":["FIFO Queue","Strike_B"]},{"damage_healed":0.0,"max_hp_gain":0.0,"max_hp_loss":0.0,"gold_gain":0.0,"event_name":"WeMeetAgain","player_choice":"Paid Gold","floor":13.0,"gold_loss":69.0,"damage_taken":0.0,"relics_obtained":["StrikeDummy"]},{"cards_removed":["Parasite"],"damage_healed":0.0,"max_hp_gain":0.0,"max_hp_loss":0.0,"gold_gain":0.0,"event_name":"Back to Basics","player_choice":"Elegance","floor":19.0,"gold_loss":0.0,"damage_taken":0.0},{"cards_removed":["Strike_B"],"damage_healed":0.0,"max_hp_gain":0.0,"max_hp_loss":0.0,"gold_gain":0.0,"event_name":"Purifier","player_choice":"Purged","floor":39.0,"gold_loss":0.0,"damage_taken":0.0},{"cards_removed":["Coolheaded"],"damage_healed":0.0,"max_hp_gain":0.0,"max_hp_loss":0.0,"gold_gain":0.0,"event_name":"Falling","player_choice":"Removed Skill","floor":47.0,"gold_loss":0.0,"damage_taken":0.0},{"damage_healed":20.0,"max_hp_gain":0.0,"max_hp_loss":0.0,"gold_gain":0.0,"event_name":"Winding Halls","player_choice":"Writhe","floor":49.0,"gold_loss":0.0,"damage_taken":0.0,"cards_obtained":["Writhe"]}],"is_beta":false,"boss_relics":[{"not_picked":["Replay:Ancient Bell","ReplayTheSpireMod:DimensionalGlitch"],"picked":"Astrolabe"},{"not_picked":["Fusion Hammer","bronze:MakeshiftBattery"],"picked":"Nuclear Battery"}],"items_purged_floors":[14],"is_endless":false,"potions_floor_spawned":[3,16,27,28,29,31,35,36,50],"killed_by":"The Heart","ascension_level":3}}