{"host":"qy1e0kd24tpj3i2m","time":1612207613,"event":{"mods":["Act Like it!","Alarm Clock","BaseMod","Better Skull","Better Vampires","Colored Map","Colored Powertips","Custom Start","Faster Ascension Climbing","Friendly Minions","GifTheSpireLib","Gremlin Skip","Highlight Path","Minty Spire (QoL Compilation)","Permanent Neow","Poor People Problems","Quick Restart","Red Circlet Mod","Relic Filter Mod","Relic Sorter","Reorder Act Four","SacredBarkPlus","Shop Mod","StSLib","SuperFastMode","Transform Curses","没有小屋子和绿帽子啦"],"gold_per_floor":[16,33,33,33,46,46,56,86,139,139,172,188,222,234,234,310,310,323,373,373,373,373,406,406,406,406],"floor_reached":25,"language":"ZHS","playtime":621,"items_purged":[],"score":582,"play_id":"b7a4dde8-8576-4ab9-ad70-67a50c0256a9","local_time":"20210202042653","is_ascension_mode":true,"campfire_choices":[{"data":"Carnage","floor":6.0,"key":"SMITH"},{"data":"Dark Embrace","floor":15.0,"key":"SMITH"},{"data":"Demon Form","floor":24.0,"key":"SMITH"}],"circlet_count":0,"master_deck":["AscendersBane","Strike_R","Strike_R","Strike_R","Strike_R","Defend_R","Defend_R","Defend_R","Evolve","Pommel Strike","Carnage+1","Dark Embrace+1","Fire Breathing","Body Slam","Shrug It Off","Impervious","Entrench","Demon Form+1"],"relics":["Burning Blood","Thread and Needle","White Beast Statue","Potion Belt","CaptainsWheel","Velvet Choker","Orichalcum","Ice Cream"],"acts_visited":["Exordium","TheCity"],"potions_floor_usage":[25],"damage_taken":[{"damage":0.0,"enemies":"Small Slimes","floor":1.0,"turns":5.0},{"damage":2.0,"enemies":"Cultist","floor":2.0,"turns":4.0},{"damage":3.0,"enemies":"Jaw Worm","floor":5.0,"turns":5.0},{"damage":2.0,"enemies":"3 Louse","floor":7.0,"turns":3.0},{"damage":13.0,"enemies":"Gremlin Nob","floor":8.0,"turns":4.0},{"damage":8.0,"enemies":"3 Sentries","floor":11.0,"turns":3.0},{"damage":4.0,"enemies":"2 Fungi Beasts","floor":12.0,"turns":3.0},{"damage":23.0,"enemies":"Lagavulin","floor":13.0,"turns":7.0},{"damage":2.0,"enemies":"Exordium Wildlife","floor":14.0,"turns":6.0},{"damage":0.0,"enemies":"Slime Boss","floor":16.0,"turns":4.0},{"damage":0.0,"enemies":"Spheric Guardian","floor":18.0,"turns":4.0},{"damage":0.0,"enemies":"2 Thieves","floor":20.0,"turns":1.0},{"damage":21.0,"enemies":"Book of Stabbing","floor":23.0,"turns":5.0},{"damage":33,"enemies":"Gremlin Leader","floor":25,"turns":5}],"seed_played":"-5907309956849506613","potions_obtained":[{"floor":1.0,"key":"Block Potion"},{"floor":8.0,"key":"SmokeBomb"},{"floor":11.0,"key":"PowerPotion"},{"floor":12.0,"key":"Regen Potion"},{"floor":13.0,"key":"PowerPotion"},{"floor":14.0,"key":"DistilledChaos"},{"floor":16.0,"key":"BloodPotion"},{"floor":18.0,"key":"DistilledChaos"},{"floor":23.0,"key":"SpeedPotion"}],"is_trial":false,"path_per_floor":["M","M","?","?","M","R","M","E","T","?","E","M","E","M","R","B",null,"M","T","M","?","?","E","R","E"],"character_chosen":"IRONCLAD","items_purchased":[],"campfire_rested":0,"item_purchase_floors":[],"current_hp_per_floor":[74,75,75,68,71,71,75,68,68,68,66,68,51,70,70,75,75,75,75,75,75,75,60,60,42,42],"gold":406,"neow_bonus":"ONE_RARE_RELIC","is_daily":false,"chose_seed":false,"campfire_upgraded":3,"win_rate":0.0,"timestamp":1612207613,"path_taken":["M","M","?","?","M","R","M","E","T","?","E","M","E","M","R","BOSS","M","?","M","?","?","E","R","E"],"items_purchased_type":[],"build_version":"2020-12-22","purchased_purges":0,"victory":false,"max_hp_per_floor":[75,75,75,75,75,75,75,75,75,75,75,75,75,75,75,75,75,75,75,75,75,75,75,75,75,75],"card_choices":[{"not_picked":["Anger","Wild Strike"],"picked":"Evolve","floor":1.0},{"not_picked":["Thunderclap","Clothesline"],"picked":"Pommel Strike","floor":2.0},{"not_picked":["Thunderclap","Wild Strike"],"picked":"Carnage","floor":5.0},{"not_picked":["Twin Strike","Pommel Strike"],"picked":"Dark Embrace","floor":7.0},{"not_picked":["Second Wind","Bloodletting"],"picked":"Fire Breathing","floor":8.0},{"not_picked":["Shockwave","Clothesline","Sword Boomerang"],"picked":"SKIP","floor":11.0},{"not_picked":["Offering","Dark Embrace"],"picked":"Body Slam","floor":12.0},{"not_picked":["Inflame","Headbutt"],"picked":"Shrug It Off","floor":13.0},{"not_picked":["Flex","Infernal Blade","Thunderclap"],"picked":"SKIP","floor":14.0},{"not_picked":["Exhume","Brutality"],"picked":"Impervious","floor":16.0},{"not_picked":["Iron Wave","Sword Boomerang"],"picked":"Entrench","floor":18.0},{"not_picked":["Intimidate","Body Slam"],"picked":"Demon Form","floor":23.0}],"player_experience":970581,"relics_obtained":[{"floor":8.0,"key":"White Beast Statue"},{"floor":11.0,"key":"Potion Belt"},{"floor":13.0,"key":"CaptainsWheel"},{"floor":19.0,"key":"Orichalcum"},{"floor":23.0,"key":"Ice Cream"}],"event_choices":[{"cards_removed":["Bash"],"damage_healed":0.0,"max_hp_gain":0.0,"max_hp_loss":0.0,"gold_gain":0.0,"event_name":"Living Wall","player_choice":"Forget","floor":3.0,"gold_loss":0.0,"damage_taken":0.0},{"cards_removed":["Defend_R"],"damage_healed":0.0,"max_hp_gain":0.0,"max_hp_loss":0.0,"gold_gain":0.0,"event_name":"Golden Wing","player_choice":"Card Removal","floor":4.0,"gold_loss":0.0,"damage_taken":7.0},{"cards_removed":["Strike_R"],"damage_healed":0.0,"max_hp_gain":0.0,"max_hp_loss":0.0,"gold_gain":0.0,"event_name":"Purifier","player_choice":"Purged","floor":10.0,"gold_loss":0.0,"damage_taken":0.0},{"damage_healed":0.0,"max_hp_gain":0.0,"max_hp_loss":0.0,"gold_gain":0.0,"event_name":"Vampires","player_choice":"Ignored","floor":21.0,"gold_loss":0.0,"damage_taken":0.0},{"damage_healed":0.0,"max_hp_gain":0.0,"max_hp_loss":0.0,"gold_gain":0.0,"event_name":"Cursed Tome","player_choice":"Ignored","floor":22.0,"gold_loss":0.0,"damage_taken":0.0}],"is_beta":false,"boss_relics":[{"not_picked":["Philosopher\u0027s Stone","Fusion Hammer"],"picked":"Velvet Choker"}],"items_purged_floors":[],"is_endless":false,"potions_floor_spawned":[1,8,11,12,13,14,16,18,20,23],"killed_by":"Gremlin Leader","ascension_level":20}}