{"host":"54jr43vd79817238","time":1612142453,"event":{"mods":["100% Spire Juice","ATMod(°¢èªMod)","Act Like it!","Arknights","Aspiration","BaseMod","CapriCore","Dota2Spire","Friendly Minions","Gensokyo","Hallownest","Hermit","Jedi Mod","KomeijiMod","Lobotomy","LobotomyExtend","Marisa£¨ìFÓê¡¡Ä§ÀíÉ³£©","Minty Spire (QoL Compilation)","MostiFishMod","Quarter Circle Forward PUNCH!","Reliquary","Replay The Spire","Robot Space Explorer","RumiaBox-Â¶Ã×æ«µÄÉñÃØºÐ×Ó","Slay the StarCraft II Mod","Spicy Shops","StSLib","TestMod","The Blackbeard","The Dragon Tamer","WarShipGirlsR/Õ½½¢ÉÙÅ®R mod","Yakumo Yukari mod","Youmu£¨»êÆÇÑýÃÎ£©","Yuyuko","[IsaacMod]ÒÔÈö¼âËþ","¡¾ÒÅÎï¿¨ÅÆ¡¿REMEMod"],"gold_per_floor":[118,118,130,194,194,233,14,14,40,68,68,79,99,122,122,281,281,299,47,92,96,135,161,195,202,229,229,104,104,136,200,200,360,360,393,105,145,0,38,38,115,115,166,166,219,266,299,299,299,335,335,335,335,28,68,102],"floor_reached":57,"language":"ZHS","playtime":3169,"items_purged":["blackbeard:BlackbeardStrike","blackbeard:BlackbeardStrike","blackbeard:BlackbeardStrike"],"score":1319,"play_id":"52761cc9-d5fd-4214-8ee2-485419c3b04a","local_time":"20210201092053","is_ascension_mode":false,"campfire_choices":[{"floor":8,"key":"RECALL"},{"data":"blackbeard:Rum","floor":11,"key":"SMITH"},{"data":"blackbeard:Rum","floor":27,"key":"SMITH"},{"data":"AT_FamilyPortrait","floor":29,"key":"SMITH"},{"data":"blackbeard:HumongousCannonball","floor":32,"key":"SMITH"},{"data":"EpicFetus","floor":40,"key":"SMITH"},{"data":"blackbeard:GoldenGuillotine","floor":42,"key":"SMITH"},{"data":"blackbeard:Cutlass","floor":44,"key":"SMITH"},{"data":"blackbeard:WeaponMastery","floor":49,"key":"SMITH"},{"data":"blackbeard:PirateStrength","floor":53,"key":"SMITH"}],"circlet_count":0,"master_deck":["blackbeard:BlackbeardStrike","blackbeard:IntimidatingStrike","blackbeard:BlackbeardDefend","blackbeard:BlackbeardDefend","blackbeard:BlackbeardDefend","blackbeard:BlackbeardDefend","blackbeard:Cutlass+1","EpicFetus+1","blackbeard:WeaponProficiency+1","AT_FamilyPortrait+1","blackbeard:TacticalRetreat","blackbeard:Rum+1","blackbeard:PirateEarring+1","blackbeard:RearmingStrike","blackbeard:HumongousCannonball+1","blackbeard:Rum+1","blackbeard:Fencing","blackbeard:PirateEarring","blackbeard:PirateStrength+1","blackbeard:Sword+1","Gensokyo:ImpossibleRequest","blackbeard:WeaponMastery+1","blackbeard:RemoveScurvy+1","blackbeard:Bandana+1","blackbeard:PirateHook","blackbeard:AgileStrike+1","blackbeard:GoldenGuillotine+1","blackbeard:CloakAndCannonball+1","blackbeard:BountyHunter","blackbeard:Anchor+1","blackbeard:CaptainsHat","blackbeard:TacticalRetreat","blackbeard:BeatUp+1","blackbeard:PowderKeg+1"],"relics":["blackbeard:LoadTheCannons","DaveBox","AT_ATBox","testmod-TestBox","REME_ComplimentaryCards","HushsDoor","SalivaCoin","testmod-RealStoneCalender","RhineCircuit","SynthV:TestCard","PillsDrop","Dota2Spire:ShadowBlade","Toy Ornithopter","testmod-IntensifyImprint","Ancient Tea Set","testmod-Antiphasic","RhineSuit","REME_PuzzleBoxRelic","ReplayTheSpireMod:CursedCoin","blackbeard:TreasureChest","Dota2Spire:MaskOfMadness","DeathBook","reliquary:RedCape","testmod-ObsoleteBoomerang","Red Mask","HowToJump","reliquary:FerryPass","AT_BladeRuinedKing","blackbeard:CrossedSwords","Blood Vial"],"acts_visited":["Hallownest:Greenpath","TheCity","TheBeyond","TheEnding"],"potions_floor_usage":[4,4,20,33],"damage_taken":[{"damage":0,"enemies":"Hallownest:2_Baldur","floor":1,"turns":3},{"damage":0,"enemies":"Hallownest:2_Tiktiks_and_1_Crawlid","floor":3,"turns":2},{"damage":16,"enemies":"Hiden Room Battle","floor":4,"turns":4},{"damage":8,"enemies":"Hallownest:eliteMossKnight","floor":6,"turns":5},{"damage":0,"enemies":"Hallownest:eliteVengeflyKing","floor":10,"turns":5},{"damage":0,"enemies":"2_ Uuma","floor":12,"turns":2},{"damage":0,"enemies":"Hallownest:Wandering_and_Horned","floor":13,"turns":1},{"damage":3,"enemies":"Hallownest:Guard_and_Warrior","floor":14,"turns":3},{"damage":29,"enemies":"Hallownest:BossHornet","floor":16,"turns":7},{"damage":0,"enemies":"Spheric Guardian","floor":18,"turns":1},{"damage":5,"enemies":"3 Byrds","floor":20,"turns":3},{"damage":0,"enemies":"Snecko","floor":23,"turns":3},{"damage":0,"enemies":"Chosen and Byrds","floor":24,"turns":4},{"damage":0,"enemies":"Sentry and Sphere","floor":30,"turns":2},{"damage":0,"enemies":"Cultist and Chosen","floor":31,"turns":5},{"damage":14,"enemies":"Collector","floor":33,"turns":3},{"damage":0,"enemies":"Orb Walker","floor":35,"turns":2},{"damage":3,"enemies":"3 Shapes","floor":37,"turns":1},{"damage":0,"enemies":"3 Darklings","floor":39,"turns":2},{"damage":0,"enemies":"Giant Head","floor":41,"turns":3},{"damage":0,"enemies":"Maw","floor":45,"turns":2},{"damage":0,"enemies":"Sphere and 2 Shapes","floor":46,"turns":1},{"damage":0,"enemies":"4 Shapes","floor":47,"turns":1},{"damage":19,"enemies":"Awakened One","floor":50,"turns":5},{"damage":0,"enemies":"Shield and Spear","floor":55,"turns":1},{"damage":6,"enemies":"The Heart","floor":56,"turns":3}],"seed_played":"2064540351363545706","potions_obtained":[{"floor":1,"key":"FearPotion"},{"floor":3,"key":"PowerPotion"},{"floor":4,"key":"Elixir"},{"floor":10,"key":"SpeedPotion"},{"floor":16,"key":"jedi:StrikingPotion"},{"floor":22,"key":"PanachePotion"},{"floor":33,"key":"Fire Potion"}],"is_trial":false,"path_per_floor":["M","T","M","?","?","E","$","R","T","E","R","M","M","M","R","B",null,"M","$","M","$","?","M","M","?","T","R","$","R","M","M","R","B",null,"M","$","M","?","M","R","E","R","T","R","M","M","M","?","R","B",null,null,"R","$","E","B",null],"character_chosen":"BLACKBEARD_CLASS","items_purchased":["testmod-IntensifyImprint","REME_PuzzleBoxRelic","ReplayTheSpireMod:CursedCoin","blackbeard:TreasureChest","testmod-ObsoleteBoomerang","AT_BladeRuinedKing","blackbeard:CrossedSwords"],"campfire_rested":0,"item_purchase_floors":[7,19,21,21,36,54,54],"current_hp_per_floor":[75,75,75,59,59,51,51,51,51,54,54,54,54,51,74,45,78,78,78,73,73,73,73,81,66,66,66,66,66,69,80,80,71,89,89,89,86,86,86,86,89,89,89,89,89,89,89,89,89,75,75,94,94,94,94,94],"gold":102,"neow_bonus":"UPGRADE_CARD","is_daily":false,"chose_seed":false,"campfire_upgraded":9,"win_rate":0.0,"timestamp":1612142453,"path_taken":["M","?","M","?","?","E","?","R","T","E","R","?","?","M","R","BOSS","M","$","M","?","?","M","M","?","T","R","?","R","M","M","R","BOSS","M","$","M","?","?","R","E","R","T","R","M","M","M","?","R","BOSS","R","$","E","BOSS"],"items_purchased_type":["Relic","Relic","Relic","Relic","Relic","Relic","Relic"],"build_version":"2020-12-22","purchased_purges":3,"victory":true,"max_hp_per_floor":[75,75,75,75,75,75,75,75,75,78,78,78,78,78,78,78,78,78,78,78,78,78,78,81,86,86,86,86,86,89,89,89,89,89,89,89,89,89,89,89,89,89,89,89,89,89,89,89,89,94,94,94,94,94,94,94],"card_choices":[{"not_picked":[],"picked":"EpicFetus","floor":0},{"not_picked":["blackbeard:FieryDefense","blackbeard:GoldenDefense"],"picked":"blackbeard:TacticalRetreat","floor":1},{"not_picked":["blackbeard:SwordDance","blackbeard:TacticalRetreat","blackbeard:Intoxication","blackbeard:Sharpening"],"picked":"blackbeard:Rum","floor":3},{"not_picked":["blackbeard:JollyRoger","blackbeard:FieryDefense","blackbeard:WeaponProficiency","blackbeard:Dagger"],"picked":"blackbeard:PirateEarring","floor":4},{"not_picked":["blackbeard:DeadlyArsenal","blackbeard:Intoxication","blackbeard:Shrapnel","blackbeard:Toast"],"picked":"blackbeard:RearmingStrike","floor":6},{"not_picked":["blackbeard:Sharpening","blackbeard:Sword","blackbeard:PirateHook","blackbeard:Fencing"],"picked":"blackbeard:HumongousCannonball","floor":10},{"not_picked":["blackbeard:SwordDance","blackbeard:DangerousBlow","blackbeard:FieryDefense","blackbeard:Eyepatch"],"picked":"blackbeard:Rum","floor":12},{"not_picked":["blackbeard:BlindAttacks","blackbeard:PiratesWill","blackbeard:DoubleCannonball","blackbeard:Toast"],"picked":"blackbeard:Fencing","floor":13},{"not_picked":["blackbeard:CannonBarrage","blackbeard:Sharpening","blackbeard:ChaoticDefense","blackbeard:CannonballSupply"],"picked":"blackbeard:PirateEarring","floor":14},{"not_picked":["blackbeard:Intoxication","blackbeard:PowerHungry","blackbeard:TheDrunkenSailor","blackbeard:HumongousCannonball"],"picked":"blackbeard:PirateStrength","floor":16},{"not_picked":["blackbeard:BeatUp+1","blackbeard:RearmingStrike","blackbeard:WoodenLeg","blackbeard:FishingNets","blackbeard:CloakAndCannonball"],"picked":"SKIP","floor":18},{"not_picked":["blackbeard:TerrorOfTheSeas+1","blackbeard:BuriedTreasure","blackbeard:Spear","blackbeard:FishingNets","blackbeard:BeatUp+1"],"picked":"blackbeard:Sword+1","floor":20},{"not_picked":["blackbeard:Rum","blackbeard:CaptainsCabin","blackbeard:Sword","blackbeard:Sharpening"],"picked":"blackbeard:WeaponMastery","floor":22},{"not_picked":["blackbeard:Anchor","blackbeard:WiseDefense","blackbeard:BlindAttacks+1","blackbeard:Spear"],"picked":"blackbeard:RemoveScurvy+1","floor":22},{"not_picked":["blackbeard:Sword","blackbeard:CloakAndCannonball","blackbeard:GoldenDefense","blackbeard:Toast","blackbeard:PirateEarring"],"picked":"SKIP","floor":23},{"not_picked":["blackbeard:BuriedTreasure+1","blackbeard:CannonballSupply","blackbeard:Scrap","blackbeard:DeadlyArsenal"],"picked":"blackbeard:Bandana+1","floor":24},{"not_picked":["blackbeard:WoodenLeg","blackbeard:FieryDefense","blackbeard:DangerousBlow","blackbeard:PiratesWill"],"picked":"blackbeard:PirateHook","floor":30},{"not_picked":["blackbeard:PiratesWill","blackbeard:Spear+1","blackbeard:BlindAttacks+1","blackbeard:Salvager"],"picked":"blackbeard:AgileStrike+1","floor":31},{"not_picked":["blackbeard:TheDrunkenSailor","blackbeard:Salvager","blackbeard:MegaUpgrade","blackbeard:HumongousCannonball"],"picked":"blackbeard:GoldenGuillotine","floor":33},{"not_picked":["blackbeard:BlindAttacks+1","blackbeard:Sword","blackbeard:VengefulSpirit+1","blackbeard:GoldenDefense+1"],"picked":"blackbeard:CloakAndCannonball+1","floor":35},{"not_picked":["blackbeard:BlindAttacks+1","blackbeard:BrownPants","blackbeard:RearmingStrike","blackbeard:DeadlyArsenal+1"],"picked":"blackbeard:BountyHunter","floor":37},{"not_picked":["blackbeard:JollyRoger+1","blackbeard:BlindAttacks","blackbeard:Spear","blackbeard:DeadlyArsenal"],"picked":"blackbeard:Anchor+1","floor":39},{"not_picked":["blackbeard:Sword","blackbeard:TerrorOfTheSeas+1","blackbeard:GoldenDefense","blackbeard:Dagger"],"picked":"blackbeard:CaptainsHat","floor":41},{"not_picked":["blackbeard:CloakAndCannonball+1","blackbeard:PirateEarring","blackbeard:Dagger","blackbeard:GhostInTheRum+1"],"picked":"blackbeard:TacticalRetreat","floor":45},{"not_picked":["blackbeard:SwordDance+1","blackbeard:FishingNets+1","blackbeard:DeadlyArsenal+1","blackbeard:BrownPants+1"],"picked":"blackbeard:BeatUp+1","floor":46},{"not_picked":["blackbeard:Sharpening+1","blackbeard:DeadlyArsenal+1","blackbeard:DoubleCannonball+1","blackbeard:Rum","blackbeard:WeaponProficiency"],"picked":"SKIP","floor":47},{"not_picked":["blackbeard:BountyHunter","blackbeard:Revenge+1","blackbeard:Fencing+1","blackbeard:TacticalRetreat"],"picked":"blackbeard:PowderKeg+1","floor":55}],"player_experience":272640,"relics_obtained":[{"floor":1,"key":"SynthV:TestCard"},{"floor":4,"key":"PillsDrop"},{"floor":4,"key":"Dota2Spire:ShadowBlade"},{"floor":6,"key":"Toy Ornithopter"},{"floor":9,"key":"Ancient Tea Set"},{"floor":10,"key":"testmod-Antiphasic"},{"floor":22,"key":"Dota2Spire:MaskOfMadness"},{"floor":26,"key":"DeathBook"},{"floor":41,"key":"HowToJump"},{"floor":43,"key":"reliquary:FerryPass"},{"floor":55,"key":"Blood Vial"}],"event_choices":[{"damage_healed":0,"gold_gain":0,"player_choice":"Fight","damage_taken":0,"max_hp_gain":0,"max_hp_loss":0,"event_name":"HidenRoomEvent","floor":4,"gold_loss":0},{"damage_healed":0,"gold_gain":0,"player_choice":"Shed Blood","damage_taken":20,"max_hp_gain":5,"max_hp_loss":0,"event_name":"Forgotten Altar","floor":25,"gold_loss":0},{"damage_healed":0,"gold_gain":0,"player_choice":"Paid","damage_taken":0,"relics_obtained":["Red Mask"],"max_hp_gain":0,"max_hp_loss":0,"event_name":"Tomb of Lord Red Mask","floor":38,"gold_loss":145}],"is_beta":false,"boss_relics":[{"not_picked":["testmod-KeyOfTheVoid","GreenFoldingFan"],"picked":"RhineSuit"},{"not_picked":[]},{"not_picked":["Calling Bell","aspiration:RitualDagger"],"picked":"reliquary:RedCape"},{"not_picked":[]}],"items_purged_floors":[7,19,28],"is_endless":false,"potions_floor_spawned":[1,3,4,10,16,24,33,37,46,47],"ascension_level":0}}