{"host":"c2vrdknshfutmcsq","time":1612211744,"event":{"mods":["BaseMod","Minty Spire (QoL Compilation)"],"gold_per_floor":[112,112,187,207,226,255,255,272,272,304,324,324,49,69,69,142,142,158,108,128,146,165,200,212,240,252,282,328,340,370,382,394,482,494,516,542,534,559,588,600,600],"floor_reached":40,"language":"ENG","playtime":14372,"items_purged":["Strike_B"],"score":866,"play_id":"e97ac5e3-069c-416a-9a74-9849e303f275","local_time":"20210201213544","is_ascension_mode":true,"campfire_choices":[{"data":"Sunder","floor":7.0,"key":"SMITH"},{"floor":12.0,"key":"REST"},{"data":"Zap","floor":15.0,"key":"SMITH"},{"floor":24.0,"key":"REST"},{"floor":29.0,"key":"REST"},{"floor":32.0,"key":"REST"}],"circlet_count":0,"master_deck":["AscendersBane","Strike_B","Strike_B","Strike_B","Defend_B","Defend_B","Defend_B","Defend_B","Zap+1","Dualcast+1","Go for the Eyes","Sunder+1","Genetic Algorithm","BootSequence","Sweeping Beam","Ball Lightning","Capacitor","Rebound","Electrodynamics","Fission","Beam Cell","Ball Lightning","Barrage","Reboot","Stack+1","Go for the Eyes+1","Leap"],"relics":["Cracked Core","Vajra","Blood Vial","Eternal Feather","Bronze Scales","Busted Crown","Pear","MawBank","Mercury Hourglass","Bag of Preparation","SlaversCollar"],"acts_visited":["Exordium","TheCity","TheBeyond"],"potions_floor_usage":[40],"damage_taken":[{"damage":12.0,"enemies":"Jaw Worm","floor":1.0,"turns":3.0},{"damage":4.0,"enemies":"Small Slimes","floor":4.0,"turns":3.0},{"damage":1.0,"enemies":"Cultist","floor":5.0,"turns":3.0},{"damage":20.0,"enemies":"Lagavulin","floor":6.0,"turns":7.0},{"damage":4.0,"enemies":"Blue Slaver","floor":8.0,"turns":4.0},{"damage":19.0,"enemies":"Gremlin Nob","floor":10.0,"turns":4.0},{"damage":0.0,"enemies":"Gremlin Gang","floor":11.0,"turns":4.0},{"damage":0.0,"enemies":"Large Slime","floor":14.0,"turns":4.0},{"damage":27.0,"enemies":"Hexaghost","floor":16.0,"turns":8.0},{"damage":0.0,"enemies":"3 Byrds","floor":18.0,"turns":2.0},{"damage":13.0,"enemies":"2 Thieves","floor":20.0,"turns":3.0},{"damage":17.0,"enemies":"Snake Plant","floor":21.0,"turns":3.0},{"damage":0.0,"enemies":"Chosen and Byrds","floor":22.0,"turns":3.0},{"damage":52.0,"enemies":"Book of Stabbing","floor":23.0,"turns":5.0},{"damage":14.0,"enemies":"Shelled Parasite and Fungi","floor":25.0,"turns":3.0},{"damage":1.0,"enemies":"Sentry and Sphere","floor":27.0,"turns":3.0},{"damage":29.0,"enemies":"Slavers","floor":28.0,"turns":4.0},{"damage":3.0,"enemies":"Snake Plant","floor":30.0,"turns":3.0},{"damage":73.0,"enemies":"Collector","floor":33.0,"turns":9.0},{"damage":0.0,"enemies":"Orb Walker","floor":35.0,"turns":2.0},{"damage":4.0,"enemies":"3 Shapes","floor":36.0,"turns":4.0},{"damage":16.0,"enemies":"Jaw Worm Horde","floor":38.0,"turns":3.0},{"damage":53.0,"enemies":"Transient","floor":39.0,"turns":6.0},{"damage":0,"enemies":"Nemesis","floor":40,"turns":4}],"seed_played":"-3788210860610952344","potions_obtained":[{"floor":4.0,"key":"EntropicBrew"},{"floor":5.0,"key":"Strength Potion"},{"floor":11.0,"key":"LiquidMemories"},{"floor":21.0,"key":"Explosive Potion"},{"floor":23.0,"key":"EntropicBrew"},{"floor":30.0,"key":"Energy Potion"},{"floor":36.0,"key":"ColorlessPotion"},{"floor":37.0,"key":"Regen Potion"}],"is_trial":false,"path_per_floor":["M","?","?","M","M","E","R","M","T","E","M","R","$","M","R","B",null,"M","?","M","M","M","E","R","M","T","M","E","R","M","$","R","B",null,"M","M","?","M","M","E"],"character_chosen":"DEFECT","items_purchased":["Bronze Scales","Rebound"],"campfire_rested":4,"item_purchase_floors":[13,13],"current_hp_per_floor":[59,59,48,44,43,23,23,19,19,2,4,36,36,38,47,22,64,66,76,65,50,52,2,40,28,28,29,2,40,39,39,77,6,68,70,68,68,54,3,14,14],"gold":600,"neow_bonus":"TEN_PERCENT_HP_BONUS","is_daily":false,"chose_seed":false,"campfire_upgraded":2,"win_rate":0.0,"timestamp":1612211744,"path_taken":["M","?","?","M","M","E","R","M","T","E","M","R","$","M","R","BOSS","M","?","M","M","M","E","R","M","T","M","E","R","?","$","R","BOSS","M","M","?","M","M","E"],"items_purchased_type":["Relic","Card"],"build_version":"2020-12-22","purchased_purges":1,"victory":false,"max_hp_per_floor":[78,78,78,78,78,78,78,78,78,78,78,78,78,78,78,78,78,78,88,88,88,88,88,88,88,88,88,88,88,88,88,88,88,88,88,88,88,88,88,88,88],"card_choices":[{"not_picked":["Turbo","Cold Snap"],"picked":"Go for the Eyes","floor":1.0},{"not_picked":["Chill","Turbo"],"picked":"Sunder","floor":4.0},{"not_picked":["Heatsinks","Self Repair"],"picked":"Genetic Algorithm","floor":5.0},{"not_picked":["Coolheaded","Go for the Eyes"],"picked":"BootSequence","floor":6.0},{"not_picked":["Thunder Strike","Fusion"],"picked":"Sweeping Beam","floor":8.0},{"not_picked":["Sweeping Beam","Consume"],"picked":"Ball Lightning","floor":10.0},{"not_picked":["Coolheaded","Reprogram"],"picked":"Capacitor","floor":11.0},{"not_picked":["Conserve Battery","Turbo"],"picked":"Electrodynamics","floor":14.0},{"not_picked":["Biased Cognition","Creative AI"],"picked":"Fission","floor":16.0},{"not_picked":["Skim"],"picked":"SKIP","floor":18.0},{"not_picked":[],"picked":"Beam Cell","floor":20.0},{"not_picked":[],"picked":"Ball Lightning","floor":21.0},{"not_picked":["Gash"],"picked":"SKIP","floor":22.0},{"not_picked":[],"picked":"Barrage","floor":23.0},{"not_picked":["Double Energy"],"picked":"SKIP","floor":25.0},{"not_picked":["Scrape"],"picked":"SKIP","floor":27.0},{"not_picked":["Rebound"],"picked":"SKIP","floor":28.0},{"not_picked":["Compile Driver"],"picked":"SKIP","floor":30.0},{"not_picked":[],"picked":"Reboot","floor":33.0},{"not_picked":[],"picked":"Stack+1","floor":35.0},{"not_picked":["Force Field"],"picked":"SKIP","floor":36.0},{"not_picked":[],"picked":"Go for the Eyes+1","floor":38.0},{"not_picked":[],"picked":"Leap","floor":39.0}],"player_experience":1317623,"relics_obtained":[{"floor":6.0,"key":"Vajra"},{"floor":9.0,"key":"Blood Vial"},{"floor":10.0,"key":"Eternal Feather"},{"floor":23.0,"key":"MawBank"},{"floor":26.0,"key":"Mercury Hourglass"},{"floor":28.0,"key":"Bag of Preparation"}],"event_choices":[{"damage_healed":0.0,"max_hp_gain":0.0,"max_hp_loss":0.0,"gold_gain":0.0,"event_name":"Living Wall","player_choice":"Grow","floor":2.0,"gold_loss":0.0,"damage_taken":0.0,"cards_upgraded":["Dualcast"]},{"damage_healed":0.0,"max_hp_gain":0.0,"max_hp_loss":0.0,"gold_gain":75.0,"event_name":"World of Goop","player_choice":"Gather Gold","floor":3.0,"gold_loss":0.0,"damage_taken":11.0},{"damage_healed":0.0,"max_hp_gain":0.0,"max_hp_loss":0.0,"gold_gain":0.0,"event_name":"WeMeetAgain","player_choice":"Paid Gold","floor":19.0,"gold_loss":50.0,"damage_taken":0.0,"relics_obtained":["Pear"]},{"damage_healed":0.0,"max_hp_gain":0.0,"max_hp_loss":0.0,"gold_gain":0.0,"event_name":"The Woman in Blue","player_choice":"Bought 1 Potion","floor":37.0,"gold_loss":0.0,"damage_taken":0.0}],"is_beta":false,"boss_relics":[{"not_picked":["Pandora\u0027s Box","Runic Dome"],"picked":"Busted Crown"},{"not_picked":["Tiny House","Astrolabe"],"picked":"SlaversCollar"}],"items_purged_floors":[13],"is_endless":false,"potions_floor_spawned":[4,5,11,14,16,21,23,30,36],"killed_by":"Nemesis","ascension_level":19}}