{"host":"54jr43vd79817238","time":1612147886,"event":{"mods":["100% Spire Juice","ATMod(阿瑾Mod)","Act Like it!","Arknights","Aspiration","BaseMod","CapriCore","Dota2Spire","Friendly Minions","Gensokyo","Hallownest","Hermit","Jedi Mod","KomeijiMod","Lobotomy","LobotomyExtend","Marisa（F雨　魔理沙）","Minty Spire (QoL Compilation)","MostiFishMod","Quarter Circle Forward PUNCH!","Reliquary","Replay The Spire","Robot Space Explorer","RumiaBox-露米娅的神秘盒子","Slay the StarCraft II Mod","Spicy Shops","StSLib","TestMod","The Blackbeard","The Dragon Tamer","WarShipGirlsR/战舰少女R mod","Yakumo Yukari mod","Youmu（魂魄妖梦）","Yuyuko","[IsaacMod]以撒尖塔","【遗物卡牌】REMEMod"],"gold_per_floor":[154,154,172,172,182,182,182,222,222,103,130,171,204,204,204,316,316,344,360,360,360,370,370,370,414,414,460,460,208,232,232,232,369,369,395,395,202,202,202,276,299,346,384,45,45,52,52,63,63,70,70,70,70,70,132,153],"floor_reached":57,"language":"ZHS","playtime":3141,"items_purged":["Defend_Komeiji"],"score":1688,"play_id":"e4fa6660-77e2-4647-a427-993a23d04f73","local_time":"20210201105126","is_ascension_mode":false,"campfire_choices":[{"floor":6,"key":"RECALL"},{"data":"AT_ShrugMaster","floor":7,"key":"SMITH"},{"data":"LittleLegion","floor":15,"key":"SMITH"},{"data":"HelanNingyou","floor":24,"key":"SMITH"},{"data":"GasuOrimono","floor":28,"key":"SMITH"},{"data":"HenyouMirume","floor":32,"key":"SMITH"},{"data":"KokorosuKi+1","floor":45,"key":"SWEEP"},{"data":"ShanghaiNingyou","floor":47,"key":"SMITH"},{"data":"Dash_Komeiji","floor":49,"key":"SMITH"},{"data":"SelfTokamak","floor":53,"key":"SMITH"}],"circlet_count":0,"master_deck":["Strike_Komeiji","Strike_Komeiji","Strike_Komeiji","Defend_Komeiji","Defend_Komeiji","Defend_Komeiji","Dash_Komeiji+1","HellFireSword","AT_ShrugMaster+1","InscribeRedSoul","SeekerWire+1","LittleLegion+1","SelfTokamak+1","NingyouSousou+1","SuitokuNoKyoryu","HelanNingyou+1","VampireKiss","RoshinSou+1","GasuOrimono+1","HenyouMirume+1","JigokuNoTaiyou","FreezeTouchMe+1","TenguNoTaiko+1","ShanghaiNingyou+1","KokorosuKi+1"],"relics":["KomeijisEye","SpellCardsRule","MusicBox","DaveBox","AT_ATBox","testmod-TestBox","REME_ComplimentaryCards","HushsDoor","SalivaCoin","testmod-CrystalShield","SynthV","CrystalOfMemory","SynthV:TestCard","reliquary:NewFriend","Dota2Spire:BattleFury","JellyFishMachine","AT_ForceNature","testmod-ArcanaOfDestiny","Grimoire","m_SerpentRing","Replay:Wax Seal","D6","MawBank","Boot","reliquary:Boomerang","aspiration:Lifesprig","BargainBundle","Ninja Scroll","reliquary:PrincelyHelmet"],"acts_visited":["Gensokyo:Gensokyo","Hallownest:CityofTears","Gensokyo:Gensokyoest","TheEnding"],"potions_floor_usage":[3,16,50,56],"damage_taken":[{"damage":2,"enemies":"Gensokyo:Cirno","floor":0,"turns":5},{"damage":0,"enemies":"Gensokyo:3_Fairies","floor":1,"turns":3},{"damage":5,"enemies":"Gensokyo:2_Kodama","floor":3,"turns":6},{"damage":0,"enemies":"Gensokyo:Gryphon","floor":5,"turns":4},{"damage":9,"enemies":"Gensokyo:3_Kodama","floor":8,"turns":2},{"damage":0,"enemies":"Gensokyo:VengefulSpirit","floor":11,"turns":4},{"damage":9,"enemies":"Gensokyo:2_Rabbits","floor":12,"turns":5},{"damage":0,"enemies":"Gensokyo:Mamizou","floor":13,"turns":10},{"damage":0,"enemies":"Gensokyo:Kokoro","floor":16,"turns":15},{"damage":4,"enemies":"Hallownest:2_Mistakes","floor":18,"turns":3},{"damage":0,"enemies":"Hallownest:3_Youths","floor":19,"turns":6},{"damage":0,"enemies":"Hallownest:monsterMisterMushroom","floor":22,"turns":6},{"damage":0,"enemies":"Hallownest:Nosk","floor":23,"turns":1},{"damage":7,"enemies":"Hallownest:2_Flukemon","floor":25,"turns":9},{"damage":2,"enemies":"Hallownest:Master_and_Novice","floor":30,"turns":2},{"damage":25,"enemies":"Hallownest:BossMantisLord","floor":33,"turns":5},{"damage":10,"enemies":"Gensokyo:3_Bats","floor":35,"turns":4},{"damage":5,"enemies":"Gensokyo:Marisa","floor":40,"turns":4},{"damage":0,"enemies":"Gensokyo:3_Boulders","floor":41,"turns":2},{"damage":0,"enemies":"Gensokyo:Doremy","floor":42,"turns":4},{"damage":0,"enemies":"Gensokyo:Dusk_and_Dawn","floor":48,"turns":2},{"damage":0,"enemies":"Gensokyo:Scarlet_Devils","floor":50,"turns":8},{"damage":11,"enemies":"Shield and Spear","floor":55,"turns":3},{"damage":2,"enemies":"The Heart","floor":56,"turns":8}],"seed_played":"-1938926966842496412","potions_obtained":[{"floor":3,"key":"REME_GoldPotion"},{"floor":5,"key":"jedi:wingpotion"},{"floor":11,"key":"Energy Potion"},{"floor":13,"key":"CalmPotion"},{"floor":18,"key":"FearPotion"},{"floor":27,"key":"Doom Potion"},{"floor":27,"key":"jedi:hoardpotion"}],"is_trial":false,"path_per_floor":["M","?","M","COS","M","R","R","M","T","$","M","M","E","?","R","B",null,"M","M","?","?","M","E","R","M","T","?","R","$","M","?","R","B",null,"M","?","$","?","T","E","M","E","T","$","R","?","R","M","R","B",null,null,"R","$","E","B",null],"character_chosen":"KomeijiSatori","items_purchased":["reliquary:NewFriend","testmod-ArcanaOfDestiny","Replay:Wax Seal","D6","BargainBundle","SkillPotion","Ninja Scroll"],"campfire_rested":0,"item_purchase_floors":[10,29,37,37,44,44,44],"current_hp_per_floor":[48,50,50,50,50,50,50,41,41,41,41,32,40,50,50,50,50,46,50,50,50,50,50,50,49,49,49,49,49,47,47,47,48,50,50,50,50,50,50,45,45,47,47,47,50,43,43,43,43,43,43,50,50,50,39,37],"gold":153,"neow_bonus":"RANDOM_EVENT","is_daily":false,"chose_seed":false,"campfire_upgraded":8,"win_rate":0.0,"timestamp":1612147886,"path_taken":["M","?","M","COS","?","R","R","M","T","?","?","M","E","?","R","BOSS","M","M","?","?","M","E","R","M","T","?","R","$","?","?","R","BOSS","M","?","$","?","?","E","?","E","T","$","R","?","R","?","R","BOSS","R","$","E","BOSS"],"items_purchased_type":["Relic","Relic","Relic","Relic","Relic","Potion","Relic"],"build_version":"2020-12-22","purchased_purges":1,"victory":true,"max_hp_per_floor":[50,50,50,50,50,50,50,50,50,50,50,50,50,50,50,50,50,50,50,50,50,50,50,50,50,50,50,50,50,50,50,50,50,50,50,50,50,50,50,50,50,50,50,50,50,50,50,50,50,50,50,50,50,50,50,50],"card_choices":[{"not_picked":[],"picked":"ChaosCard","floor":0},{"not_picked":["KinbakuJin+1","HisouNoKen"],"picked":"InscribeRedSoul","floor":0},{"not_picked":["NarrowSpark","MusuNoYume","SeishiRoten+1"],"picked":"SeekerWire+1","floor":1},{"not_picked":["SeekerDolls","JyouchiJin+1","NingyouSP+1","DemonLordCradle","RoshinSou+1"],"picked":"LittleLegion","floor":3},{"not_picked":["DemonLordCradle","YoukiSo+1","Agarareta+1","YuumeiNoKurin","Sabishigari+1"],"picked":"SelfTokamak","floor":5},{"not_picked":["Agarareta+1","KeiseiJin+1","DochyakuKami+1","DemonLordCradle","LunaDial"],"picked":"NingyouSousou+1","floor":8},{"not_picked":["Melting","ShyakuBuku","NarrowSpark","NingyouSousou+1","FreezeTouchMe"],"picked":"SuitokuNoKyoryu","floor":11},{"not_picked":["SeishiRoten+1","DemonLordCradle","NingyouKisou+1","TerribleSouvenir","NingyouSousou+1","HagoromoMizu"],"picked":"SKIP","floor":12},{"not_picked":["AbyssNova","LittleLegion","GroundStardust+1","NingyouSP+1","NingyouSousou+1","RikonNoKama+1"],"picked":"SKIP","floor":13},{"not_picked":["JigokuNoTaiyou","TerribleSouvenir","ShanghaiNingyou","AbyssNova","MusouMyousyu"],"picked":"HelanNingyou","floor":16},{"not_picked":["Mishyaguji+1","KeiseiJin+1","RikonNoKama+1","Agarareta+1","NingyouKisou+1"],"picked":"VampireKiss","floor":18},{"not_picked":["NingyouKisou+1","NingyouFukuhei+1","NingyouKasou+1","NingyouChiyari+1","MusuNoYume","HisouNoKen+1"],"picked":"SKIP","floor":19},{"not_picked":["InscribeRedSoul","IceTornado","DemonsDinnerFork+1","SeishiRoten+1","Agarareta+1","ArtfulChanter"],"picked":"SKIP","floor":22},{"not_picked":["MakuraSeki","Melting","HagoromoMizu","NingyouSousou+1","KinbakuJin+1"],"picked":"RoshinSou+1","floor":25},{"not_picked":["NingyouSP+1","NingyouShinki+1","DemonLordCradle","RikonNoKama+1","KinbakuJin+1"],"picked":"GasuOrimono","floor":27},{"not_picked":["EnMu+1","OoedoNingyou+1","SeekerDolls","DemonLordCradle","IceTornado"],"picked":"HenyouMirume","floor":30},{"not_picked":["TerribleSouvenir","YuumeiNoKurin","WumiGaWareru","TerribleSouvenir","HelanNingyou"],"picked":"JigokuNoTaiyou","floor":33},{"not_picked":["NingyouFukuhei+1","RikonNoKama+1","Mishyaguji+1","NingyouSP+1","ShyakuBuku+1"],"picked":"SeishiRoten+1","floor":35},{"not_picked":["Mishyaguji+1","RoshinSou+1","NingyouKasou+1","DemonLordCradle+1","Hidden Blade+1"],"picked":"FreezeTouchMe+1","floor":40},{"not_picked":["OoedoNingyou+1","HagoromoMizu","Cloak And Dagger+1","Melting","SeekerDolls"],"picked":"TenguNoTaiko+1","floor":41},{"not_picked":["NingyouMusou+1","NingyouSP+1","SenyouGoraku+1","Finisher+1","KoKei+1"],"picked":"ShanghaiNingyou","floor":42},{"not_picked":["SeekerWire+1","Mishyaguji+1","GroundStardust+1","HenyouMirume","FreezeTouchMe+1","Hidden Blade"],"picked":"SKIP","floor":48},{"not_picked":["NingyouSousou+1","KokorosuKi+1","NingyouYunhei+1","Melting+1","MissingPower","NingyouSP+1"],"picked":"SKIP","floor":55}],"player_experience":277924,"relics_obtained":[{"floor":0,"key":"CrystalOfMemory"},{"floor":1,"key":"SynthV:TestCard"},{"floor":13,"key":"Dota2Spire:BattleFury"},{"floor":26,"key":"AT_ForceNature"},{"floor":39,"key":"MawBank"},{"floor":40,"key":"Boot"},{"floor":42,"key":"reliquary:Boomerang"},{"floor":43,"key":"aspiration:Lifesprig"},{"floor":55,"key":"reliquary:PrincelyHelmet"}],"event_choices":[{"damage_healed":0,"gold_gain":0,"player_choice":"Swap Relic","damage_taken":0,"relics_obtained":["aspiration:Nostalgia"],"max_hp_gain":0,"max_hp_loss":0,"event_name":"给自己的盒子","floor":36,"relics_lost":["aspiration:Nostalgia"],"gold_loss":0}],"is_beta":false,"boss_relics":[{"not_picked":["Painkiller Herb","Abe\u0027s Treasure"],"picked":"JellyFishMachine"},{"not_picked":[]},{"not_picked":["ExusiaiGun","Honey Jar"],"picked":"Grimoire"},{"not_picked":[]}],"items_purged_floors":[44],"is_endless":false,"potions_floor_spawned":[3,5,11,13,18,23,35,40,48],"ascension_level":0}}