{"host":"1ekl8hlbnopmdapi","time":1612205520,"event":{"mods":["AchievementEnabler","BaseMod","Colored Map","Colored Powertips","DeckTracker","Googly Eyes","Highlight Path","Minty Spire (QoL Compilation)","Relic Sorter","StSLib","Synergy Search"],"gold_per_floor":[118,137,137,152,104,132,132,152,175,175,208,208,224,106,106,209,209,225,225,254,100,25,25],"floor_reached":22,"language":"ENG","playtime":613,"items_purged":[],"score":290,"play_id":"e4555c44-c0b3-402c-a94c-7ffa60cf61ac","local_time":"20210201135200","is_ascension_mode":true,"campfire_choices":[{"floor":7,"key":"REST"},{"floor":10,"key":"RECALL"},{"floor":12,"key":"REST"},{"data":"TalkToTheHand","floor":15,"key":"SMITH"}],"circlet_count":0,"master_deck":["Strike_P","Strike_P","Defend_P+1","Defend_P","Defend_P+1","Eruption","Vigilance","BowlingBash","CutThroughFate","FollowUp","WindmillStrike","CrushJoints","TalkToTheHand+1","BattleHymn","CutThroughFate","Brilliance","FearNoEvil","Conclude+1"],"relics":["Empty Cage","Omamori","Tiny Chest","PreservedInsect","VioletLotus","War Paint","Red Mask","Membership Card"],"acts_visited":["TheCity"],"potions_floor_usage":[11,16,20],"damage_taken":[{"damage":14,"enemies":"Small Slimes","floor":1,"turns":3},{"damage":2,"enemies":"Cultist","floor":2,"turns":4},{"damage":0,"enemies":"2 Louse","floor":4,"turns":2},{"damage":19,"enemies":"3 Sentries","floor":6,"turns":8},{"damage":8,"enemies":"Looter","floor":8,"turns":4},{"damage":10,"enemies":"Gremlin Nob","floor":11,"turns":3},{"damage":9,"enemies":"Exordium Wildlife","floor":13,"turns":3},{"damage":0,"enemies":"Slime Boss","floor":16,"turns":5},{"damage":30,"enemies":"Shell Parasite","floor":18,"turns":6},{"damage":23,"enemies":"Masked Bandits","floor":20,"turns":3},{"damage":22,"enemies":"2 Thieves","floor":22,"turns":3}],"seed_played":"2193586191080834484","potions_obtained":[{"floor":6,"key":"SneckoOil"},{"floor":11,"key":"DistilledChaos"},{"floor":13,"key":"Energy Potion"},{"floor":20,"key":"Ancient Potion"}],"is_trial":false,"path_per_floor":["M","M","?","M","?","E","R","M","T","R","E","R","M","$","R","B",null,"M","?","?","$","M"],"character_chosen":"WATCHER","items_purchased":["BattleHymn","CutThroughFate","Membership Card"],"campfire_rested":2,"item_purchase_floors":[14,14,21],"current_hp_per_floor":[58,56,56,56,56,37,58,50,50,50,40,61,52,52,52,52,72,42,42,19,19,0,0],"gold":25,"neow_bonus":"BOSS_RELIC","is_daily":false,"chose_seed":false,"campfire_upgraded":1,"win_rate":0.0,"timestamp":1612205520,"path_taken":["M","M","?","?","?","E","R","M","T","R","E","R","M","$","R","BOSS","M","?","?","$","M"],"items_purchased_type":["Card","Card","Relic"],"build_version":"2020-12-22","purchased_purges":0,"victory":false,"max_hp_per_floor":[72,72,72,72,72,72,72,72,72,72,72,72,72,72,72,72,72,72,72,72,72,72,72],"card_choices":[{"not_picked":["Halt","Prostrate"],"picked":"BowlingBash","floor":1},{"not_picked":["Adaptation","Halt","Tantrum"],"picked":"SKIP","floor":2},{"not_picked":["WindmillStrike","Crescendo"],"picked":"FollowUp","floor":4},{"not_picked":["SashWhip","Prostrate"],"picked":"WindmillStrike","floor":6},{"not_picked":["Crescendo","Halt"],"picked":"CrushJoints","floor":8},{"not_picked":["Swivel","Sanctity"],"picked":"TalkToTheHand","floor":11},{"not_picked":["EmptyFist","Worship","SpiritShield"],"picked":"SKIP","floor":13},{"not_picked":["Scrawl","Omniscience"],"picked":"Brilliance","floor":16},{"not_picked":["CutThroughFate","Prostrate"],"picked":"FearNoEvil","floor":18},{"not_picked":["FlurryOfBlows","CutThroughFate"],"picked":"Conclude+1","floor":20}],"player_experience":515492,"relics_obtained":[{"floor":6,"key":"Omamori"},{"floor":9,"key":"Tiny Chest"},{"floor":11,"key":"PreservedInsect"},{"floor":20,"key":"Red Mask"}],"event_choices":[{"damage_healed":0,"gold_gain":0,"cards_transformed":["Strike_P"],"player_choice":"Transformed","damage_taken":0,"max_hp_gain":0,"max_hp_loss":0,"event_name":"Transmorgrifier","floor":3,"gold_loss":0,"cards_obtained":["CutThroughFate"]},{"damage_healed":0,"gold_gain":0,"player_choice":"Left Gold","damage_taken":0,"max_hp_gain":0,"max_hp_loss":0,"event_name":"World of Goop","floor":5,"gold_loss":48},{"damage_healed":0,"gold_gain":0,"player_choice":"Opened","damage_taken":0,"relics_obtained":["War Paint"],"max_hp_gain":0,"max_hp_loss":0,"event_name":"The Mausoleum","floor":19,"gold_loss":0},{"damage_healed":0,"gold_gain":0,"player_choice":"Fought Bandits","damage_taken":0,"max_hp_gain":0,"max_hp_loss":0,"event_name":"Masked Bandits","floor":20,"gold_loss":0}],"is_beta":false,"boss_relics":[{"not_picked":["Pandora\u0027s Box","Coffee Dripper"],"picked":"VioletLotus"}],"items_purged_floors":[],"is_endless":false,"potions_floor_spawned":[6,11,13,20],"killed_by":"2 Thieves","ascension_level":4}}