{"host":"o3b7ow6d1xe49css","time":1612163692,"event":{"mods":["Act Like it!","Aspiration","BaseMod","Bestiary","Better Altar","Better Match","Better Note","Better Sensory Stone","Better Skull","Better Third Choice","Colored Powertips","Conspire","Energized Spire","Force Act Four","GifTheSpireLib","Halation","Hermit","Hubris","Infinite Spire","Lobotomy","Minty Spire (QoL Compilation)","Quick Restart","Rare Cards Sparkle","Relic Filter Mod","Reliquary","Replay The Spire","Spicy Shops","Spikes Relics","Spire Arcade","StSLib","Stuff the Spire","The Blue Laboratory","Wandering Minibosses"],"gold_per_floor":[114,125,141,159,179,205,205,236,236,236,264,292,292,305,305,406,406,417,417,222,222,222,256,286,310,377,424,436,474,514,526,538,652,664,691,703,727,689,407,407,407,434,487,487,520,520,520,200,200,200,200,94,125,220],"floor_reached":55,"language":"ENG","playtime":2459,"items_purged":["Strike_G","Scorched","Strike_G","Strike_G"],"score":1900,"play_id":"f76e2f13-37d9-4d34-b243-0eb3e1b533dd","local_time":"20210131221452","daily_mods":["Heirloom","Flight"],"is_ascension_mode":true,"campfire_choices":[{"data":"Neutralize","floor":7,"key":"SMITH"},{"data":"Dagger Spray","floor":10,"key":"SMITH"},{"data":"Die Die Die","floor":15,"key":"SMITH"},{"floor":28,"key":"REST"},{"data":"Blade Dance","floor":32,"key":"SMITH"},{"data":"Bullet Time","floor":40,"key":"SMITH"},{"floor":41,"key":"RECALL"},{"data":"Well Laid Plans","floor":44,"key":"SMITH"},{"data":"Acrobatics","floor":46,"key":"SMITH"},{"data":"Accuracy","floor":49,"key":"SMITH"},{"data":"Defend_G","floor":51,"key":"SMITH"}],"circlet_count":0,"master_deck":["Strike_G+1","Strike_G+1","Defend_G","Defend_G","Defend_G","Defend_G","Defend_G+1","Survivor","Neutralize+1","OldLady","UniverseFragment","GreedKing","Die Die Die+1","Dagger Spray+1","Acrobatics+1","Prepared+1","OSAHOGD","Dagger Throw","Blade Dance+1","Backflip","Blade Dance+1","Bullet Time+1","Acrobatics","Well Laid Plans+1","Accuracy+1","Accuracy"],"relics":["Ring of the Snake","Ring of Chaos","StoneCalendar","CogitoBucket","Anchor","Replay:Bottled Flurry","Pen Nib","aspiration:TomeofQuesting","StuffTheSpire:PointBlank","halation:Yufonium","Oddly Smooth Stone","WristBlade","ReplayTheSpireMod:EnergyBall","hubris:PeanutButter","MawBank","LuminousBracelet","conspire:BottledYoYo","infinitespire:Lucky Rock","reliquary:Aerogel","Replay:Grab Bag","reliquary:Ember","energizedSpire:NeverEndingSparkler","StuffTheSpire:Kangaroo","ResearcherNote","ReplayTheSpireMod:Ring of Collecting","ReplayTheSpireMod:Ring of Challenge","Vajra","Whetstone","Replay:Wax Seal","Byrd Skull","reliquary:OuijaBoard","Medical Kit","Lizard Tail"],"acts_visited":["Exordium","TheCity","TheBeyond","TheEnding"],"potions_floor_usage":[6,8,11,12,16,23,25,29,35,50,54],"damage_taken":[{"damage":4.0,"enemies":"2 Louse","floor":1.0,"turns":4.0},{"damage":0,"enemies":"infinitespire:Voidling","floor":2,"turns":6},{"damage":0,"enemies":"Small Slimes","floor":3,"turns":3},{"damage":0,"enemies":"Looter","floor":4,"turns":2},{"damage":0,"enemies":"2 Fungi Beasts","floor":5,"turns":1},{"damage":0,"enemies":"3 Sentries","floor":6,"turns":3},{"damage":1,"enemies":"Replay:BlueRogue","floor":8,"turns":6},{"damage":14,"enemies":"Gremlin Nob","floor":11,"turns":4},{"damage":1,"enemies":"Replay:BlueRogue","floor":12,"turns":4},{"damage":0,"enemies":"Exordium Wildlife","floor":14,"turns":1},{"damage":12,"enemies":"The Guardian","floor":16,"turns":8},{"damage":1,"enemies":"Spheric Guardian","floor":18,"turns":5},{"damage":20,"enemies":"conspire:SneckoGhost","floor":23,"turns":9},{"damage":8,"enemies":"Nightmare","floor":24,"turns":6},{"damage":25,"enemies":"3 Byrds","floor":25,"turns":5},{"damage":0,"enemies":"conspire:SneckoGhost","floor":27,"turns":6},{"damage":1,"enemies":"Book of Stabbing","floor":29,"turns":4},{"damage":0,"enemies":"Replay:Snechameleon","floor":30,"turns":3},{"damage":0,"enemies":"Champ","floor":33,"turns":6},{"damage":3,"enemies":"3 Shapes","floor":35,"turns":7},{"damage":0,"enemies":"3 Darklings","floor":37,"turns":2},{"damage":0,"enemies":"Giant Head","floor":42,"turns":3},{"damage":0,"enemies":"Reptomancer","floor":45,"turns":3},{"damage":0,"enemies":"Donu and Deca","floor":50,"turns":4},{"damage":1,"enemies":"Shield and Spear","floor":53,"turns":2},{"damage":41,"enemies":"The Heart","floor":54,"turns":5}],"seed_played":"4273072399026920883","potions_obtained":[{"floor":5,"key":"Explosive Potion"},{"floor":6,"key":"Explosive Potion"},{"floor":8,"key":"blueLaboratory:BlinkPotion"},{"floor":11,"key":"Fire Potion"},{"floor":12,"key":"Fire Potion"},{"floor":14,"key":"blueLaboratory:BottleOfVodka"},{"floor":23,"key":"Fire Potion"},{"floor":25,"key":"blueLaboratory:Moonshine"},{"floor":29,"key":"blueLaboratory:CorrosionFlask"},{"floor":33,"key":"blueLaboratory:BubblePotion"},{"floor":37,"key":"blueLaboratory:SuffocatingSmog"},{"floor":45,"key":"blueLaboratory:StoneskinPotion"}],"is_trial":true,"path_per_floor":["M","M","M","M","M","E","R","E","T","R","E","E","?","M","R","B",null,"M","?","$","AVR","$","E","NM","M","T","E","R","E","E","?","R","B",null,"M","?","M","?","$","R","R","E","T","R","E","R","AVR","$","R","B","R","$","E","B",null],"character_chosen":"THE_SILENT","items_purchased":["Dagger Throw","Oddly Smooth Stone","Vajra","Well Laid Plans","Medical Kit","Accuracy","Accuracy"],"campfire_rested":1,"item_purchase_floors":[20,20,39,39,48,48,52],"current_hp_per_floor":[66,66,66,66,66,66,66,65,65,65,51,50,50,50,50,38,62,61,58,58,58,58,38,30,20,20,20,45,44,44,48,48,48,61,52,52,52,52,52,52,52,52,52,52,52,52,52,52,52,45,45,45,44,42],"gold":220,"neow_bonus":"","is_daily":false,"chose_seed":false,"campfire_upgraded":9,"win_rate":0.0,"timestamp":1612163692,"path_taken":["M","M","M","M","M","E","R","E","T","R","E","E","?","?","R","BOSS","M","?","$","AVR","$","E","NM","M","T","E","R","E","E","?","R","BOSS","M","?","M","?","$","R","R","E","T","R","E","R","AVR","$","R","BOSS","R","$","E","BOSS"],"items_purchased_type":["Card","Relic","Relic","Card","Relic","Card","Card"],"build_version":"2020-12-22","purchased_purges":4,"victory":true,"max_hp_per_floor":[70,70,70,70,70,70,70,70,70,70,70,70,70,70,70,70,70,70,70,70,70,70,70,70,85,85,85,85,75,75,75,75,65,65,55,55,55,55,55,55,55,55,55,55,55,55,55,55,55,45,45,45,45,45],"card_choices":[{"not_picked":["PunishingBird","UniverseFragment"],"picked":"OldLady","floor":1.0},{"not_picked":["Setup","ReplayTheSpireMod:The Works","Replay:Poison Smokescreen"],"picked":"SKIP","floor":1.0},{"not_picked":["Rudolta","Wellcheers"],"picked":"UniverseFragment","floor":2},{"not_picked":["Underhanded Strike","Noxious Fumes","Flying Knee"],"picked":"SKIP","floor":2},{"not_picked":["GalaxyChild","Wellcheers","HeroicMonk"],"picked":"Singing Bowl","floor":3},{"not_picked":["LittleHelper","WallGazer"],"picked":"Scorched","floor":3},{"not_picked":["StuffTheSpire:Injection","Leg Sweep","Distraction"],"picked":"SKIP","floor":3},{"not_picked":["LittleHelper","SnowQueen","NakedNest"],"picked":"Singing Bowl","floor":4},{"not_picked":["Calculated Gamble","Flying Knee","Pace"],"picked":"SKIP","floor":4},{"not_picked":["Yin","NakedNest"],"picked":"GreedKing","floor":5},{"not_picked":["hubris:SlightOfHand","Distraction"],"picked":"Die Die Die","floor":5},{"not_picked":["Wellcheers","VoidDream","BeautyBeast"],"picked":"Singing Bowl","floor":6},{"not_picked":["Endless Agony","Underhanded Strike","StuffTheSpire:ClusterCrunch"],"picked":"SKIP","floor":6},{"not_picked":["Murderer","SpiderBud","OSAHOGD"],"picked":"Singing Bowl","floor":8},{"not_picked":["Outmaneuver","Sneak Up"],"picked":"Dagger Spray","floor":8},{"not_picked":["Freischutz","ShyLook","VoidDream"],"picked":"Singing Bowl","floor":11},{"not_picked":["ReplayTheSpireMod:The Works","Underhanded Strike"],"picked":"Acrobatics","floor":11},{"not_picked":["Dagger Spray","ReplayTheSpireMod:Shiv Toss"],"picked":"Prepared","floor":12},{"not_picked":["Porccubus","CrumblingArmor","Funeral"],"picked":"Singing Bowl","floor":12},{"not_picked":["CrumblingArmor","BeautyBeast","Murderer"],"picked":"Singing Bowl","floor":14},{"not_picked":["Deadly Poison","StuffTheSpire:Python","Replay:Poison Smokescreen"],"picked":"SKIP","floor":14},{"not_picked":["CherryBlossoms","FairyFestival","SpiderBud"],"picked":"Singing Bowl","floor":16},{"not_picked":["BlackSwan","MeltingLove","SpiderBud"],"picked":"Singing Bowl","floor":18},{"not_picked":["Wellcheers","Variant"],"picked":"OSAHOGD","floor":18},{"not_picked":["StuffTheSpire:Incursion","Deflect","Reflex"],"picked":"SKIP","floor":18},{"not_picked":["WhitesApple","VoidDream","SnowQueen"],"picked":"Singing Bowl","floor":23},{"not_picked":["Poisoned Stab","Sneak Up","Outmaneuver+1"],"picked":"SKIP","floor":23},{"not_picked":["Deadly Poison","Adrenaline"],"picked":"Blade Dance+1","floor":24},{"not_picked":["RedShoes","Variant","WhitesApple"],"picked":"Singing Bowl","floor":24},{"not_picked":["Yin","BeautyBeast","Murderer"],"picked":"Singing Bowl","floor":25},{"not_picked":["Sucker Punch","Flying Knee+1"],"picked":"Backflip","floor":25},{"not_picked":["PunishingBird","Bloodbath","BigBadWolf"],"picked":"Singing Bowl","floor":27},{"not_picked":["Escape Plan","StuffTheSpire:BrimstoneBlast","Replay:Poison Smokescreen"],"picked":"SKIP","floor":27},{"not_picked":["Scarecrow","Wellcheers","SpiderBud"],"picked":"Singing Bowl","floor":29},{"not_picked":["ReplayTheSpireMod:Scrap Shanks","Deflect+1","Underhanded Strike+1"],"picked":"SKIP","floor":29},{"not_picked":["LittlePrince","WhiteNight","BigBird"],"picked":"Singing Bowl","floor":30},{"not_picked":["Hidden Blade+1","hubris:Sniper"],"picked":"Blade Dance","floor":30},{"not_picked":["Malaise","Burst"],"picked":"Bullet Time","floor":33},{"not_picked":["Porccubus","WhitesApple","CENSORED"],"picked":"Singing Bowl","floor":33},{"not_picked":["WhitesApple","WhiteNight","RedShoes"],"picked":"Singing Bowl","floor":35},{"not_picked":["Terror","Slice"],"picked":"Acrobatics","floor":35},{"not_picked":["LongBird","Rudolta","BigBadWolf"],"picked":"Singing Bowl","floor":37},{"not_picked":["ReplayTheSpireMod:Tripwire","Fluid Movement+1","Escape Plan"],"picked":"SKIP","floor":37},{"not_picked":["WallGazer","Yin","LittlePrince"],"picked":"Singing Bowl","floor":42},{"not_picked":["Poison Darts","Deflect+1","Backflip"],"picked":"SKIP","floor":42},{"not_picked":["Outmaneuver+1","StuffTheSpire:Injection+1","Pace+1"],"picked":"SKIP","floor":45},{"not_picked":["Underhanded Strike+1","Blade Dance","Leg Sweep"],"picked":"SKIP","floor":53},{"not_picked":["Underhanded Strike+1","Blade Dance","Leg Sweep"],"picked":"SKIP","floor":53}],"player_experience":1260929,"relics_obtained":[{"floor":6,"key":"Anchor"},{"floor":8,"key":"Replay:Bottled Flurry"},{"floor":9,"key":"Pen Nib"},{"floor":11,"key":"aspiration:TomeofQuesting"},{"floor":12,"key":"StuffTheSpire:PointBlank"},{"floor":23,"key":"hubris:PeanutButter"},{"floor":24,"key":"MawBank"},{"floor":27,"key":"conspire:BottledYoYo"},{"floor":29,"key":"infinitespire:Lucky Rock"},{"floor":30,"key":"reliquary:Aerogel"},{"floor":36,"key":"ReplayTheSpireMod:Ring of Collecting"},{"floor":36,"key":"ReplayTheSpireMod:Ring of Challenge"},{"floor":42,"key":"Whetstone"},{"floor":43,"key":"Replay:Wax Seal"},{"floor":45,"key":"Byrd Skull"},{"floor":53,"key":"Lizard Tail"}],"event_choices":[{"damage_healed":0,"gold_gain":0,"player_choice":"Forge","damage_taken":0,"max_hp_gain":0,"max_hp_loss":0,"event_name":"Accursed Blacksmith","floor":13,"gold_loss":0,"cards_upgraded":["Prepared"]},{"damage_healed":0,"gold_gain":0,"player_choice":"Punched","damage_taken":3,"max_hp_gain":0,"max_hp_loss":0,"event_name":"Designer","floor":19,"gold_loss":0},{"damage_healed":4,"gold_gain":0,"player_choice":"LEAVE ","damage_taken":0,"relics_obtained":[],"max_hp_gain":0,"max_hp_loss":0,"event_name":"betterSkull:BetterSkull","floor":31,"gold_loss":0,"cards_upgraded":[]}],"is_beta":false,"boss_relics":[{"not_picked":["energizedSpire:SpiderWeb","Philosopher\u0027s Stone"],"picked":"halation:Yufonium"},{"not_picked":["halation:PlatinumPhoenix","Kintsugi"],"picked":"Replay:Grab Bag"},{"not_picked":["aspiration:FutureDiary","energizedSpire:EnergizedDie"],"picked":"reliquary:Ember"},{"not_picked":["Cursed Key","energizedSpire:HighHeels"],"picked":"energizedSpire:NeverEndingSparkler"},{"not_picked":["halation:Risk","aspiration:RunicSpoon"],"picked":"StuffTheSpire:Kangaroo"}],"items_purged_floors":[21,39,47,48],"is_endless":true,"potions_floor_spawned":[5,6,8,11,12,14,23,25,29,33,37,45],"ascension_level":5}}