{"host":"uceopoba4zvqsgiy","time":1612180892,"event":{"mods":["Act Like it!","BaseMod","Better Skull","Better Third Choice","Elementarium","Evolution","GifTheSpireLib","Hermit","Humility","Infinite Spire","Jorbs\u0027s Wanderer Trilogy","Marked Mod","Minty Spire (QoL Compilation)","Potionbrewer","Reliquary","Replay The Spire","Robot Space Explorer","Shade Mod","Spicy Shops","StS++","StSLib","Stuff the Spire","The Blue Laboratory","The Caster","The Cursed","The Dragon Tamer","The Hierophant","The Jungle","TheSurvivalist","Wandering Minibosses"],"gold_per_floor":[115,115,42,11,24,54,54,19,19,47,47,47,47,74,74,74,74],"floor_reached":16,"language":"ENG","playtime":493,"items_purged":[],"score":216,"play_id":"8cdf3205-7cb0-4e0d-af53-64f5089377f0","local_time":"20210201223132","is_ascension_mode":true,"campfire_choices":[{"data":"Loop","floor":7,"key":"SMITH"},{"floor":11,"key":"REST"},{"floor":15,"key":"REST"}],"circlet_count":0,"master_deck":["Sweeping Beam","Strike_B","Strike_B","Strike_B","Defend_B","Defend_B","Defend_B","Defend_B","Zap","Dualcast","Regret","Loop+1","Defragment","StSpp:MemoryLeak","infinitespire:DeathsTouch","ReplayTheSpireMod:IOU","Clumsy","Core Surge"],"relics":["Cracked Core","EVO:Axolotl","NeowsBlessing","Question Card","betterThird:SlimedRelic","StSpp:WoodenStick","Blue Candle","infinitespire:ShieldingShard","infinitespire:Beetle Shell"],"acts_visited":["Exordium"],"potions_floor_usage":[10,12],"damage_taken":[{"damage":0,"enemies":"Jaw Worm","floor":1,"turns":1},{"damage":0,"enemies":"2 Louse","floor":5,"turns":1},{"damage":0,"enemies":"3 Sentries","floor":6,"turns":1},{"damage":37,"enemies":"Lagavulin","floor":10,"turns":6},{"damage":0,"enemies":"Gremlin Nob","floor":12,"turns":2},{"damage":40,"enemies":"Lagavulin","floor":14,"turns":7},{"damage":28,"enemies":"Slime Boss","floor":16,"turns":6}],"seed_played":"-1044749686052887991","potions_obtained":[{"floor":5,"key":"blueLaboratory:TrueEctoplasm"},{"floor":6,"key":"SmokeBomb"}],"is_trial":false,"path_per_floor":["M","?","$","?","M","E","R","$","T","E","R","E","?","E","R","B"],"character_chosen":"DEFECT","items_purchased":["Loop","Defragment"],"campfire_rested":2,"item_purchase_floors":[3,8],"current_hp_per_floor":[68,68,68,57,57,57,57,57,57,20,42,42,42,2,24,0,0],"gold":74,"neow_bonus":"THREE_ENEMY_KILL","is_daily":false,"chose_seed":false,"campfire_upgraded":1,"win_rate":0.0,"timestamp":1612180892,"path_taken":["M","?","$","?","M","E","R","?","T","E","R","E","?","E","R","BOSS"],"items_purchased_type":["Card","Card"],"build_version":"2020-12-22","purchased_purges":0,"victory":false,"max_hp_per_floor":[75,75,75,75,75,75,75,75,75,75,75,75,75,75,75,75,75],"card_choices":[{"not_picked":["Steam","StuffTheSpire:Plugnplay","Beam Cell"],"picked":"SKIP","floor":1},{"not_picked":["Turbo","Sweeping Beam","Redo","Cold Snap"],"picked":"SKIP","floor":5},{"not_picked":["Coolheaded","Ball Lightning","Conserve Battery","Reprogram"],"picked":"SKIP","floor":6},{"not_picked":["Rip and Tear","Streamline","Steam"],"picked":"StSpp:MemoryLeak","floor":10},{"not_picked":["infinitespire:Collect","infinitespire:FinalStrike"],"picked":"infinitespire:DeathsTouch","floor":13},{"not_picked":["StuffTheSpire:Plugnplay","ReplayTheSpireMod:Calculation Training","Turbo"],"picked":"Core Surge","floor":14}],"player_experience":1461349,"relics_obtained":[{"floor":6,"key":"StSpp:WoodenStick"},{"floor":9,"key":"Blue Candle"},{"floor":10,"key":"infinitespire:ShieldingShard"},{"floor":14,"key":"infinitespire:Beetle Shell"}],"event_choices":[{"damage_healed":0,"gold_gain":0,"player_choice":"Box","damage_taken":0,"relics_obtained":["Question Card"],"max_hp_gain":0,"max_hp_loss":0,"event_name":"Big Fish","floor":2,"gold_loss":0,"cards_obtained":["Regret"]},{"damage_healed":0,"gold_gain":0,"player_choice":"Slimed","damage_taken":11,"max_hp_gain":0,"max_hp_loss":0,"event_name":"betterThird:BetterGoop","floor":4,"gold_loss":31}],"is_beta":false,"boss_relics":[],"items_purged_floors":[],"is_endless":false,"potions_floor_spawned":[5,6],"killed_by":"Slime Boss","ascension_level":9,"is_humility":true}}