{"host":"uq4ng344qg9ygyoi","time":1612197190,"event":{"mods":["BaseMod","Minty Spire (QoL Compilation)","Quick Restart","Shop Mod","StSLib","[IsaacMod]ÒÔÈö¼âËþ"],"gold_per_floor":[109,122,70,70,70,70,82,82,106,106,121,137,164,164,164,261,261,281,292,50,68,68,100,100,100,100],"floor_reached":25,"language":"ZHS","playtime":928,"items_purged":["Defend_R+1"],"score":309,"play_id":"8dad3856-5be8-481c-9f76-ec20ef4a287b","local_time":"20210202003310","is_ascension_mode":true,"campfire_choices":[{"data":"Pommel Strike","floor":6,"key":"SMITH"},{"data":"BloodyBrimstone","floor":8,"key":"SMITH"},{"data":"Metallicize","floor":15,"key":"SMITH"},{"data":"Armaments","floor":24,"key":"SMITH"}],"circlet_count":0,"master_deck":["Strike_R","Strike_R","Strike_R","Defend_R","Defend_R","Bash+1","BloodyBrimstone+1","Disarm","Warcry","Pommel Strike+1","Flex","Metallicize+1","Juggernaut","Shrug It Off+1","Inflame","Armaments+1","Infernal Blade+1","Inflame+1"],"relics":["Burning Blood","HushsDoor","YumHeart","Bronze Scales","Boot","Mercury Hourglass","MerchantsRug","Red Skull"],"acts_visited":["Exordium","TheCity"],"potions_floor_usage":[19,23,25],"damage_taken":[{"damage":7,"enemies":"2 Louse","floor":1,"turns":3},{"damage":16,"enemies":"Jaw Worm","floor":2,"turns":5},{"damage":16,"enemies":"Small Slimes","floor":7,"turns":3},{"damage":12,"enemies":"3 Louse","floor":11,"turns":3},{"damage":11,"enemies":"Large Slime","floor":12,"turns":8},{"damage":7,"enemies":"3 Sentries","floor":13,"turns":2},{"damage":36,"enemies":"Slime Boss","floor":16,"turns":9},{"damage":17,"enemies":"Chosen","floor":18,"turns":5},{"damage":4,"enemies":"Spheric Guardian","floor":19,"turns":4},{"damage":24,"enemies":"Centurion and Healer","floor":21,"turns":6},{"damage":27,"enemies":"Gremlin Leader","floor":23,"turns":6},{"damage":40,"enemies":"Book of Stabbing","floor":25,"turns":3}],"seed_played":"-4353773853875869544","potions_obtained":[{"floor":2,"key":"Explosive Potion"},{"floor":12,"key":"Strength Potion"},{"floor":18,"key":"Energy Potion"}],"is_trial":false,"path_per_floor":["M","M","$","?","?","R","M","R","T","?","M","M","E","T","R","B",null,"M","M","$","M","?","E","R","E"],"character_chosen":"IRONCLAD","items_purchased":["Flex","MerchantsRug","Armaments"],"campfire_rested":0,"item_purchase_floors":[3,20,20],"current_hp_per_floor":[71,61,80,80,64,64,54,54,54,54,48,43,42,42,67,37,69,58,60,60,42,52,31,31,0,0],"gold":100,"neow_bonus":"THREE_CARDS","is_daily":false,"chose_seed":false,"campfire_upgraded":4,"win_rate":0.0,"timestamp":1612197190,"path_taken":["M","M","$","?","?","R","M","R","T","?","?","M","E","?","R","BOSS","M","M","$","M","?","E","R","E"],"items_purchased_type":["Card","Relic","Card"],"build_version":"2020-12-22","purchased_purges":1,"victory":false,"max_hp_per_floor":[80,80,80,80,80,80,80,80,80,80,80,80,80,80,80,80,80,80,80,80,80,80,80,80,80,80],"card_choices":[{"not_picked":[],"picked":"BloodyBrimstone","floor":0},{"not_picked":["Dark Embrace","Burning Pact"],"picked":"Disarm","floor":0},{"not_picked":["Hemokinesis","Shockwave"],"picked":"Warcry","floor":1},{"not_picked":["Dark Embrace","Wild Strike"],"picked":"Pommel Strike","floor":2},{"not_picked":["Cleave","Feel No Pain"],"picked":"Bomb","floor":7},{"not_picked":["Heavy Blade","Blood for Blood"],"picked":"Metallicize","floor":11},{"not_picked":["Dual Wield","Thunderclap","Sentinel"],"picked":"SKIP","floor":12},{"not_picked":["Heavy Blade","Clash"],"picked":"Bomb","floor":13},{"not_picked":["Reaper","Double Tap"],"picked":"Juggernaut","floor":16},{"not_picked":["Rampage","Headbutt"],"picked":"Shrug It Off+1","floor":18},{"not_picked":["Flex+1","Cleave"],"picked":"Inflame","floor":19},{"not_picked":["Second Wind","Heavy Blade"],"picked":"Infernal Blade+1","floor":21},{"not_picked":["Rupture","Dark Embrace"],"picked":"Inflame+1","floor":23}],"player_experience":484110,"relics_obtained":[{"floor":9,"key":"Bronze Scales"},{"floor":13,"key":"Boot"},{"floor":14,"key":"Mercury Hourglass"},{"floor":23,"key":"Red Skull"}],"event_choices":[{"damage_healed":0,"gold_gain":0,"player_choice":"Ignored","damage_taken":0,"max_hp_gain":0,"max_hp_loss":0,"event_name":"Liars Game","floor":4,"gold_loss":0},{"damage_healed":0,"gold_gain":0,"player_choice":"Entered Light","damage_taken":16,"max_hp_gain":0,"max_hp_loss":0,"event_name":"Shining Light","floor":5,"gold_loss":0,"cards_upgraded":["Bash","Defend_R"]},{"cards_removed":["Strike_R"],"damage_healed":0,"gold_gain":0,"player_choice":"Forget","damage_taken":0,"max_hp_gain":0,"max_hp_loss":0,"event_name":"Living Wall","floor":10,"gold_loss":0}],"is_beta":false,"boss_relics":[{"not_picked":["Busted Crown","Runic Cube"],"picked":"Empty Cage"},{"not_picked":[]}],"items_purged_floors":[20],"is_endless":false,"potions_floor_spawned":[2,12,18],"killed_by":"Book of Stabbing","ascension_level":8}}