{"host":"jhy70w0yh8dayqay","time":1612182746,"event":{"mods":["AchievementEnabler","BaseMod","Colored Map","Colored Powertips","DeckTracker","Minty Spire (QoL Compilation)","Permanent Neow","SuperFastMode"],"gold_per_floor":[109,122,136,154,167,167,167,185,185,204,214,214,245,264,264,361,361,373,373,42,57,5,5,5,24,72,87,87,87,112,125,125,222,222,222],"floor_reached":34,"language":"KOR","playtime":1236,"items_purged":["Dualcast"],"score":625,"play_id":"0ca7257e-9f24-42d2-8ce0-6f76a95c12a6","local_time":"20210201213226","is_ascension_mode":true,"campfire_choices":[{"data":"Zap","floor":6,"key":"SMITH"},{"floor":15,"key":"REST"},{"data":"Reprogram","floor":24,"key":"SMITH"},{"data":"Master of Strategy","floor":28,"key":"SMITH"},{"data":"Echo Form","floor":32,"key":"SMITH"}],"circlet_count":0,"master_deck":["AscendersBane","Strike_B","Defend_B","Defend_B","Defend_B","Zap+1","Gash","Ball Lightning","Conserve Battery","Leap","Rebound","Sunder","Gash","BootSequence","Steam","Gash","Echo Form+1","Bandage Up","Master of Strategy+1","Reprogram+1","Steam Power+1","Beam Cell","Hologram","Chill+1","Sweeping Beam+1","Compile Driver","Hello World+1","Creative AI"],"relics":["Cracked Core","Bronze Scales","Eternal Feather","Pocketwatch","Empty Cage","Akabeko","HornCleat","Snecko Eye"],"acts_visited":["Exordium","TheCity","TheBeyond"],"potions_floor_usage":[8,10,13,13,30,30],"damage_taken":[{"damage":8,"enemies":"Small Slimes","floor":1,"turns":3},{"damage":12,"enemies":"Jaw Worm","floor":2,"turns":3},{"damage":1,"enemies":"Cultist","floor":3,"turns":3},{"damage":1,"enemies":"3 Louse","floor":4,"turns":4},{"damage":18,"enemies":"Exordium Thugs","floor":5,"turns":4},{"damage":1,"enemies":"Blue Slaver","floor":8,"turns":3},{"damage":8,"enemies":"Large Slime","floor":10,"turns":4},{"damage":2,"enemies":"Exordium Wildlife","floor":11,"turns":3},{"damage":20,"enemies":"Lagavulin","floor":13,"turns":6},{"damage":0,"enemies":"Exordium Thugs","floor":14,"turns":4},{"damage":29,"enemies":"The Guardian","floor":16,"turns":9},{"damage":9,"enemies":"Shell Parasite","floor":18,"turns":4},{"damage":12,"enemies":"Chosen","floor":21,"turns":5},{"damage":6,"enemies":"Centurion and Healer","floor":25,"turns":6},{"damage":19,"enemies":"Snake Plant","floor":27,"turns":4},{"damage":0,"enemies":"Gremlin Leader","floor":30,"turns":5},{"damage":0,"enemies":"3 Cultists","floor":31,"turns":3},{"damage":31,"enemies":"Collector","floor":33,"turns":9}],"seed_played":"-3007699039766635533","potions_obtained":[{"floor":2,"key":"Strength Potion"},{"floor":5,"key":"Regen Potion"},{"floor":8,"key":"Fruit Juice"},{"floor":10,"key":"DuplicationPotion"},{"floor":11,"key":"DuplicationPotion"},{"floor":16,"key":"Weak Potion"},{"floor":21,"key":"Fire Potion"},{"floor":31,"key":"Explosive Potion"},{"floor":33,"key":"SmokeBomb"}],"is_trial":false,"path_per_floor":["M","M","M","M","M","R","?","M","T","M","M","?","E","M","R","B",null,"M","?","$","M","$","?","R","M","T","M","R","?","E","M","R","B",null],"character_chosen":"DEFECT","items_purchased":["Master of Strategy","Reprogram","Beam Cell"],"campfire_rested":1,"item_purchase_floors":[20,20,22],"current_hp_per_floor":[60,48,47,46,28,28,21,25,25,29,27,27,7,7,40,11,63,54,54,54,46,46,46,58,56,56,45,60,60,64,68,80,53,73,73],"gold":222,"neow_bonus":"RANDOM_COMMON_RELIC","is_daily":false,"chose_seed":false,"campfire_upgraded":4,"win_rate":0.0,"timestamp":1612182746,"path_taken":["M","M","M","M","M","R","?","M","T","M","M","?","E","?","R","BOSS","M","?","$","M","?","?","R","M","T","M","R","?","E","M","R","BOSS"],"items_purchased_type":["Card","Card","Card"],"build_version":"2020-12-22","purchased_purges":1,"victory":false,"max_hp_per_floor":[75,75,75,75,75,75,75,80,80,80,80,80,80,80,80,80,80,80,80,80,80,80,80,80,80,80,80,80,80,80,80,80,80,80,80],"card_choices":[{"not_picked":["Leap","Aggregate"],"picked":"Gash","floor":1},{"not_picked":["Streamline","Gash"],"picked":"Ball Lightning","floor":2},{"not_picked":["Stack","Consume"],"picked":"Conserve Battery","floor":3},{"not_picked":["Hologram","Steam"],"picked":"Leap","floor":4},{"not_picked":["Amplify","Storm"],"picked":"Rebound","floor":5},{"not_picked":["Compile Driver","Consume"],"picked":"Sunder","floor":8},{"not_picked":["Capacitor","Turbo"],"picked":"Gash","floor":10},{"not_picked":["Loop","Conserve Battery"],"picked":"BootSequence","floor":11},{"not_picked":["Rainbow","Rebound"],"picked":"Steam","floor":13},{"not_picked":["Go for the Eyes","Streamline"],"picked":"Gash","floor":14},{"not_picked":["Reboot","Electrodynamics"],"picked":"Echo Form","floor":16},{"not_picked":["Steam","Streamline","Rip and Tear"],"picked":"SKIP","floor":18},{"not_picked":["Rebound","Defragment"],"picked":"Steam Power+1","floor":21},{"not_picked":["Hologram","Stack+1"],"picked":"Chill+1","floor":25},{"not_picked":["Storm","Gash"],"picked":"Sweeping Beam+1","floor":27},{"not_picked":["Tempest","Machine Learning"],"picked":"Compile Driver","floor":30},{"not_picked":["Steam+1","Chill+1"],"picked":"Hello World+1","floor":31},{"not_picked":["Rainbow","Reboot"],"picked":"Creative AI","floor":33}],"player_experience":471845,"relics_obtained":[{"floor":9,"key":"Eternal Feather"},{"floor":13,"key":"Pocketwatch"},{"floor":26,"key":"Akabeko"},{"floor":30,"key":"HornCleat"}],"event_choices":[{"cards_removed":["Strike_B"],"damage_healed":0,"gold_gain":0,"player_choice":"Card Removal","damage_taken":7,"max_hp_gain":0,"max_hp_loss":0,"event_name":"Golden Wing","floor":7,"gold_loss":0},{"cards_removed":["Strike_B"],"damage_healed":0,"gold_gain":0,"player_choice":"Purged","damage_taken":0,"max_hp_gain":0,"max_hp_loss":0,"event_name":"Purifier","floor":12,"gold_loss":0},{"damage_healed":0,"gold_gain":0,"player_choice":"1 cards matched","damage_taken":0,"max_hp_gain":0,"max_hp_loss":0,"event_name":"Match and Keep!","floor":19,"gold_loss":0,"cards_obtained":["Bandage Up"]},{"damage_healed":0,"gold_gain":0,"player_choice":"Read","damage_taken":0,"max_hp_gain":0,"max_hp_loss":0,"event_name":"The Library","floor":23,"gold_loss":0,"cards_obtained":["Hologram"]},{"damage_healed":0,"gold_gain":0,"player_choice":"Ignored","damage_taken":0,"max_hp_gain":0,"max_hp_loss":0,"event_name":"Vampires","floor":29,"gold_loss":0}],"is_beta":false,"boss_relics":[{"not_picked":["Busted Crown","Tiny House"],"picked":"Empty Cage"},{"not_picked":["Cursed Key","Nuclear Battery"],"picked":"Snecko Eye"}],"items_purged_floors":[20],"is_endless":false,"potions_floor_spawned":[2,5,8,10,11,16,21,31,33],"ascension_level":11}}