{"host":"9kesdg97wkrx2bva","time":1612163695,"event":{"mods":["AchievementEnabler","BaseMod","Colored Map","GifTheSpireLib","Infinite Spire","Minty Spire (QoL Compilation)","Replay The Spire","StSLib"],"gold_per_floor":[110,110,21,34,54,85,85,95,95,95,108,33,49,83,83,83,83],"floor_reached":16,"language":"ENG","playtime":518,"items_purged":["Strike_B"],"score":260,"play_id":"9b53c166-7265-4a03-bce8-12e49f3932ae","local_time":"20210201011455","is_ascension_mode":true,"campfire_choices":[{"floor":7,"key":"REST"},{"data":"Panic Button","floor":10,"key":"SMITH"},{"data":"Fusion","floor":15,"key":"SMITH"}],"circlet_count":0,"master_deck":["AscendersBane","Strike_B","Strike_B","Strike_B","Defend_B","Defend_B","Defend_B","Defend_B","Zap+1","Dualcast","ReplayUltimateDefense","ReplayGash","ReplayGash","Rebound","Panic Button+1","Sweeping Beam","Gash","Streamline","Chill","Fusion+1"],"relics":["Cracked Core","Carrot","infinitespire:Bottled Soul","Oddly Smooth Stone"],"acts_visited":["Exordium"],"potions_floor_usage":[6,14,16,16],"damage_taken":[{"damage":1,"enemies":"Cultist","floor":1,"turns":3},{"damage":7,"enemies":"Jaw Worm","floor":4,"turns":3},{"damage":7,"enemies":"2 Louse","floor":5,"turns":2},{"damage":16,"enemies":"Replay:BlueRogue","floor":6,"turns":7},{"damage":6,"enemies":"Lots of Slimes","floor":8,"turns":3},{"damage":9,"enemies":"Red Slaver","floor":11,"turns":3},{"damage":0,"enemies":"Large Slime","floor":13,"turns":3},{"damage":0,"enemies":"3 Sentries","floor":14,"turns":5},{"damage":23,"enemies":"The Guardian","floor":16,"turns":9}],"seed_played":"-2352435058298041598","potions_obtained":[{"floor":4,"key":"PowerPotion"},{"floor":6,"key":"Reflective Coating"},{"floor":8,"key":"FocusPotion"},{"floor":14,"key":"Swift Potion"}],"is_trial":false,"path_per_floor":["M","?","$","M","M","E","R","M","T","R","M","$","M","E","R","B"],"character_chosen":"DEFECT","items_purchased":["ReplayGash"],"campfire_rested":1,"item_purchase_floors":[3],"current_hp_per_floor":[45,45,45,38,31,15,36,30,30,30,21,21,21,21,21,0,0],"gold":83,"neow_bonus":"RANDOM_COLORLESS_2","is_daily":false,"chose_seed":false,"campfire_upgraded":2,"win_rate":0.0,"timestamp":1612163695,"path_taken":["M","?","$","M","M","E","R","M","T","R","M","$","M","E","R","BOSS"],"items_purchased_type":["Card"],"build_version":"2020-12-22","purchased_purges":1,"victory":false,"max_hp_per_floor":[71,71,71,71,71,71,71,71,71,71,71,71,71,71,71,71,71],"card_choices":[{"not_picked":["Panache","Chrysalis"],"picked":"ReplayUltimateDefense","floor":0},{"not_picked":["Barrage","Cold Snap"],"picked":"ReplayGash","floor":1},{"not_picked":["Cold Snap","Ball Lightning"],"picked":"Rebound","floor":4},{"not_picked":["Ball Lightning","Aggregate"],"picked":"Panic Button","floor":5},{"not_picked":["Compile Driver","Multi-Cast"],"picked":"Sweeping Beam","floor":6},{"not_picked":["FTL","Go for the Eyes"],"picked":"Gash","floor":8},{"not_picked":["Steam","Cold Snap"],"picked":"Streamline","floor":11},{"not_picked":["Redo","ReplayGash"],"picked":"Chill","floor":13},{"not_picked":["Hologram","Thunder Strike"],"picked":"Fusion","floor":14}],"player_experience":994790,"relics_obtained":[{"floor":6,"key":"Carrot"},{"floor":9,"key":"infinitespire:Bottled Soul"},{"floor":14,"key":"Oddly Smooth Stone"}],"event_choices":[{"damage_healed":0,"gold_gain":0,"player_choice":"Grow","damage_taken":0,"max_hp_gain":0,"max_hp_loss":0,"event_name":"Living Wall","floor":2,"gold_loss":0,"cards_upgraded":["Zap"]}],"is_beta":false,"boss_relics":[],"items_purged_floors":[12],"is_endless":false,"potions_floor_spawned":[4,6,8,14],"killed_by":"The Guardian","ascension_level":18}}