{"host":"vrsxkkch9ccrec7k","time":1612165143,"event":{"mods":["Act Like it!","BaseMod","Bestiary","Better Altar","Better Match","Better Note","Better Sensory Stone","Better Skull","Better Third Choice","Better Vampires","Minty Spire (QoL Compilation)","Permanent Neow","Relic Stats","Spicy Shops","StSLib","TheFirefly","Weighted Paths"],"gold_per_floor":[115,65,65,65,79,79,4,33,33,53,65,75,75,94,94,198,198,214,224,239,1,1,1,1,12,12,12,25,59,59,76,76,177,177,197,197,216,232,7,7,7,42,42,42,42,69,79,105,105,105],"floor_reached":51,"language":"ENG","playtime":4971,"items_purged":["thefirefly:Strike"],"score":907,"play_id":"ca672116-a238-40be-991c-69854c66dd61","local_time":"20210201023903","is_ascension_mode":false,"campfire_choices":[{"data":"thefirefly:Bombardment","floor":6,"key":"SMITH"},{"data":"thefirefly:RerouteCircuit","floor":13,"key":"SMITH"},{"data":"thefirefly:LaserBarrage","floor":15,"key":"SMITH"},{"data":"thefirefly:BoltzmannBrain","floor":23,"key":"SMITH"},{"data":"thefirefly:PhotonBlast","floor":27,"key":"SMITH"},{"floor":30,"key":"REST"},{"data":"thefirefly:StealthMode","floor":32,"key":"SMITH"},{"floor":40,"key":"REST"},{"data":"thefirefly:Reposition","floor":44,"key":"SMITH"},{"data":"thefirefly:LustForEternity","floor":49,"key":"SMITH"}],"circlet_count":0,"master_deck":["thefirefly:Strike+1","thefirefly:Defend","thefirefly:Defend+1","thefirefly:Defend","thefirefly:Defend","thefirefly:StealthMode+1","thefirefly:PhotonBlast+1","thefirefly:AutoTargeting+1","thefirefly:Bombardment+1","thefirefly:Reposition+1","thefirefly:LaserBarrage+1","thefirefly:RerouteCircuit+1","thefirefly:Flight+1","thefirefly:BoltzmannBrain+1","CurseOfTheBell","thefirefly:Teleport+1","thefirefly:Boost+1","thefirefly:Pacify+1","thefirefly:ShieldGenerator+1","thefirefly:AlphaStrike+1","thefirefly:EMP+1","thefirefly:Preload+1","thefirefly:SteadyAim+1","thefirefly:Boost+1","thefirefly:LustForEternity+1"],"relics":["thefirefly:UpgradedSystem","Regal Pillow","Blue Candle","Calling Bell","Ancient Tea Set","White Beast Statue","Thread and Needle","thefirefly:WeaponPreloader","NlothsMask","Toxic Egg 2","Bag of Preparation","MealTicket","Whetstone","Centennial Puzzle","Happy Flower","War Paint"],"acts_visited":["Exordium","TheCity","TheBeyond"],"potions_floor_usage":[8,14,16,16,18,18,19,28,28,29,33,33,37,42],"damage_taken":[{"damage":0,"enemies":"Jaw Worm","floor":1,"turns":5},{"damage":0,"enemies":"Small Slimes","floor":5,"turns":4},{"damage":0,"enemies":"Lagavulin","floor":8,"turns":3},{"damage":0,"enemies":"2 Louse","floor":10,"turns":2},{"damage":3,"enemies":"Blue Slaver","floor":11,"turns":5},{"damage":0,"enemies":"Large Slime","floor":12,"turns":2},{"damage":0,"enemies":"Exordium Wildlife","floor":14,"turns":3},{"damage":8,"enemies":"Slime Boss","floor":16,"turns":6},{"damage":7,"enemies":"Chosen","floor":18,"turns":5},{"damage":0,"enemies":"Shell Parasite","floor":19,"turns":5},{"damage":2,"enemies":"Shelled Parasite and Fungi","floor":20,"turns":9},{"damage":0,"enemies":"Snake Plant","floor":25,"turns":3},{"damage":1,"enemies":"Chosen and Byrds","floor":28,"turns":5},{"damage":37,"enemies":"Gremlin Leader","floor":29,"turns":8},{"damage":0,"enemies":"Snecko","floor":31,"turns":5},{"damage":1,"enemies":"Automaton","floor":33,"turns":10},{"damage":3,"enemies":"3 Shapes","floor":35,"turns":11},{"damage":5,"enemies":"Orb Walker","floor":37,"turns":3},{"damage":20,"enemies":"4 Shapes","floor":38,"turns":12},{"damage":6,"enemies":"Reptomancer","floor":42,"turns":9},{"damage":1,"enemies":"Giant Head","floor":46,"turns":7},{"damage":0,"enemies":"3 Darklings","floor":47,"turns":6},{"damage":0,"enemies":"Reptomancer","floor":48,"turns":6},{"damage":1,"enemies":"Time Eater","floor":50,"turns":18}],"seed_played":"-6858103828343410159","potions_obtained":[{"floor":0,"key":"EntropicBrew"},{"floor":0,"key":"Explosive Potion"},{"floor":0,"key":"SneckoOil"},{"floor":5,"key":"Fire Potion"},{"floor":11,"key":"AttackPotion"},{"floor":14,"key":"Block Potion"},{"floor":18,"key":"GamblersBrew"},{"floor":19,"key":"Energy Potion"},{"floor":20,"key":"Weak Potion"},{"floor":25,"key":"SteroidPotion"},{"floor":28,"key":"CultistPotion"},{"floor":29,"key":"LiquidBronze"},{"floor":31,"key":"Fire Potion"},{"floor":33,"key":"BlessingOfTheForge"},{"floor":35,"key":"Energy Potion"},{"floor":37,"key":"PowerPotion"},{"floor":42,"key":"LiquidMemories"}],"is_trial":false,"path_per_floor":["M","?","?","?","M","R","$","E","T","M","M","M","R","M","R","B",null,"M","M","M","$","?","R","?","M","T","R","M","E","R","M","R","B",null,"M","?","M","M","$","R","?","E","T","R","$","E","M","E","R","B",null],"character_chosen":"THE_FIREFLY","items_purchased":["thefirefly:WeaponPreloader","Bag of Preparation","MealTicket"],"campfire_rested":2,"item_purchase_floors":[21,39,39],"current_hp_per_floor":[55,55,55,55,55,55,55,55,55,55,52,52,52,52,52,44,55,48,48,46,46,46,46,46,46,46,46,45,8,39,39,39,38,55,52,52,47,27,27,55,55,49,49,49,55,54,54,54,54,53],"gold":105,"neow_bonus":"THREE_SMALL_POTIONS","is_daily":false,"chose_seed":false,"campfire_upgraded":8,"win_rate":0.0,"timestamp":1612165143,"path_taken":["M","?","?","?","M","R","?","E","T","M","M","M","R","M","R","BOSS","M","M","M","$","?","R","?","?","T","R","M","E","R","?","R","BOSS","M","?","M","M","$","R","?","E","T","R","?","E","M","E","R","BOSS"],"items_purchased_type":["Relic","Relic","Relic"],"build_version":"2020-12-22","purchased_purges":1,"victory":true,"max_hp_per_floor":[55,55,55,55,55,55,55,55,55,55,55,55,55,55,55,55,55,55,55,55,55,55,55,55,55,55,55,55,55,55,55,55,55,55,55,55,55,55,55,55,55,55,55,55,55,55,55,55,55,55],"relic_stats":{"Regal Pillow":27,"Centennial Puzzle":[6],"Happy Flower":[10],"counters":[24,152],"Blue Candle":[5],"MealTicket":6,"Bag of Preparation":[10],"Whetstone":["thefirefly:Strike","thefirefly:AlphaStrike"],"War Paint":["thefirefly:Flight","thefirefly:Defend"],"obtain_stats":[{"thefirefly:StealthSystem":0,"Regal Pillow":8,"Happy Flower":46,"thefirefly:WeaponPreloader":21,"Blue Candle":9,"Thread and Needle":17,"Bag of Preparation":39,"Whetstone":42,"War Paint":48,"Ancient Tea Set":17,"White Beast Statue":17,"Calling Bell":17,"thefirefly:UpgradedSystem":34,"Centennial Puzzle":43,"MealTicket":39,"Toxic Egg 2":29,"NlothsMask":24},{"thefirefly:StealthSystem":0,"Regal Pillow":3,"Happy Flower":21,"thefirefly:WeaponPreloader":11,"Blue Candle":3,"Thread and Needle":8,"Bag of Preparation":19,"Whetstone":20,"War Paint":23,"Ancient Tea Set":8,"White Beast Statue":8,"Calling Bell":8,"thefirefly:UpgradedSystem":16,"Centennial Puzzle":20,"MealTicket":19,"Toxic Egg 2":14,"NlothsMask":11},{"thefirefly:StealthSystem":0,"Regal Pillow":12,"Happy Flower":122,"thefirefly:WeaponPreloader":49,"Blue Candle":12,"Thread and Needle":30,"Bag of Preparation":106,"Whetstone":115,"War Paint":134,"Ancient Tea Set":30,"White Beast Statue":30,"Calling Bell":30,"thefirefly:UpgradedSystem":80,"Centennial Puzzle":115,"MealTicket":106,"Toxic Egg 2":65,"NlothsMask":49}]},"card_choices":[{"not_picked":["thefirefly:ShieldArray","thefirefly:RollBack"],"picked":"thefirefly:AutoTargeting","floor":1},{"not_picked":["thefirefly:Ruminate","thefirefly:Distort"],"picked":"thefirefly:Bombardment","floor":5},{"not_picked":["thefirefly:Distort","thefirefly:EMP"],"picked":"thefirefly:Reposition","floor":8},{"not_picked":["thefirefly:EMP","thefirefly:FlakCannon","thefirefly:EvasiveManeuver"],"picked":"SKIP","floor":10},{"not_picked":["thefirefly:QuantumTunneling","thefirefly:Distort"],"picked":"thefirefly:LaserBarrage","floor":11},{"not_picked":["thefirefly:FullProjection","thefirefly:RecollectionSubroutine"],"picked":"thefirefly:RerouteCircuit","floor":12},{"not_picked":["thefirefly:FullProjection","thefirefly:Bombardment"],"picked":"thefirefly:Flight","floor":14},{"not_picked":["thefirefly:Nova","thefirefly:Unweft"],"picked":"thefirefly:BoltzmannBrain","floor":16},{"not_picked":["thefirefly:NebulaVeil","thefirefly:Rend","thefirefly:DataMiner"],"picked":"SKIP","floor":18},{"not_picked":["thefirefly:StarCinder","thefirefly:LifeSupport"],"picked":"thefirefly:Teleport+1","floor":19},{"not_picked":["thefirefly:Distort+1","thefirefly:MirrorShield"],"picked":"thefirefly:Boost+1","floor":20},{"not_picked":["thefirefly:LaserBarrage","thefirefly:SearingEnigma","thefirefly:ShieldArray"],"picked":"SKIP","floor":25},{"not_picked":["thefirefly:Flight+1","thefirefly:ShieldArray"],"picked":"thefirefly:Pacify+1","floor":28},{"not_picked":["thefirefly:Flight+1","thefirefly:InterceptingShot"],"picked":"thefirefly:ShieldGenerator+1","floor":29},{"not_picked":["thefirefly:FlakCannon+1","thefirefly:FlareScreen+1","thefirefly:Quine+1"],"picked":"SKIP","floor":31},{"not_picked":["thefirefly:BoltzmannBrain","thefirefly:Unburden+1"],"picked":"thefirefly:AlphaStrike","floor":33},{"not_picked":["thefirefly:Pacify+1","thefirefly:Rend"],"picked":"thefirefly:EMP+1","floor":35},{"not_picked":["thefirefly:PotentAmmunition+1","thefirefly:InterceptingShot+1","thefirefly:Quine+1"],"picked":"SKIP","floor":37},{"not_picked":["thefirefly:Distort+1","thefirefly:FlakCannon+1"],"picked":"thefirefly:Preload+1","floor":38},{"not_picked":["thefirefly:Rend+1","thefirefly:FullProjection+1"],"picked":"thefirefly:SteadyAim+1","floor":42},{"not_picked":["thefirefly:HyperFocus+1","thefirefly:Ruminate+1"],"picked":"thefirefly:Boost+1","floor":46},{"not_picked":["thefirefly:Preload+1","thefirefly:FullProjection+1","thefirefly:RollBack+1"],"picked":"SKIP","floor":47},{"not_picked":["thefirefly:Ruminate+1","thefirefly:Boost+1"],"picked":"thefirefly:LustForEternity","floor":48}],"player_experience":1359307,"relics_obtained":[{"floor":8,"key":"Regal Pillow"},{"floor":9,"key":"Blue Candle"},{"floor":17,"key":"Ancient Tea Set"},{"floor":17,"key":"White Beast Statue"},{"floor":17,"key":"Thread and Needle"},{"floor":29,"key":"Toxic Egg 2"},{"floor":42,"key":"Whetstone"},{"floor":43,"key":"Centennial Puzzle"},{"floor":46,"key":"Happy Flower"},{"floor":48,"key":"War Paint"}],"event_choices":[{"cards_removed":["thefirefly:Strike"],"damage_healed":0,"gold_gain":0,"player_choice":"Card Removal","damage_taken":0,"max_hp_gain":0,"max_hp_loss":0,"event_name":"The Cleric","floor":2,"gold_loss":50},{"damage_healed":0,"gold_gain":0,"player_choice":"Grow","damage_taken":0,"max_hp_gain":0,"max_hp_loss":0,"event_name":"Living Wall","floor":3,"gold_loss":0,"cards_upgraded":["thefirefly:AutoTargeting"]},{"damage_healed":0,"gold_gain":0,"player_choice":"Ignored","damage_taken":65,"max_hp_gain":0,"max_hp_loss":0,"event_name":"betterThird:BetterSerpent","floor":4,"gold_loss":0},{"cards_removed":["thefirefly:Strike"],"damage_healed":0,"gold_gain":0,"player_choice":"Give","damage_taken":0,"max_hp_gain":0,"max_hp_loss":0,"event_name":"betterNote:BetterNote","floor":22,"gold_loss":0,"cards_obtained":["None"]},{"damage_healed":0,"gold_gain":0,"player_choice":"Trade","damage_taken":0,"relics_obtained":["NlothsMask"],"max_hp_gain":0,"max_hp_loss":0,"event_name":"FaceTrader","floor":24,"gold_loss":0},{"cards_removed":["thefirefly:Strike"],"damage_healed":0,"gold_gain":0,"player_choice":"Removed Attack","damage_taken":0,"max_hp_gain":0,"max_hp_loss":0,"event_name":"Falling","floor":36,"gold_loss":0},{"damage_healed":0,"gold_gain":0,"player_choice":"Ignored","damage_taken":0,"max_hp_gain":0,"max_hp_loss":0,"event_name":"Mysterious Sphere","floor":41,"gold_loss":0}],"is_beta":false,"boss_relics":[{"not_picked":["SlaversCollar","Coffee Dripper"],"picked":"Calling Bell"},{"not_picked":["Sozu","Fusion Hammer"],"picked":"thefirefly:UpgradedSystem"}],"items_purged_floors":[7],"is_endless":false,"potions_floor_spawned":[5,11,14,18,19,20,25,28,29,31,33,35,37,38,42,46,47,48],"ascension_level":0}}