{"host":"17uzppmr1r5fe5jj","time":1612181298,"event":{"mods":["BaseMod","Colored Map","HololiveMod","Minty Spire (QoL Compilation)","Quick Restart","StSLib"],"gold_per_floor":[84,84,104,114,39,39,56,71,96,96,111,143,143,156,156,257,257,277,287,287,287,307,307,307],"floor_reached":23,"language":"ZHS","playtime":1007,"items_purged":["Hololive_Strike"],"score":295,"play_id":"ef3770a2-ddf0-4076-8bda-d6210cd874b3","local_time":"20210201200818","is_ascension_mode":false,"campfire_choices":[{"data":"Hololive_BringToTrial","floor":6,"key":"SMITH"},{"data":"Hololive_Breathe","floor":10,"key":"SMITH"},{"data":"Hololive_CocoNews","floor":13,"key":"SMITH"},{"data":"Hololive_Rebound","floor":15,"key":"SMITH"}],"circlet_count":0,"master_deck":["Hololive_Strike","Hololive_Strike","Hololive_Strike","Hololive_Defend","Hololive_Defend","Hololive_Defend","Hololive_Defend","Hololive_LuckPotion","Hololive_Trident","Hololive_BringToTrial+1","Pain","Hololive_CocoNews+1","Hololive_Breathe+1","Hololive_Rebound+1","Hololive_DurableLive","Hololive_HuntDinosaur","Hololive_StrengthChampion"],"relics":["Hololive_TheStar","Hololive_Peko","Vajra","WarpedTongs","Pen Nib","MealTicket","SlaversCollar","Nilry\u0027s Codex"],"acts_visited":["Exordium","TheCity"],"potions_floor_usage":[12,12,12,16,19,22,23],"damage_taken":[{"damage":0,"enemies":"2 Louse","floor":1,"turns":2},{"damage":0,"enemies":"Cultist","floor":3,"turns":2},{"damage":0,"enemies":"Small Slimes","floor":4,"turns":2},{"damage":0,"enemies":"2 Fungi Beasts","floor":7,"turns":2},{"damage":0,"enemies":"3 Louse","floor":8,"turns":3},{"damage":0,"enemies":"Blue Slaver","floor":11,"turns":2},{"damage":0,"enemies":"Gremlin Nob","floor":12,"turns":2},{"damage":0,"enemies":"Looter","floor":14,"turns":2},{"damage":0,"enemies":"Hexaghost","floor":16,"turns":5},{"damage":0,"enemies":"Chosen","floor":18,"turns":4},{"damage":0,"enemies":"3 Byrds","floor":19,"turns":4},{"damage":5,"enemies":"Centurion and Healer","floor":22,"turns":5},{"damage":16,"enemies":"Slavers","floor":23,"turns":2}],"seed_played":"-1088254452625959465","potions_obtained":[{"floor":1,"key":"SteroidPotion"},{"floor":3,"key":"Fire Potion"},{"floor":8,"key":"EssenceOfSteel"},{"floor":12,"key":"ColorlessPotion"},{"floor":16,"key":"LiquidBronze"},{"floor":18,"key":"Block Potion"},{"floor":19,"key":"GamblersBrew"}],"is_trial":false,"path_per_floor":["M","?","M","M","$","R","M","M","T","R","M","E","R","M","R","B",null,"M","M","?","?","M","E"],"character_chosen":"Hololive_HololiveCharacter","items_purchased":[],"campfire_rested":0,"item_purchase_floors":[],"current_hp_per_floor":[35,35,35,35,35,35,35,35,35,35,35,35,35,35,35,35,35,35,35,19,19,14,0,0],"gold":307,"neow_bonus":"RANDOM_COMMON_RELIC","is_daily":false,"chose_seed":false,"campfire_upgraded":4,"win_rate":0.0,"timestamp":1612181298,"path_taken":["M","?","M","M","$","R","M","M","T","R","M","E","R","?","R","BOSS","M","M","?","?","M","E"],"items_purchased_type":[],"build_version":"2020-12-22","purchased_purges":1,"victory":false,"max_hp_per_floor":[35,35,35,35,35,35,35,35,35,35,35,35,35,35,35,35,35,35,35,35,35,35,35,35],"card_choices":[{"not_picked":["Hololive_CallShiroganeNoel","Hololive_CallTokinoSora","Hololive_LuckPotion"],"picked":"Hololive_BringToTrial","floor":1},{"not_picked":["Hololive_CallYogiri","Hololive_OvertimeWork","Hololive_CallHoshimachiSuisei"],"picked":"Hololive_CocoNews","floor":3},{"not_picked":["Hololive_Drill","Hololive_CallTokoyamiTowa","Hololive_HuntDinosaur","Hololive_CallNekomataOkayu"],"picked":"SKIP","floor":4},{"not_picked":["Hololive_RevenueBasedLive","Hololive_CallShiranuiFlare","Hololive_Trident","Hololive_Psychosis"],"picked":"SKIP","floor":7},{"not_picked":["Hololive_OpenUp","Hololive_OvertimeWork","Hololive_CallYozoraMel"],"picked":"Hololive_Breathe","floor":8},{"not_picked":["Hololive_LuckPotion","Hololive_CallUruhaRushia","Hololive_CallInugamiKorone","Hololive_Sequa"],"picked":"SKIP","floor":11},{"not_picked":["Hololive_CallNakiriAyame","Hololive_LuckPotion","Hololive_OvertimeWork","Hololive_CallOkamiMio"],"picked":"SKIP","floor":12},{"not_picked":["Hololive_CallMinatoAqua","Hololive_CallHimemoriLuna","Hololive_Sequa"],"picked":"Hololive_Rebound","floor":14},{"not_picked":["Hololive_OpenUp","Hololive_Rebirth","Hololive_IdolExercise"],"picked":"Hololive_DurableLive","floor":16},{"not_picked":["Hololive_DevilCharm","Hololive_Drill+1","Hololive_Teleport+1"],"picked":"Hololive_HuntDinosaur","floor":18},{"not_picked":["Hololive_CallAkaiHaato","Hololive_Teleport","Hololive_Rebound","Hololive_CallUsadaPekora"],"picked":"SKIP","floor":19},{"not_picked":["Hololive_Rebound","Hololive_Spy+1","Hololive_OvertimeWork"],"picked":"Hololive_StrengthChampion","floor":22}],"player_experience":269933,"relics_obtained":[{"floor":9,"key":"Pen Nib"},{"floor":12,"key":"MealTicket"},{"floor":20,"key":"Nilry\u0027s Codex"}],"event_choices":[{"damage_healed":0,"gold_gain":0,"player_choice":"Rummage","damage_taken":0,"relics_obtained":["WarpedTongs"],"max_hp_gain":0,"max_hp_loss":0,"event_name":"Accursed Blacksmith","floor":2,"gold_loss":0,"cards_obtained":["Pain"]},{"damage_healed":0,"gold_gain":0,"player_choice":"Obtained Book","damage_taken":16,"max_hp_gain":0,"max_hp_loss":0,"event_name":"Cursed Tome","floor":20,"gold_loss":0},{"damage_healed":0,"gold_gain":0,"player_choice":"Ignored","damage_taken":0,"max_hp_gain":0,"max_hp_loss":0,"event_name":"Vampires","floor":21,"gold_loss":0}],"is_beta":false,"boss_relics":[{"not_picked":["Runic Pyramid","Snecko Eye"],"picked":"SlaversCollar"}],"items_purged_floors":[5],"is_endless":false,"potions_floor_spawned":[1,3,8,12,16,18,19],"killed_by":"Slavers","ascension_level":0}}