{"host":"Nexxot","time":1612179191,"event":{"mods":["AchievementEnabler","BaseMod","Bestiary","Colored Map","Curses Come First","Downfall","Highlight Path","Minty Spire (QoL Compilation)","Relic Stats","StSLib"],"gold_per_floor":[99,112,129,148,164,164,164,48,82,82,117,117,117,117,136,240,240,240,252,252,271,271,305,362,402,433,101,117,117,117,117],"floor_reached":29,"language":"ENG","playtime":1653,"items_purged":["downfall:Malfunctioning","Pain"],"score":365,"play_id":"80fc90ce-d82d-4cf0-9bd5-301634cc7454","local_time":"20210201123311","is_ascension_mode":true,"campfire_choices":[{"data":"hexamod:Sear","floor":1,"key":"SMITH"},{"data":"hexamod:ExtraCrispy","floor":10,"key":"SMITH"},{"data":"hexamod:ForkedFlame","floor":12,"key":"SMITH"},{"data":"hexamod:SuperheatedStrike","floor":18,"key":"SMITH"}],"circlet_count":0,"master_deck":["hexamod:Strike","hexamod:Strike","hexamod:Defend+1","hexamod:Defend","hexamod:Defend+1","hexamod:Sear+1","hexamod:Float+1","hexamod:BurningTouch","hexamod:ExtraCrispy+1","hexamod:SpectralSpark","hexamod:SwordOfDarkness+1","hexamod:SuperheatedStrike+1","hexamod:ForkedFlame+1","hexamod:SpectersWail","hexamod:InspiringFlames","hexamod:WildfireWeapon","hexamod:HauntingEcho","hexamod:TimeOfNeed+1","hexamod:Hexaguard","hexamod:SoulSteal+1","hexamod:EmpoweredFlame","hexamod:FirstSeal"],"relics":["hexamod:SpiritBrand","Nunchaku","Lizard Tail","FossilizedHelix","Eternal Feather","Sozu","Nloth\u0027s Gift","MawBank","Pen Nib","Matryoshka","War Paint"],"acts_visited":["Exordium","TheCity"],"potions_floor_usage":[23],"damage_taken":[{"damage":0,"enemies":"Cultist","floor":2,"turns":3},{"damage":1,"enemies":"Jaw Worm","floor":3,"turns":3},{"damage":4,"enemies":"2 Louse","floor":4,"turns":3},{"damage":3,"enemies":"2 Fungi Beasts","floor":5,"turns":3},{"damage":0,"enemies":"downfall:FleeingMerchant","floor":8,"turns":4},{"damage":16,"enemies":"Lagavulin","floor":9,"turns":5},{"damage":0,"enemies":"3 Sentries","floor":11,"turns":7},{"damage":0,"enemies":"Red Slaver","floor":15,"turns":3},{"damage":0,"enemies":"SI_SHIV_ARCHETYPE","floor":16,"turns":6},{"damage":0,"enemies":"Chosen","floor":19,"turns":3},{"damage":0,"enemies":"Shell Parasite","floor":21,"turns":3},{"damage":25,"enemies":"Book of Stabbing","floor":23,"turns":4},{"damage":47,"enemies":"Slavers","floor":25,"turns":4},{"damage":9,"enemies":"Sentry and Sphere","floor":26,"turns":4},{"damage":0,"enemies":"downfall:FleeingMerchant","floor":27,"turns":4},{"damage":23,"enemies":"Centurion and Healer","floor":28,"turns":4},{"damage":7,"enemies":"Book of Stabbing","floor":29,"turns":2}],"seed_played":"5741149002307520226","potions_obtained":[{"floor":2,"key":"DistilledChaos"},{"floor":3,"key":"Ancient Potion"},{"floor":4,"key":"FearPotion"},{"floor":16,"key":"DuplicationPotion"}],"is_trial":false,"path_per_floor":["R","M","M","M","M","?","T","$","E","R","E","R","T","?","M","B",null,"R","M","?","M","?","E","T","E","M","$","M","E"],"character_chosen":"THE_SPIRIT","items_purchased":["hexamod:SuperheatedStrike","hexamod:EmpoweredFlame","War Paint"],"campfire_rested":0,"item_purchase_floors":[8,27,27],"current_hp_per_floor":[70,70,69,65,62,62,62,62,46,46,46,46,46,46,46,46,70,70,70,70,70,70,45,45,35,26,26,3,0,0,0],"gold":117,"neow_bonus":"RANDOM_COMMON_RELIC","is_daily":false,"chose_seed":false,"campfire_upgraded":4,"win_rate":0.0,"timestamp":1612179191,"path_taken":["R","M","M","M","M","?","T","$","E","R","E","R","?","?","M","BOSS","R","M","?","?","?","E","T","E","M","$","?","E"],"items_purchased_type":["Card","Card","Relic"],"build_version":"2020-12-18","purchased_purges":2,"victory":false,"max_hp_per_floor":[70,70,70,70,70,70,70,70,70,70,70,70,70,70,70,70,70,70,70,70,70,70,70,70,70,70,70,70,70,70,70],"relic_stats":{"Sozu":3,"Nunchaku":[10],"Lizard Tail":35,"counters":[17,65],"Eternal Feather":0,"Pen Nib":[3],"Nloth\u0027s Gift":0,"War Paint":["hexamod:TimeOfNeed","hexamod:Defend"],"MawBank":48,"obtain_stats":[{"Sozu":17,"Nunchaku":0,"Lizard Tail":7,"Matryoshka":25,"Eternal Feather":13,"Pen Nib":24,"Nloth\u0027s Gift":20,"War Paint":27,"MawBank":23,"hexamod:SpiritBrand":0,"FossilizedHelix":9,"hexamod:MatchstickCase":11},{"Sozu":9,"Nunchaku":0,"Lizard Tail":4,"Matryoshka":13,"Eternal Feather":7,"Pen Nib":12,"Nloth\u0027s Gift":10,"War Paint":15,"MawBank":12,"hexamod:SpiritBrand":0,"FossilizedHelix":6,"hexamod:MatchstickCase":7},{"Sozu":37,"Nunchaku":0,"Lizard Tail":12,"Matryoshka":51,"Eternal Feather":28,"Pen Nib":47,"Nloth\u0027s Gift":40,"War Paint":59,"MawBank":47,"hexamod:SpiritBrand":0,"FossilizedHelix":21,"hexamod:MatchstickCase":28}]},"card_choices":[{"not_picked":["hexamod:EtherealExpedition","hexamod:ShieldOfDarkness"],"picked":"hexamod:BurningTouch","floor":2},{"not_picked":["hexamod:GhostShield","hexamod:AdvancingGuard"],"picked":"hexamod:ExtraCrispy","floor":3},{"not_picked":["hexamod:BurningTouch","hexamod:HeatShield"],"picked":"hexamod:SpectralSpark","floor":4},{"not_picked":["hexamod:RecurringNightmare","hexamod:AdvancingGuard"],"picked":"hexamod:SwordOfDarkness","floor":5},{"not_picked":["hexamod:Firestarter","hexamod:ParanormalForm","hexamod:RetreatToShadows"],"picked":"SKIP","floor":8},{"not_picked":["hexamod:FlamesFromBeyond","hexamod:BacktrackSmack"],"picked":"hexamod:ForkedFlame","floor":9},{"not_picked":["hexamod:ExtraCrispy","hexamod:FastForward"],"picked":"hexamod:SpectersWail","floor":11},{"not_picked":["hexamod:GhostOfSpireFuture","hexamod:EtherealExpedition"],"picked":"hexamod:InspiringFlames","floor":15},{"not_picked":["hexamod:ParanormalForm","hexamod:ForkedFlame"],"picked":"hexamod:WildfireWeapon","floor":16},{"not_picked":["hexamod:SpectralAdrenaline","hexamod:AdvancingGuard"],"picked":"hexamod:HauntingEcho","floor":19},{"not_picked":["hexamod:GhostLash","hexamod:GhostShield","hexamod:PowerFromBeyond"],"picked":"SKIP","floor":21},{"not_picked":["hexamod:GhostOfSpirePast","hexamod:CatchUp+1"],"picked":"hexamod:TimeOfNeed","floor":23},{"not_picked":["hexamod:InspiringFlames","hexamod:GhostOfSpirePast+1"],"picked":"hexamod:Hexaguard","floor":25},{"not_picked":["hexamod:InspiringFlames","hexamod:HeatShield"],"picked":"hexamod:SoulSteal+1","floor":26},{"not_picked":["hexamod:ThermalTransfer","hexamod:BurningTouch","hexamod:RecurringNightmare"],"picked":"SKIP","floor":27},{"not_picked":["hexamod:FourthSeal","hexamod:SpectersWail"],"picked":"hexamod:FirstSeal","floor":28}],"player_experience":408351,"relics_obtained":[{"floor":7,"key":"Lizard Tail"},{"floor":9,"key":"FossilizedHelix"},{"floor":11,"key":"hexamod:MatchstickCase"},{"floor":13,"key":"Eternal Feather"},{"floor":23,"key":"MawBank"},{"floor":24,"key":"Pen Nib"},{"floor":25,"key":"Matryoshka"}],"event_choices":[],"is_beta":true,"boss_relics":[{"not_picked":["Runic Dome","Empty Cage"],"picked":"Sozu"}],"items_purged_floors":[8,27],"is_endless":false,"potions_floor_spawned":[2,3,4,16,19,23,26],"killed_by":"Book of Stabbing","ascension_level":1}}