{"host":"1mv6gj0zv8k9e9tz","time":1612163774,"event":{"mods":["AchievementEnabler","BaseMod","Better Third Choice","Colored Map","DeckTracker","Highlight Path","KOR Keyword Fix","Keyboard Shortcuts","Minty Spire (QoL Compilation)","Permanent Neow","Quick Restart","Rare Cards Sparkle","StSLib","SuperFastMode","everything is the same but u backflip on backflip"],"gold_per_floor":[20,30,30,130,149,149,182,182,182,220,243,264,264,289,289,289,289],"floor_reached":16,"language":"KOR","playtime":568,"items_purged":[],"score":185,"play_id":"36d264cc-26d3-45db-aa1d-6088222d4699","local_time":"20210201161614","is_ascension_mode":true,"campfire_choices":[{"data":"Zap","floor":6.0,"key":"SMITH"},{"data":"FTL","floor":8.0,"key":"SMITH"},{"floor":13,"key":"REST"},{"data":"Dualcast","floor":15,"key":"SMITH"}],"circlet_count":0,"master_deck":["AscendersBane","Strike_B","Strike_B","Strike_B","Defend_B","Defend_B","Defend_B","Zap+1","Dualcast+1","All For One","Storm","Gash","FTL+1","Self Repair","Gash","Melter","Go for the Eyes","Rebound"],"relics":["Cracked Core","Golden Idol","CaptainsWheel","Emotion Chip","Art of War"],"acts_visited":["Exordium"],"potions_floor_usage":[11],"damage_taken":[{"damage":2.0,"enemies":"Jaw Worm","floor":1.0,"turns":3.0},{"damage":3.0,"enemies":"2 Louse","floor":2.0,"turns":2.0},{"damage":1.0,"enemies":"Cultist","floor":5.0,"turns":3.0},{"damage":28.0,"enemies":"Gremlin Nob","floor":7.0,"turns":4.0},{"damage":20.0,"enemies":"Lagavulin","floor":10.0,"turns":3.0},{"damage":5,"enemies":"Gremlin Gang","floor":11,"turns":3},{"damage":0,"enemies":"2 Fungi Beasts","floor":12,"turns":2},{"damage":8,"enemies":"Blue Slaver","floor":14,"turns":2},{"damage":19,"enemies":"Hexaghost","floor":16,"turns":7}],"seed_played":"4654190171696451021","potions_obtained":[{"floor":1.0,"key":"SteroidPotion"},{"floor":2.0,"key":"SpeedPotion"},{"floor":5.0,"key":"Fire Potion"}],"is_trial":false,"path_per_floor":["M","M","?","?","M","R","E","R","T","E","M","M","R","M","R","B"],"character_chosen":"DEFECT","items_purchased":[],"campfire_rested":1,"item_purchase_floors":[],"current_hp_per_floor":[66,63,45,45,44,44,23,23,23,10,5,5,27,19,19,0,0],"gold":289,"neow_bonus":"TRANSFORM_TWO_CARDS","is_daily":false,"chose_seed":false,"campfire_upgraded":3,"win_rate":0.0,"timestamp":1612163774,"path_taken":["M","M","?","?","M","R","E","R","T","E","M","M","R","?","R","BOSS"],"items_purchased_type":[],"build_version":"2020-12-22","purchased_purges":0,"victory":false,"max_hp_per_floor":[75,75,75,75,75,75,75,75,75,75,75,75,75,75,75,75,75],"card_choices":[{"not_picked":["Tempest","Sunder"],"picked":"Gash","floor":1.0},{"not_picked":["Compile Driver","Cold Snap"],"picked":"FTL","floor":2.0},{"not_picked":["Turbo","Blizzard"],"picked":"Self Repair","floor":5.0},{"not_picked":["Streamline","Reprogram"],"picked":"Gash","floor":7.0},{"not_picked":["Lockon","Turbo"],"picked":"Melter","floor":10.0},{"not_picked":["Sunder","Gash"],"picked":"Go for the Eyes","floor":11},{"not_picked":["Rip and Tear","Cold Snap"],"picked":"Rebound","floor":12},{"not_picked":["White Noise","Barrage","Sweeping Beam"],"picked":"SKIP","floor":14}],"player_experience":603711,"relics_obtained":[{"floor":7.0,"key":"CaptainsWheel"},{"floor":9.0,"key":"Emotion Chip"},{"floor":10.0,"key":"Art of War"}],"event_choices":[{"damage_healed":0.0,"max_hp_gain":0.0,"max_hp_loss":0.0,"gold_gain":0.0,"event_name":"Golden Idol","player_choice":"Take Damage","floor":3.0,"gold_loss":0.0,"damage_taken":18.0,"relics_obtained":["Golden Idol"]},{"damage_healed":0.0,"max_hp_gain":0.0,"max_hp_loss":0.0,"gold_gain":100.0,"event_name":"Golden Shrine","player_choice":"Pray","floor":4.0,"gold_loss":0.0,"damage_taken":0.0}],"is_beta":false,"boss_relics":[],"items_purged_floors":[],"is_endless":false,"potions_floor_spawned":[1,2,5],"killed_by":"Hexaghost","ascension_level":13}}