{"host":"lq2h7q9ca6uwu60x","time":1612166177,"event":{"mods":["Act Like it!","BaseMod","Gensokyo","Marisa£®ÏF”Í°°ƒß¿Ì…≥£©","Minty Spire (QoL Compilation)","Reimu£®≤©¿ˆ¡È√Œ£©","StSLib","Youmu£®ªÍ∆«—˝√Œ£©"],"gold_per_floor":[110,110,110,122,52,83,8,8,56,156,86,104,17,47,47,47,47],"floor_reached":16,"language":"ZHS","playtime":382,"items_purged":["Pain"],"score":236,"play_id":"b58aa9ff-0666-4c02-8972-318401917115","local_time":"20210201155617","is_ascension_mode":true,"campfire_choices":[{"data":"Enchanting:ReiMu","floor":8,"key":"SMITH"},{"data":"YinYang:ReiMu","floor":15,"key":"SMITH"}],"circlet_count":0,"master_deck":["AscendersBane","Strike_Lin:ReiMu+1","Strike_Lin:ReiMu","Strike_Lin:ReiMu","Strike_Lin:ReiMu","Defend_Lin:ReiMu","Defend_Lin:ReiMu","Defend_Lin:ReiMu","Defend_Lin:ReiMu+1","Stagnation:ReiMu","Enchanting:ReiMu+1","YinYang:ReiMu+1","PrayRite:ReiMu"],"relics":["FlyPower:ReiMu","NeowsBlessing","Happy Flower","Gensokyo:LunaticRedEyes","Nunchaku","Art of War","Tiny Chest","Toy Ornithopter"],"acts_visited":["Exordium"],"potions_floor_usage":[14,16],"damage_taken":[{"damage":0.0,"enemies":"Gensokyo:3_Fairies","floor":1.0,"turns":2.0},{"damage":0.0,"enemies":"Gensokyo:Gryphon","floor":4.0,"turns":1.0},{"damage":0,"enemies":"Gensokyo:Cirno","floor":6,"turns":2},{"damage":0,"enemies":"Gensokyo:2_Kodama","floor":12,"turns":3},{"damage":2,"enemies":"Gensokyo:Mamizou","floor":14,"turns":7},{"damage":11,"enemies":"Gensokyo:Reimu","floor":16,"turns":8}],"seed_played":"-5308425540836702898","potions_obtained":[{"floor":4.0,"key":"Dexterity Potion"},{"floor":6,"key":"EssenceOfSteel"},{"floor":12,"key":"LiquidFlight:ReiMu"}],"is_trial":false,"path_per_floor":["M","?","?","M","?","E","$","R","T","?","?","M","$","E","R","B"],"character_chosen":"REIMU","items_purchased":["YinYang:ReiMu"],"campfire_rested":0,"item_purchase_floors":[13],"current_hp_per_floor":[54,54,54,54,54,54,54,54,54,54,54,54,54,52,52,46,46],"gold":47,"neow_bonus":"THREE_ENEMY_KILL","is_daily":false,"chose_seed":false,"campfire_upgraded":2,"win_rate":0.0,"timestamp":1612166177,"path_taken":["M","?","?","M","?","E","$","R","T","?","?","?","$","E","R","BOSS"],"items_purchased_type":["Card"],"build_version":"2020-12-22","purchased_purges":1,"victory":false,"max_hp_per_floor":[60,60,60,60,60,60,60,60,60,60,60,60,60,60,60,60,60],"card_choices":[{"not_picked":["PhosphorusFlame:ReiMu","ForcedLanding:ReiMu"],"picked":"Enchanting:ReiMu","floor":1.0},{"not_picked":["TightArray:ReiMu","RainPray2:ReiMu","Enchanting:ReiMu"],"picked":"SKIP","floor":4.0},{"not_picked":["AirStrike:ReiMu","Intuition:ReiMu","ManaGlint:ReiMu"],"picked":"SKIP","floor":6},{"not_picked":["Amulet:ReiMu","SpringWay:ReiMu","CareerPray:ReiMu"],"picked":"SKIP","floor":12},{"not_picked":["YinYangSign:ReiMu","AirStrike:ReiMu"],"picked":"PrayRite:ReiMu","floor":14}],"player_experience":1037417,"relics_obtained":[{"floor":6,"key":"Art of War"},{"floor":9,"key":"Tiny Chest"},{"floor":14,"key":"Toy Ornithopter"}],"event_choices":[],"is_beta":false,"boss_relics":[],"items_purged_floors":[7],"is_endless":false,"potions_floor_spawned":[4,6,12],"killed_by":"Gensokyo:Reimu","ascension_level":19}}