{"host":"mz05ln5rr3kgnz5g","time":1612210428,"event":{"mods":["Aspiration","BaseMod","BetterRewards","Conspire","Downfall","Energized Spire","Friendly Minions","GifTheSpireLib","Gold Saver","Halation","Hermit","Hubris","Infinite Spire","Jedi Mod","Jorbs\u0027s Wanderer Trilogy","Kratos Character Expansion","Mimic Mod","Minty Spire (QoL Compilation)","Permanent Neow","Poor People Problems","Reliquary","Replay The Spire","RumiaBox-????????","Shop Mod","Spicy Shops","Spikes Relics","StSLib","Stuff the Spire","SuperFastMode","The Hierophant","The Jungle","TheHero","Trackpad","Wandering Minibosses"],"gold_per_floor":[113,52,64,77,90,122,134,159,192,192,192,0,0],"floor_reached":12,"language":"ENG","playtime":2028,"items_purged":[],"score":95,"play_id":"0df28966-84df-4d70-a5bd-1873795eb1fa","local_time":"20210201121348","daily_mods":["Elite Swarm"],"is_ascension_mode":true,"campfire_choices":[{"data":"animeID:Iida","floor":11,"key":"SMITH"}],"circlet_count":0,"master_deck":["animeID:Deku","animeID:Bakugo","animeID:Smash","animeID:Smash","animeID:Smash","animeID:Smash","animeID:DefendMH","animeID:DefendMH","animeID:DefendMH","animeID:DefendMH","animeID:Mezo","animeID:Thirteen","jedi:thedog","animeID:Kendo","animeID:DetroitDelaware","animeID:Kirishima","animeID:Mezo","animeID:Iida+1","animeID:Endeavor","animeID:Kirishima","animeID:USA_Smash","animeID:DefendMH","animeID:Iida"],"relics":["animeID:HeroCostume","Darkstone Periapt","Baka2","bronze:BronzeIdol","Bronze Scales","SpikesRelics:DaevaFist"],"acts_visited":["Exordium"],"potions_floor_usage":[12],"damage_taken":[{"damage":1,"enemies":"Jaw Worm","floor":1,"turns":3},{"damage":0,"enemies":"Cultist","floor":3,"turns":2},{"damage":1,"enemies":"conspire:RoseBush","floor":4,"turns":6},{"damage":2,"enemies":"conspire:2 RoseBushes","floor":5,"turns":5},{"damage":67,"enemies":"Lagavulin","floor":6,"turns":4},{"damage":10,"enemies":"Looter","floor":7,"turns":2},{"damage":2,"enemies":"Replay:BlueRogue","floor":8,"turns":3},{"damage":0,"enemies":"2 Fungi Beasts","floor":9,"turns":7},{"damage":25,"enemies":"Lagavulin","floor":12,"turns":3}],"seed_played":"-1428443313627480165","potions_obtained":[{"floor":3,"key":"SpeedPotion"},{"floor":6,"key":"jedi:wingpotion"},{"floor":8,"key":"BlessingOfTheForge"}],"is_trial":true,"path_per_floor":["M","?","M","M","M","E","M","E","MIM","?","R","E"],"character_chosen":"THE_HERO","items_purchased":[],"campfire_rested":0,"item_purchase_floors":[],"current_hp_per_floor":[74,74,75,80,81,16,6,8,10,10,10,0,0],"gold":0,"neow_bonus":"","is_daily":false,"chose_seed":false,"campfire_upgraded":1,"win_rate":0.0,"timestamp":1612210428,"path_taken":["M","?","M","M","?","E","M","E","MIM","?","R","E"],"items_purchased_type":[],"build_version":"2020-12-22","purchased_purges":0,"victory":false,"max_hp_per_floor":[75,75,75,81,81,81,81,81,81,81,81,81,81],"card_choices":[{"not_picked":["animeID:Uraraka","animeID:HighFive"],"picked":"animeID:Mezo","floor":1},{"not_picked":["animeID:Ojiro","animeID:ShootStyle"],"picked":"animeID:Thirteen","floor":3},{"not_picked":["animeID:RecoveryGirl","animeID:Dabi"],"picked":"animeID:Kendo","floor":4},{"not_picked":["animeID:TodorokiShoto","animeID:SkinnyGum"],"picked":"animeID:DetroitDelaware","floor":4},{"not_picked":["animeID:ToruHagakure","animeID:Momo"],"picked":"animeID:Kirishima","floor":4},{"not_picked":["animeID:TodorokiShoto","animeID:Tsuyu"],"picked":"animeID:Mezo","floor":4},{"not_picked":["animeID:Momo","animeID:Kirishima"],"picked":"animeID:Iida","floor":5},{"not_picked":["animeID:ProminenceBurn","animeID:Shigaraki"],"picked":"animeID:Endeavor","floor":6},{"not_picked":["animeID:Hatsume","animeID:Aoyama"],"picked":"animeID:Kirishima","floor":7},{"not_picked":["animeID:Eri","animeID:Hawks"],"picked":"animeID:USA_Smash","floor":8},{"not_picked":["animeID:Mezo","animeID:Mineta"],"picked":"animeID:Iida","floor":9}],"player_experience":46035,"relics_obtained":[{"floor":1,"key":"Baka"},{"floor":3,"key":"Baka2"},{"floor":6,"key":"bronze:BronzeIdol"},{"floor":8,"key":"Bronze Scales"},{"floor":9,"key":"SpikesRelics:DaevaFist"}],"event_choices":[{"damage_healed":0,"gold_gain":0,"player_choice":"Paid Gold","damage_taken":0,"relics_obtained":["Darkstone Periapt"],"max_hp_gain":0,"max_hp_loss":0,"event_name":"WeMeetAgain","floor":2,"gold_loss":61},{"damage_healed":0,"gold_gain":0,"player_choice":"Fled","damage_taken":0,"max_hp_gain":0,"max_hp_loss":0,"event_name":"Scrap Ooze","floor":10,"gold_loss":0}],"is_beta":false,"boss_relics":[],"items_purged_floors":[],"is_endless":false,"potions_floor_spawned":[3,6,8],"killed_by":"Lagavulin","ascension_level":1}}