{"host":"piuz6nvfxy08hmbs","time":1612223412,"event":{"mods":["100% Spire Juice","ATMod(阿瑾Mod)","Arknights","Ascension Reborn","Aspiration","BaseMod","Better Altar","Better Match","Better Note","Better Sensory Stone","Better Skull","Better Vampires","Better-Laid Plans","BetterRewards","Colored Powertips","Curses Come First","Dark Map","Defuse TimeMaze Blight","Downfall","Energized Spire","Grow up Mod","Minty Spire (QoL Compilation)","Red Circlet Mod","Relic Filter Mod","Reliquary","Remove Card Discount Mod","Replay The Spire","Reworked Bosses","RumiaBox-露米娅的神秘盒子","Ryuuou龙王","Shop Mod","Spicy Shops","StSLib","TestMod","The Runesmith","Transform Curses","Uncapped","UnlockEverythingMod","Waifu the Spire","Wide Potions","[GremlinLeader]The Maniac","【功能Mod】混沌之环修复补丁","【遗物卡牌】REMEMod"],"gold_per_floor":[119,119,29,41,60,100,136,179,179,26,36,91,135,158,167,272,272,285,294,219,233,19,19,19,62,62,71,71,82,110,124,124,237,237,247,247,247,263,263,272,272,320,320,329,329,56,76,114,114,114,114,114,14,48,48],"floor_reached":56,"language":"ZHS","playtime":4491,"items_purged":["bronze:Strike+1","bronze:Strike+1","bronze:Strike+1","bronze:Strike+1","bronze:Defend+1","bronze:ChildClass","bronze:Turbo","bronze:Defend+1","bronze:DelayedSlice","bronze:DelayedSlice","bronze:Defend","bronze:Defend","Shame","Decay","bronze:WhirlingStrike+1","bronze:Replicate+1"],"score":1487,"play_id":"58462f9a-2a39-4d8f-8468-f1fe639b6f9d","local_time":"20210202075012","daily_mods":["Vintage","Heirloom","Time Dilation","Flight"],"is_ascension_mode":true,"campfire_choices":[{"data":"bronze:Fortify","floor":15,"key":"PURGE"},{"floor":23,"key":"RECALL"},{"data":"expansioncontent:DashGenerateEvil","floor":24,"key":"SMITH"},{"data":"bronze:SpaghettiCode","floor":27,"key":"SMITH"},{"data":"bronze:Format","floor":27,"key":"SMITH"},{"floor":32,"key":"REST"},{"data":"bronze:AlphaBuild","floor":40,"key":"SMITH"},{"data":"bronze:Flail","floor":40,"key":"SMITH"},{"data":"bronze:WhirlingStrike","floor":41,"key":"SMITH"},{"data":"bronze:Verify","floor":41,"key":"SMITH"},{"data":"bronze:Branch","floor":44,"key":"SMITH"},{"data":"AT_DarkMatter","floor":44,"key":"SMITH"},{"floor":52,"key":"REST"}],"circlet_count":0,"master_deck":["bronze:Goto+1","expansioncontent:DashGenerateEvil+1","bronze:Repulsor+1","bronze:SpaghettiCode+1","bronze:Verify+1","AT_DarkMatter+1","bronze:Iterate+1","bronze:Format+1","bronze:AlphaBuild+1","bronze:Flail+1","bronze:Branch+1","AT_CaressingTears+1"],"relics":["bronze:BronzeCore","AT_ATBox","Ring of Chaos","replay:Trail_Library","testmod-TestBox","REME_ComplimentaryCards","reliquary:OuijaBoard","testmod-IndustrialRevolution","Pondfish Scales","NlothsMask","Replay:Bottled Snecko","CeramicFish","Simple Rune","Question Card","REME_HourglassOfDeath","Pet Ghost","Chameleon Ring","AT_ArchangelStaff","Akabeko","SlaversCollar","reliquary:NewFriend","AT_ArcaneBoots","sneckomod:BlankCard","Replay:Arrowhead","Replay:Baseball","bronze:BronzeIdol","Gremlin Food","aspiration:IroncladSkillbook","Replay:Ringing Soul","Replay:Rubber Ducky","testmod-CyclicPeriapt","Snack Pack","Ring of Hypnosis","REME_CardOfGreed","Membership Card","reliquary:RoseTintedGlasses","Toy Ornithopter","Pantograph","aspiration:Nostalgia","champ:ChampionCrown","AT_SunfireAegis","aspiration:ChemicalBlood"],"acts_visited":["Exordium","TheCity","TheBeyond","TheEnding"],"potions_floor_usage":[42],"damage_taken":[{"damage":0,"enemies":"Jaw Worm","floor":1,"turns":3},{"damage":0,"enemies":"Cultist","floor":4,"turns":3},{"damage":0,"enemies":"2 Louse","floor":5,"turns":4},{"damage":0,"enemies":"3 Sentries","floor":6,"turns":7},{"damage":14,"enemies":"Replay:BlueRogue","floor":7,"turns":7},{"damage":2,"enemies":"3 Sentries","floor":8,"turns":6},{"damage":0,"enemies":"Exordium Wildlife","floor":11,"turns":3},{"damage":0,"enemies":"Gremlin Nob","floor":12,"turns":4},{"damage":0,"enemies":"Lagavulin","floor":13,"turns":5},{"damage":12,"enemies":"Hexaghost","floor":16,"turns":5},{"damage":0,"enemies":"Shell Parasite","floor":18,"turns":2},{"damage":0,"enemies":"3 Byrds","floor":21,"turns":3},{"damage":3,"enemies":"Gremlin Leader","floor":25,"turns":3},{"damage":0,"enemies":"Snake Plant","floor":29,"turns":2},{"damage":0,"enemies":"Replay:Snechameleon","floor":30,"turns":2},{"damage":0,"enemies":"Sentry and Sphere","floor":31,"turns":2},{"damage":25,"enemies":"bossMod:newCollector","floor":33,"turns":4},{"damage":4,"enemies":"3 Darklings","floor":35,"turns":2},{"damage":4,"enemies":"3 Shapes","floor":38,"turns":3},{"damage":2,"enemies":"2 Orb Walkers","floor":42,"turns":2},{"damage":8,"enemies":"Maw","floor":47,"turns":5},{"damage":0,"enemies":"R_Hoarder","floor":48,"turns":5},{"damage":10,"enemies":"bossMod:newAwakened","floor":50,"turns":5},{"damage":0,"enemies":"Shield and Spear","floor":54,"turns":5},{"damage":81,"enemies":"The Heart","floor":55,"turns":7}],"seed_played":"-2353653059316290451","potions_obtained":[{"floor":4,"key":"FairyPotion"},{"floor":42,"key":"REME_GoldPotion"},{"floor":49,"key":"Regen Potion"}],"is_trial":true,"path_per_floor":["M","?","$","M","M","E","E","E","T","$","M","?","E","T","R","B",null,"M","?","?","M","$","R","R","E","T","R","?","M","E","M","R","B",null,"M","?","?","M","T","R","R","?","T","R","?","$","M","E","R","B",null,"R","$","E","B",null],"character_chosen":"THE_AUTOMATON","items_purchased":["bronze:Repulsor","Pet Ghost","bronze:WhirlingStrike","sneckomod:BlankCard","REME_CardOfGreed","Membership Card","reliquary:RoseTintedGlasses","aspiration:Nostalgia","AT_SunfireAegis"],"campfire_rested":2,"item_purchase_floors":[3,10,22,22,46,46,46,53,53],"current_hp_per_floor":[90,100,110,120,130,140,136,144,154,164,174,184,194,204,214,212,250,260,270,280,290,300,310,320,327,337,347,357,367,377,387,400,385,420,430,397,450,460,470,483,493,503,513,526,536,549,555,572,582,586,602,612,625,635,573],"gold":48,"neow_bonus":"","is_daily":false,"chose_seed":false,"campfire_upgraded":9,"win_rate":0.0,"timestamp":1612223412,"path_taken":["M","?","$","?","M","E","E","E","T","$","M","?","E","?","R","BOSS","M","?","?","M","?","R","R","E","T","R","?","M","E","M","R","BOSS","M","?","?","?","?","R","R","?","T","R","?","$","M","E","R","BOSS","R","$","E","BOSS"],"items_purchased_type":["Card","Relic","Card","Relic","Relic","Relic","Relic","Relic","Relic"],"build_version":"2020-12-22","purchased_purges":16,"victory":true,"max_hp_per_floor":[90,100,110,120,130,140,150,160,170,180,190,200,210,220,230,240,250,260,270,280,290,300,310,320,330,340,350,360,370,380,390,400,410,420,430,440,450,460,470,483,493,503,513,526,536,549,559,572,582,592,602,612,625,635,645],"card_choices":[{"not_picked":["bronze:BronzeOrb","bronze:Mutator"],"picked":"bronze:Turbo","floor":6},{"not_picked":["bronze:BitShift","bronze:CutThrough"],"picked":"bronze:DelayedSlice","floor":7},{"not_picked":["bronze:Repulsor","bronze:Overheat","bronze:Allocate"],"picked":"bronze:Fortify","floor":8},{"not_picked":["bronze:WhirlingStrike","bronze:Iterate","bronze:Invalidate"],"picked":"bronze:SpaghettiCode","floor":13},{"not_picked":["bronze:Format","bronze:Virus","bronze:ShipIt"],"picked":"bronze:Verify","floor":16},{"not_picked":["bronze:Deprecate+1","bronze:CutThrough+1","bronze:Branch"],"picked":"bronze:Iterate+1","floor":25},{"not_picked":["bronze:Repair+1","bronze:ChildClass","bronze:Philosophize+1","bronze:WildBeam+1"],"picked":"SKIP","floor":30},{"not_picked":["bronze:HardenedForm","bronze:Virus","bronze:Verify"],"picked":"bronze:AlphaBuild","floor":33},{"not_picked":["Sever Soul","Havoc","Power Through","Thunderclap+1"],"picked":"AT_CaressingTears+1","floor":48},{"not_picked":["Pommel Strike+1","bronze:Backtrace+1","Rampage","AT_GerminateFire","bronze:Format"],"picked":"SKIP","floor":54}],"player_experience":7489,"relics_obtained":[{"floor":1,"key":"Pondfish Scales"},{"floor":4,"key":"Replay:Bottled Snecko"},{"floor":5,"key":"CeramicFish"},{"floor":6,"key":"Simple Rune"},{"floor":7,"key":"Question Card"},{"floor":8,"key":"REME_HourglassOfDeath"},{"floor":11,"key":"Chameleon Ring"},{"floor":12,"key":"AT_ArchangelStaff"},{"floor":13,"key":"Akabeko"},{"floor":18,"key":"reliquary:NewFriend"},{"floor":21,"key":"AT_SpeedBoots"},{"floor":25,"key":"Replay:Arrowhead"},{"floor":26,"key":"Replay:Baseball"},{"floor":29,"key":"bronze:BronzeIdol"},{"floor":31,"key":"Gremlin Food"},{"floor":38,"key":"Replay:Ringing Soul"},{"floor":39,"key":"Replay:Rubber Ducky"},{"floor":42,"key":"testmod-CyclicPeriapt"},{"floor":43,"key":"Snack Pack"},{"floor":45,"key":"Ring of Hypnosis"},{"floor":47,"key":"Toy Ornithopter"},{"floor":48,"key":"Pantograph"},{"floor":54,"key":"aspiration:ChemicalBlood"}],"event_choices":[{"damage_healed":0,"gold_gain":0,"player_choice":"Trade","damage_taken":0,"relics_obtained":["NlothsMask"],"max_hp_gain":0,"max_hp_loss":0,"event_name":"FaceTrader","floor":2,"gold_loss":0},{"damage_healed":0,"gold_gain":30,"player_choice":"Searched \u00273\u0027 times","damage_taken":0,"max_hp_gain":0,"max_hp_loss":0,"event_name":"Dead Adventurer","floor":12,"gold_loss":0},{"damage_healed":0,"gold_gain":0,"player_choice":"Take","damage_taken":0,"max_hp_gain":0,"max_hp_loss":0,"event_name":"betterNote:BetterNote","floor":19,"gold_loss":0,"cards_obtained":["AT_DarkMatter"]},{"damage_healed":0,"gold_gain":0,"player_choice":"3","damage_taken":0,"max_hp_gain":0,"max_hp_loss":0,"event_name":"betterMatch:BetterMatch","floor":20,"gold_loss":0,"cards_obtained":[]},{"damage_healed":0,"gold_gain":0,"player_choice":"Ignored","damage_taken":43,"max_hp_gain":0,"max_hp_loss":0,"event_name":"恩洛斯的盘子","floor":36,"gold_loss":0},{"damage_healed":0,"gold_gain":0,"player_choice":"Fight","damage_taken":0,"max_hp_gain":0,"max_hp_loss":0,"event_name":"Mysterious Sphere","floor":42,"gold_loss":0}],"is_beta":false,"boss_relics":[{"not_picked":["Snecko Heart","testmod-BloodSacrificeSpiritualization"],"picked":"SlaversCollar"},{"not_picked":["testmod-IncinerationGenerator","Velvet Choker"],"picked":"aspiration:IroncladSkillbook"}],"items_purged_floors":[3,3,3,3,3,10,10,10,22,22,22,22,46,53,53,53],"is_endless":false,"potions_floor_spawned":[4,5,12,16,18,30,35,42,54],"ascension_level":0}}