{"host":"rolltorest","time":1612170547,"event":{"mods":["BaseMod","Minty Spire (QoL Compilation)","Relic Stats","Slay the Relics Exporter","StSLib"],"gold_per_floor":[112,127,144,69,84,116,116,129,129,160,180,208,226,241,241,313,313,332,332,2,15,15,52,52,52,52],"floor_reached":25,"language":"ENG","playtime":589,"items_purged":[],"score":640,"play_id":"0b70c0bc-2b74-44e1-962d-5d5f4af5ae75","local_time":"20210201010907","is_ascension_mode":true,"campfire_choices":[{"data":"Conclude","floor":7,"key":"SMITH"},{"data":"Meditate","floor":15,"key":"SMITH"}],"circlet_count":0,"master_deck":["AscendersBane","Strike_P","Strike_P","Strike_P","Strike_P","Defend_P","Defend_P","Defend_P","Defend_P","Eruption","Vigilance","CrushJoints","Consecrate","Consecrate","Conclude+1","Tantrum","ClearTheMind","FlurryOfBlows","FollowUp+1","Wallop+1","Scrawl","Meditate+1","CutThroughFate+1","SpiritShield","Halt+1","MentalFortress","Tantrum+1","EmptyBody","ThirdEye","Fasting2"],"relics":["Coffee Dripper","Kunai","Molten Egg 2","Damaru","Ornamental Fan","Black Star","OrangePellets","CeramicFish","Lantern","MutagenicStrength"],"acts_visited":["Exordium","TheCity"],"potions_floor_usage":[6,13,21,25],"damage_taken":[{"damage":0,"enemies":"Cultist","floor":1,"turns":3},{"damage":7,"enemies":"Jaw Worm","floor":2,"turns":4},{"damage":0,"enemies":"2 Louse","floor":3,"turns":2},{"damage":9,"enemies":"Exordium Wildlife","floor":5,"turns":3},{"damage":19,"enemies":"3 Sentries","floor":6,"turns":2},{"damage":11,"enemies":"Looter","floor":8,"turns":2},{"damage":0,"enemies":"Gremlin Nob","floor":10,"turns":2},{"damage":6,"enemies":"2 Fungi Beasts","floor":11,"turns":3},{"damage":0,"enemies":"Lagavulin","floor":12,"turns":3},{"damage":0,"enemies":"Exordium Thugs","floor":13,"turns":2},{"damage":0,"enemies":"Looter","floor":14,"turns":2},{"damage":2,"enemies":"Hexaghost","floor":16,"turns":6},{"damage":30,"enemies":"3 Byrds","floor":18,"turns":5},{"damage":6,"enemies":"Chosen","floor":21,"turns":3},{"damage":0,"enemies":"Gremlin Leader","floor":23,"turns":3},{"damage":20,"enemies":"Slavers","floor":25,"turns":1}],"seed_played":"-1571596534579332666","potions_obtained":[{"floor":2,"key":"Energy Potion"},{"floor":3,"key":"DistilledChaos"},{"floor":14,"key":"Dexterity Potion"},{"floor":18,"key":"Regen Potion"}],"is_trial":false,"path_per_floor":["M","M","M","$","M","E","R","M","T","E","M","E","M","M","R","B",null,"M","?","$","M","$","E","?","E"],"character_chosen":"WATCHER","items_purchased":["Conclude","MentalFortress","OrangePellets","Tantrum+1","EmptyBody"],"campfire_rested":0,"item_purchase_floors":[4,20,20,20,20],"current_hp_per_floor":[61,54,54,54,45,26,26,15,15,15,9,9,9,9,9,7,53,23,17,17,20,20,20,20,0,0],"gold":52,"neow_bonus":"BOSS_RELIC","is_daily":false,"chose_seed":false,"campfire_upgraded":2,"win_rate":0.0,"timestamp":1612170547,"path_taken":["M","M","M","$","M","E","R","M","T","E","M","E","?","M","R","BOSS","M","?","$","?","?","E","?","E"],"items_purchased_type":["Card","Card","Relic","Card","Card"],"build_version":"2020-12-18","purchased_purges":0,"victory":false,"max_hp_per_floor":[68,68,68,68,68,68,68,68,68,68,68,68,68,68,68,68,68,68,68,68,68,68,68,68,68,68],"relic_stats":{"OrangePellets":[0],"counters":[16,46],"Ornamental Fan":[68],"CeramicFish":9,"Black Star":1,"Kunai":[23],"obtain_stats":[{"OrangePellets":20,"Lantern":23,"Ornamental Fan":12,"CeramicFish":23,"MutagenicStrength":24,"Damaru":10,"Molten Egg 2":9,"Coffee Dripper":0,"Black Star":17,"Kunai":6,"PureWater":0},{"OrangePellets":13,"Lantern":15,"Ornamental Fan":9,"CeramicFish":15,"MutagenicStrength":15,"Damaru":7,"Molten Egg 2":6,"Coffee Dripper":0,"Black Star":12,"Kunai":5,"PureWater":0},{"OrangePellets":39,"Lantern":45,"Ornamental Fan":24,"CeramicFish":45,"MutagenicStrength":45,"Damaru":18,"Molten Egg 2":16,"Coffee Dripper":0,"Black Star":34,"Kunai":14,"PureWater":0}]},"card_choices":[{"not_picked":["SashWhip","WreathOfFlame"],"picked":"CrushJoints","floor":1},{"not_picked":["Fasting2","FlyingSleeves"],"picked":"Consecrate","floor":2},{"not_picked":["Evaluate","Nirvana"],"picked":"Consecrate","floor":3},{"not_picked":["Crescendo","ThirdEye"],"picked":"Tantrum","floor":5},{"not_picked":["FlyingSleeves","Conclude"],"picked":"ClearTheMind","floor":6},{"not_picked":["Ragnarok","FollowUp"],"picked":"FlurryOfBlows","floor":8},{"not_picked":["Pray","ClearTheMind"],"picked":"FollowUp+1","floor":10},{"not_picked":["EmptyFist+1","InnerPeace"],"picked":"Wallop+1","floor":11},{"not_picked":["WaveOfTheHand","FollowUp+1"],"picked":"Scrawl","floor":12},{"not_picked":["CutThroughFate+1","Perseverance"],"picked":"Meditate","floor":13},{"not_picked":["Study","FlyingSleeves+1"],"picked":"CutThroughFate+1","floor":14},{"not_picked":["MasterReality","Ragnarok+1"],"picked":"SpiritShield","floor":16},{"not_picked":["CutThroughFate+1","Consecrate+1"],"picked":"Halt+1","floor":18},{"not_picked":["ClearTheMind","JustLucky+1"],"picked":"ThirdEye","floor":21},{"not_picked":["MasterReality","PathToVictory"],"picked":"Fasting2","floor":23}],"player_experience":1795315,"relics_obtained":[{"floor":6,"key":"Kunai"},{"floor":9,"key":"Molten Egg 2"},{"floor":10,"key":"Damaru"},{"floor":12,"key":"Ornamental Fan"},{"floor":23,"key":"CeramicFish"},{"floor":23,"key":"Lantern"}],"event_choices":[{"damage_healed":0,"gold_gain":0,"player_choice":"","damage_taken":6,"max_hp_gain":0,"max_hp_loss":0,"event_name":"Knowing Skull","floor":19,"potions_obtained":[],"gold_loss":0,"cards_obtained":[]},{"damage_healed":0,"gold_gain":0,"player_choice":"Inject Mutagens","damage_taken":0,"relics_obtained":["MutagenicStrength"],"max_hp_gain":0,"max_hp_loss":0,"event_name":"Drug Dealer","floor":24,"gold_loss":0}],"is_beta":true,"boss_relics":[{"not_picked":["Runic Dome","Philosopher\u0027s Stone"],"picked":"Black Star"}],"items_purged_floors":[],"is_endless":false,"potions_floor_spawned":[2,3,5,14,18],"killed_by":"Slavers","ascension_level":20}}