{"host":"jpcy2bclvs7juczu","time":1612198189,"event":{"mods":["Alarm Clock","BaseMod","Bestiary","Block Reminder","Colored Map","Colored Powertips","Curses Come First","Dark Map","Filter the Spire","Minty Spire (QoL Compilation)","Quick Restart","RNG Fix","Random Character Button","Relic Stats","Slay the Relics Exporter","Smile Girya","StSLib","everything is the same but u backflip on backflip","ojb\u0027s Better Paths Mod","ojb\u0027s Info Mod","slay the spire mod where everything is the same but ironclad has a cowboy hat"],"gold_per_floor":[114,133,145,145,160,192,192,203,203,203,203,203,232,244,244,319,319,336,346,380,400,123,157,157,157,157],"floor_reached":25,"language":"ENG","playtime":972,"items_purged":["Strike_R"],"score":466,"play_id":"de868b02-5479-4715-905f-a9b4682f6759","local_time":"20210201114949","is_ascension_mode":true,"campfire_choices":[{"data":"Immolate","floor":7.0,"key":"SMITH"},{"data":"Second Wind","floor":10.0,"key":"SMITH"},{"data":"Power Through","floor":12.0,"key":"SMITH"},{"floor":15.0,"key":"REST"},{"floor":24.0,"key":"REST"}],"circlet_count":0,"master_deck":["AscendersBane","Strike_R","Strike_R","Strike_R","Defend_R+1","Defend_R","Defend_R","Defend_R+1","Bash","Immolate+1","Carnage","Second Wind+1","Reaper","Power Through+1","Feed","Barricade","Shockwave"],"relics":["Burning Blood","Nunchaku","Singing Bowl","Bag of Preparation","Mark of Pain","Red Mask","Potion Belt"],"acts_visited":["Exordium","TheCity"],"potions_floor_usage":[],"damage_taken":[{"damage":1.0,"enemies":"Cultist","floor":1.0,"turns":3.0},{"damage":0.0,"enemies":"Small Slimes","floor":2.0,"turns":2.0},{"damage":5.0,"enemies":"2 Louse","floor":3.0,"turns":2.0},{"damage":0.0,"enemies":"Exordium Wildlife","floor":5.0,"turns":2.0},{"damage":22.0,"enemies":"Lagavulin","floor":6.0,"turns":6.0},{"damage":0.0,"enemies":"2 Fungi Beasts","floor":8.0,"turns":2.0},{"damage":40.0,"enemies":"Gremlin Nob","floor":13.0,"turns":5.0},{"damage":9.0,"enemies":"Looter","floor":14.0,"turns":4.0},{"damage":38.0,"enemies":"The Guardian","floor":16.0,"turns":13.0},{"damage":26.0,"enemies":"3 Byrds","floor":18.0,"turns":4.0},{"damage":23.0,"enemies":"Chosen","floor":19.0,"turns":6.0},{"damage":0.0,"enemies":"Masked Bandits","floor":20.0,"turns":3.0},{"damage":13.0,"enemies":"Snecko","floor":21.0,"turns":8.0},{"damage":47.0,"enemies":"Slavers","floor":23.0,"turns":8.0},{"damage":47,"enemies":"Gremlin Leader","floor":25,"turns":5}],"seed_played":"-3126096851977645688","potions_obtained":[{"floor":1.0,"key":"Strength Potion"},{"floor":13.0,"key":"Explosive Potion"},{"floor":14.0,"key":"LiquidMemories"},{"floor":16.0,"key":"Weak Potion"},{"floor":19.0,"key":"Block Potion"}],"is_trial":false,"path_per_floor":["M","M","M","?","M","E","R","M","T","R","?","R","E","M","R","B",null,"M","M","?","M","$","E","R","E"],"character_chosen":"IRONCLAD","items_purchased":["Barricade","PowerPotion"],"campfire_rested":2,"item_purchase_floors":[22,22],"current_hp_per_floor":[68,68,68,48,54,38,38,44,44,44,44,44,12,15,36,8,56,47,36,47,46,46,11,36,0,0],"gold":157,"neow_bonus":"THREE_RARE_CARDS","is_daily":false,"chose_seed":false,"campfire_upgraded":3,"win_rate":0.0,"timestamp":1612198189,"path_taken":["M","M","M","?","M","E","R","M","T","R","?","R","E","M","R","BOSS","M","M","?","M","$","E","R","E"],"items_purchased_type":["Card","Potion"],"build_version":"2020-12-22","purchased_purges":1,"victory":false,"max_hp_per_floor":[68,68,68,68,68,68,68,68,68,68,68,68,70,72,72,72,72,77,79,84,86,86,86,86,86,86],"relic_stats":{"Nunchaku":[8],"Singing Bowl":12,"counters":[15,73],"Bag of Preparation":[16],"obtain_stats":[{"Potion Belt":23,"Nunchaku":6,"Singing Bowl":9,"Mark of Pain":17,"Bag of Preparation":13,"Red Mask":20,"Burning Blood":0},{"Potion Belt":14,"Nunchaku":5,"Singing Bowl":6,"Mark of Pain":9,"Bag of Preparation":7,"Red Mask":12,"Burning Blood":0},{"Potion Belt":68,"Nunchaku":15,"Singing Bowl":17,"Mark of Pain":39,"Bag of Preparation":22,"Red Mask":52,"Burning Blood":0}],"Burning Blood":72},"card_choices":[{"not_picked":["Reaper","Bludgeon"],"picked":"Immolate","floor":0.0},{"not_picked":["Heavy Blade","Flex"],"picked":"Carnage","floor":1.0},{"not_picked":["Infernal Blade","Anger","Heavy Blade"],"picked":"SKIP","floor":2.0},{"not_picked":["Combust","Blood for Blood"],"picked":"Second Wind","floor":3.0},{"not_picked":["Warcry","Perfected Strike","Thunderclap"],"picked":"SKIP","floor":5.0},{"not_picked":["Combust","Whirlwind"],"picked":"Reaper","floor":6.0},{"not_picked":["True Grit","Cleave","Rupture"],"picked":"SKIP","floor":8.0},{"not_picked":["Twin Strike","Whirlwind","Perfected Strike"],"picked":"Singing Bowl","floor":13.0},{"not_picked":["Pummel","Spot Weakness","Sever Soul"],"picked":"Singing Bowl","floor":14.0},{"not_picked":["Bludgeon","Offering"],"picked":"Feed","floor":16.0},{"not_picked":["Rupture","Iron Wave+1","Intimidate"],"picked":"Singing Bowl","floor":18.0},{"not_picked":["Inflame","Pommel Strike","Uppercut"],"picked":"Singing Bowl","floor":19.0},{"not_picked":["Spot Weakness","Entrench","Rupture"],"picked":"Singing Bowl","floor":20.0},{"not_picked":["Thunderclap+1","Sentinel","Sever Soul"],"picked":"Singing Bowl","floor":21.0},{"not_picked":["Rage","Seeing Red"],"picked":"Shockwave","floor":23.0}],"player_experience":1541550,"relics_obtained":[{"floor":6.0,"key":"Nunchaku"},{"floor":9.0,"key":"Singing Bowl"},{"floor":13.0,"key":"Bag of Preparation"},{"floor":20.0,"key":"Red Mask"},{"floor":23.0,"key":"Potion Belt"}],"event_choices":[{"damage_healed":0.0,"max_hp_gain":0.0,"max_hp_loss":0.0,"gold_gain":0.0,"event_name":"Shining Light","player_choice":"Entered Light","floor":4.0,"gold_loss":0.0,"damage_taken":20.0,"cards_upgraded":["Defend_R","Defend_R"]},{"damage_healed":0.0,"max_hp_gain":0.0,"max_hp_loss":0.0,"gold_gain":0.0,"cards_transformed":["Strike_R"],"event_name":"Living Wall","player_choice":"Change","floor":11.0,"gold_loss":0.0,"damage_taken":0.0,"cards_obtained":["Power Through"]},{"damage_healed":0.0,"max_hp_gain":0.0,"max_hp_loss":0.0,"gold_gain":0.0,"event_name":"Masked Bandits","player_choice":"Fought Bandits","floor":20.0,"gold_loss":0.0,"damage_taken":0.0}],"is_beta":false,"boss_relics":[{"not_picked":["SlaversCollar","Runic Dome"],"picked":"Mark of Pain"}],"items_purged_floors":[22],"is_endless":false,"potions_floor_spawned":[1,13,14,16,19],"killed_by":"Gremlin Leader","ascension_level":20}}