{"host":"tq99ucv8ezzqzioe","time":1612206443,"event":{"mods":["BaseMod","Colored Map","Downfall","Highlight Path","Minty Spire (QoL Compilation)","StSLib"],"gold_per_floor":[99,109,124,124,144,204,257,292,92,122,152,165,165,182,200,299,299,299,318,73,93,178,209,209,222,122,122,122,177,177,232,292,435,435,435,494,585,585,10,62,62,121,65,65,125,200,200,268,318,318,318,388,10,10,10,10,10,10],"floor_reached":56,"language":"ENG","playtime":5752,"items_purged":["Guardian:Strike_Guardian","Guardian:Defend_Guardian","Guardian:Defend_Guardian"],"score":1050,"play_id":"b94b3064-3e24-4163-bb05-e58e9c59996c","local_time":"20210201140723","is_ascension_mode":true,"campfire_choices":[{"floor":1,"key":"RECALL"},{"data":"Guardian:TwinSlam","floor":9,"key":"SMITH"},{"data":"Guardian:ChargeUp","floor":13,"key":"SMITH"},{"data":"Guardian:GemFinder","floor":18,"key":"SMITH"},{"data":"Guardian:BaubleBeam","floor":26,"key":"SMITH"},{"data":"Guardian:FloatingOrbs","floor":28,"key":"SMITH"},{"data":"Guardian:BaubleBeam","floor":35,"key":"SMITH"},{"data":"Guardian:WalkerClaw","floor":47,"key":"SMITH"},{"data":"Guardian:EvasiveProtocol","floor":54,"key":"SMITH"}],"circlet_count":0,"master_deck":["Guardian:Strike_Guardian","Guardian:Defend_Guardian","Guardian:CurlUp","Guardian:TwinSlam+1","Guardian:RevengeProtocol","Guardian:Reroute","Guardian:ChargeUp+1","Guardian:RevengeProtocol","Guardian:MultiBeam","Guardian:ChargeCore","Guardian:FloatingOrbs+1","Guardian:EvasiveProtocol+1","Guardian:GemFinder+1","Guardian:WalkerClaw+1","Guardian:CrystalBeam","Guardian:BronzeOrb","Guardian:Gem_Lightblue","Guardian:BaubleBeam+1","Guardian:Reroute","Guardian:Gem_Red","Guardian:BaubleBeam+1","Guardian:Incinerate+1","Guardian:Gem_Red","Guardian:SpikerProtocol+1","Guardian:MultiBeam","Guardian:Incinerate","Guardian:CrystalBeam","Guardian:Clone+1","Guardian:PiercingHide+1","Guardian:PiercingHide+1","Guardian:Planning+1","Guardian:TimeBomb+1"],"relics":["Guardian:ModeShifter","downfall:ShatteredFragment","Du-Vu Doll","Vajra","Bronze Scales","downfall:HeartBlessingGreen","downfall:HeartBlessingRed","MealTicket","Odd Mushroom","Coffee Dripper","Gremlin Horn","downfall:HeartBlessingBlue","downfall:KnowingSkull","Enchiridion","Empty Cage","WingedGreaves","Guardian:BottledStasis","Toxic Egg 2","Kunai","The Courier","downfall:ExtraCursedKey","White Beast Statue","Anchor","Bag of Preparation","FossilizedHelix"],"acts_visited":["Exordium","TheCity","TheBeyond","TheEnding"],"potions_floor_usage":[8,10,12,16,19,31,32,33,46,49,50,50,50,52,55,55],"damage_taken":[{"damage":7,"enemies":"Jaw Worm","floor":2,"turns":4},{"damage":7,"enemies":"Small Slimes","floor":3,"turns":3},{"damage":0,"enemies":"Cultist","floor":5,"turns":3},{"damage":12,"enemies":"Gremlin Nob","floor":6,"turns":5},{"damage":6,"enemies":"3 Sentries","floor":8,"turns":4},{"damage":0,"enemies":"Lagavulin","floor":10,"turns":5},{"damage":2,"enemies":"The Mushroom Lair","floor":11,"turns":3},{"damage":6,"enemies":"3 Louse","floor":12,"turns":1},{"damage":0,"enemies":"Lots of Slimes","floor":14,"turns":3},{"damage":0,"enemies":"2 Fungi Beasts","floor":15,"turns":2},{"damage":6,"enemies":"WA_ARCHETYPE_RETAIN","floor":16,"turns":5},{"damage":0,"enemies":"3 Byrds","floor":19,"turns":2},{"damage":0,"enemies":"downfall:FleeingMerchant","floor":20,"turns":4},{"damage":6,"enemies":"Shell Parasite","floor":21,"turns":3},{"damage":0,"enemies":"Book of Stabbing","floor":23,"turns":4},{"damage":0,"enemies":"Cultist and Chosen","floor":25,"turns":4},{"damage":3,"enemies":"Centurion and Healer","floor":29,"turns":5},{"damage":0,"enemies":"Shelled Parasite and Fungi","floor":31,"turns":2},{"damage":3,"enemies":"Snecko","floor":32,"turns":2},{"damage":3,"enemies":"SI_MIRROR_ARCHETYPE","floor":33,"turns":4},{"damage":8,"enemies":"3 Shapes","floor":36,"turns":4},{"damage":16,"enemies":"2 Orb Walkers","floor":37,"turns":4},{"damage":8,"enemies":"downfall:FleeingMerchant","floor":39,"turns":3},{"damage":3,"enemies":"Orb Walker","floor":40,"turns":2},{"damage":13,"enemies":"Writhing Mass","floor":42,"turns":5},{"damage":3,"enemies":"Spire Growth","floor":45,"turns":4},{"damage":24,"enemies":"Nemesis","floor":46,"turns":5},{"damage":4,"enemies":"Giant Head","floor":48,"turns":6},{"damage":3,"enemies":"Jaw Worm Horde","floor":49,"turns":2},{"damage":1,"enemies":"DF_ARCHETYPE_ORBS","floor":50,"turns":4},{"damage":48,"enemies":"downfall:CharBossMerchant","floor":52,"turns":7},{"damage":68,"enemies":"downfall:NeowBoss","floor":55,"turns":13},{"damage":38,"enemies":"downfall:NeowBossFinal","floor":56,"turns":5}],"seed_played":"8273732757215294697","potions_obtained":[{"floor":3,"key":"ColorlessPotion"},{"floor":5,"key":"CultistPotion"},{"floor":12,"key":"Fruit Juice"},{"floor":14,"key":"sneckomod:MuddlingPotion"},{"floor":16,"key":"BlessingOfTheForge"},{"floor":19,"key":"EntropicBrew"},{"floor":23,"key":"Guardian:AcceleratePotion"},{"floor":31,"key":"Swift Potion"},{"floor":32,"key":"FearPotion"},{"floor":40,"key":"Guardian:DefensiveModePotion"},{"floor":42,"key":"FairyPotion"},{"floor":46,"key":"Swift Potion"},{"floor":48,"key":"DistilledChaos"},{"floor":49,"key":"hexamod:SoulburnPotion"},{"floor":52,"key":"Ancient Potion"}],"is_trial":false,"path_per_floor":["R","M","M","?","M","?","T","E","R","E","?","M","R","M","M","B",null,"R","M","$","M","?","E","T","M","R","?","R","M","?","M","M","B",null,"R","M","?","?","$","M","T","M","$","?","M","E","R","E","M","B",null,"E","$","R","B","B"],"character_chosen":"GUARDIAN","items_purchased":["Guardian:BronzeOrb","Guardian:Gem_Lightblue","SkillPotion","Guardian:BottledStasis","Toxic Egg 2","Kunai","Guardian:Incinerate","Guardian:CrystalBeam","Guardian:Clone+1","Guardian:PiercingHide+1","Guardian:Planning+1","FossilizedHelix","BlessingOfTheForge"],"campfire_rested":0,"item_purchase_floors":[20,20,20,39,39,39,39,39,39,43,43,53,53],"current_hp_per_floor":[80,73,66,42,42,30,30,24,24,24,22,21,21,21,21,15,85,85,85,85,79,63,63,63,63,73,65,65,62,46,46,43,40,95,95,87,71,71,78,75,75,62,77,77,74,50,50,46,43,42,95,47,62,62,23,0,0,0],"gold":10,"neow_bonus":"ONE_RANDOM_RARE_CARD","is_daily":false,"chose_seed":false,"campfire_upgraded":8,"win_rate":0.0,"timestamp":1612206443,"path_taken":["R","M","M","?","M","?","T","E","R","E","?","M","R","?","M","BOSS","R","M","$","M","?","E","T","M","R","?","R","?","?","M","M","BOSS","R","M","?","?","$","?","T","M","$","?","M","E","R","E","M","BOSS","E","$","R","BOSS","BOSS"],"items_purchased_type":["Card","Card","Potion","Relic","Relic","Relic","Card","Card","Card","Card","Card","Relic","Potion"],"build_version":"2020-12-22","purchased_purges":3,"victory":false,"max_hp_per_floor":[80,80,80,80,80,80,80,80,80,80,80,85,85,85,85,85,85,85,85,85,85,85,85,85,85,95,95,95,95,95,95,95,95,95,95,95,95,95,95,95,95,95,95,95,95,95,95,95,95,95,95,95,95,95,95,95,95,95],"card_choices":[{"not_picked":["Guardian:BronzeArmor","Guardian:Gem_Blue"],"picked":"Guardian:Reroute","floor":2},{"not_picked":["Guardian:PiercingHide","Guardian:Incinerate"],"picked":"Guardian:ChargeUp","floor":3},{"not_picked":["Guardian:Gem_Red","Guardian:Reroute"],"picked":"Guardian:Gem_Purple","floor":5},{"not_picked":["Guardian:RollAttack","Guardian:PrismaticBarrier"],"picked":"Guardian:Gem_Lightblue","floor":6},{"not_picked":["Guardian:RollAttack","Guardian:Gem_Fragmented"],"picked":"Guardian:RevengeProtocol","floor":8},{"not_picked":["Guardian:Gem_Cyan","Guardian:RollAttack"],"picked":"Guardian:Gem_Purple","floor":10},{"not_picked":["Guardian:TemporalStrike","Guardian:WalkerClaw"],"picked":"Guardian:MultiBeam","floor":11},{"not_picked":["Guardian:Harden","Guardian:TemporalStrike"],"picked":"Guardian:ChargeCore","floor":12},{"not_picked":["Guardian:Gem_Purple","Guardian:TimeCapacitor"],"picked":"Guardian:FloatingOrbs","floor":14},{"not_picked":["Guardian:Preprogram","Guardian:Gem_Blue"],"picked":"Guardian:EvasiveProtocol","floor":15},{"not_picked":["Guardian:StasisField","Guardian:SphericShield"],"picked":"Guardian:GemFinder","floor":16},{"not_picked":["Guardian:PolyBeam","Guardian:VentSteam"],"picked":"Guardian:WalkerClaw","floor":19},{"not_picked":["Guardian:Gem_Cyan","Guardian:Gem_Green"],"picked":"Guardian:Gem_Red","floor":20},{"not_picked":["Guardian:TemporalStrike","Guardian:Gem_Green"],"picked":"Guardian:CrystalBeam","floor":20},{"not_picked":["Guardian:Gem_Cyan","Guardian:Gem_Green"],"picked":"Guardian:Gem_Red","floor":21},{"not_picked":["Guardian:TemporalStrike+1","Guardian:SpikerProtocol"],"picked":"Guardian:Gem_Fragmented","floor":21},{"not_picked":["Guardian:Gem_Green","Guardian:Gem_Lightblue"],"picked":"Guardian:Gem_Cyan","floor":23},{"not_picked":["Guardian:SentryBeam+1","Guardian:TimeCapacitor"],"picked":"Guardian:BaubleBeam","floor":23},{"not_picked":["Guardian:Gem_Cyan","Guardian:Gem_Lightblue"],"picked":"Guardian:Gem_Red","floor":25},{"not_picked":["Guardian:PolyBeam","Guardian:Gem_Cyan"],"picked":"Guardian:Gem_Red","floor":25},{"not_picked":["Guardian:Gem_Green","Guardian:Gem_Lightblue"],"picked":"Guardian:Gem_Red","floor":29},{"not_picked":["Guardian:ArmoredProtocol+1","Guardian:RollAttack+1"],"picked":"Guardian:Reroute","floor":29},{"not_picked":["Guardian:Gem_Cyan","Guardian:Gem_Green"],"picked":"Guardian:Gem_Red","floor":31},{"not_picked":["Guardian:ChargeCore","Guardian:RefractedBeam","Guardian:TemporalStrike"],"picked":"SKIP","floor":31},{"not_picked":["Guardian:Gem_Lightblue","Guardian:Gem_Cyan"],"picked":"Guardian:Gem_Red","floor":32},{"not_picked":["Guardian:CrystalBeam+1","Guardian:EvasiveProtocol"],"picked":"Guardian:Gem_Orange","floor":32},{"not_picked":["Guardian:GatlingBeam","Guardian:GemFire"],"picked":"Guardian:BaubleBeam","floor":33},{"not_picked":["Guardian:Gem_Green","Guardian:Gem_Cyan"],"picked":"Guardian:Gem_Red","floor":36},{"not_picked":["Guardian:Gem_Blue","Guardian:CrystalBeam+1"],"picked":"Guardian:Incinerate+1","floor":36},{"not_picked":["Guardian:Gem_Lightblue","Guardian:Gem_Cyan"],"picked":"Guardian:Gem_Red","floor":37},{"not_picked":["Guardian:BodySlam","Guardian:RollAttack"],"picked":"Guardian:SpikerProtocol+1","floor":37},{"not_picked":["Guardian:Gem_Cyan","Guardian:Gem_Lightblue"],"picked":"Guardian:Gem_Red","floor":39},{"not_picked":["Guardian:DecasProtection+1","Guardian:SentryBeam","Guardian:ChargeCore"],"picked":"SKIP","floor":39},{"not_picked":["Guardian:TimeBomb+1","Guardian:Incinerate"],"picked":"Guardian:Gem_Purple","floor":40},{"not_picked":["Guardian:RollAttack+1","Guardian:Gem_Crimson"],"picked":"Guardian:PiercingHide+1","floor":42},{"not_picked":["Guardian:Gem_Lightblue","Guardian:BronzeOrb+1","Guardian:Suspension+1"],"picked":"SKIP","floor":45},{"not_picked":["Guardian:BronzeOrb","Guardian:FloatingOrbs+1"],"picked":"Guardian:TimeBomb+1","floor":46},{"not_picked":["Guardian:TemporalShield+1","Guardian:DonusPower+1","Guardian:Gem_Yellow"],"picked":"SKIP","floor":48},{"not_picked":["Guardian:Gem_Crimson","Guardian:PolyBeam+1","Guardian:TemporalShield+1"],"picked":"SKIP","floor":49},{"not_picked":["Guardian:BodySlam","Guardian:GatlingBeam","Guardian:Gem_Crimson"],"picked":"SKIP","floor":52}],"player_experience":847627,"relics_obtained":[{"floor":6,"key":"Du-Vu Doll"},{"floor":7,"key":"Vajra"},{"floor":8,"key":"Bronze Scales"},{"floor":10,"key":"MealTicket"},{"floor":11,"key":"Odd Mushroom"},{"floor":23,"key":"Gremlin Horn"},{"floor":30,"key":"Enchiridion"},{"floor":37,"key":"WingedGreaves"},{"floor":41,"key":"The Courier"},{"floor":46,"key":"White Beast Statue"},{"floor":48,"key":"Anchor"},{"floor":52,"key":"Bag of Preparation"}],"event_choices":[{"damage_healed":0,"gold_gain":0,"player_choice":"Fought Mushrooms","damage_taken":0,"max_hp_gain":0,"max_hp_loss":0,"event_name":"Mushrooms","floor":11,"gold_loss":0},{"damage_healed":0,"gold_gain":0,"player_choice":"Fight","damage_taken":0,"max_hp_gain":0,"max_hp_loss":0,"event_name":"Mysterious Sphere","floor":37,"gold_loss":0}],"is_beta":false,"boss_relics":[{"not_picked":["Runic Dome","Black Star"],"picked":"Coffee Dripper"},{"not_picked":["Velvet Choker","Tiny House"],"picked":"Empty Cage"}],"items_purged_floors":[20,39,53],"is_endless":false,"potions_floor_spawned":[3,5,12,14,16,19,23,31,32,40,42,45,46,48,49,52],"killed_by":"downfall:NeowBossFinal","ascension_level":2}}