{"host":"6zxkll9nensv7d24","time":1612163282,"event":{"mods":["2.2 Compatiblity","AchievementEnabler","Act Like it!","Arknights","Bard","BaseMod","Better Match","Better Note","Better Third Choice","Better Vampires","BetterRewards","Conspire","Curses Come First","Displayed Cursed Tome","Dota2Spire","Downfall","Duelist Mod","Hallownest","Hubris","Hyrulean Relics","Infinite Spire","Minty Spire (QoL Compilation)","Replay The Spire","Small Relic Pack","StSLib","The Animator","The Bug Knight","The Mystic","Transform Curses"],"gold_per_floor":[114,190,208,208,225,225,225,225,304,304,320,320,77,90,90,215,215,233,233,233,233,233,269,269,99,99,99,99,124,124,143,143,272,272,286,311,65,81,6,6,25,25,25,40,75,98,98,114,114,114],"floor_reached":51,"language":"ENG","playtime":3232,"items_purged":["Injury"],"score":710,"play_id":"6b06a29c-3427-4d00-b9a3-92d1f2ce98fc","local_time":"20210201010802","is_ascension_mode":false,"campfire_choices":[{"data":"ats:Absolute Focus","floor":6,"key":"SMITH"},{"data":"ats:Emotion Absorption","floor":8,"key":"SMITH"},{"data":"ats:Support Order","floor":10,"key":"SMITH"},{"floor":15,"key":"REST"},{"floor":24,"key":"REST"},{"floor":30,"key":"REST"},{"floor":32,"key":"REST"},{"floor":40,"key":"REST"},{"floor":42,"key":"REST"},{"floor":49,"key":"REST"}],"circlet_count":0,"master_deck":["ats:Strike G","ats:Strike S","ats:Strike V","ats:Armor Crushing Shot","ats:Defend","ats:Defend","ats:Emotion Absorption+1","ats:Support Order+1","ats:Poison Spread","Apotheosis","ats:Volcano","ats:Rapid Magazine","ats:Shell Defense","ats:Absolute Focus+1","ats:Very Hot Blade","ats:Apocalypse","ats:Consecutive Shot Auto","ats:Rat Pack","ats:Leaping Hammer+1","ats:Literary Storm+1","ats:Explosion Area Strengthen+1","ats:Revitalization","ats:Hook Shot","ats:Assault Order","ats:Explosion Area Strengthen+1","ats:Assault Order","ats:Ignite+1","ats:Roar Of Ursus","ats:Curse Doll","ats:Flexible Camouflage+1","ats:Healing Drone+1","Jack Of All Trades","ats:Sunburst+1","ats:Curse Doll","ats:Thorns+1","ats:Blood Oath+1","ats:Shadow Raid"],"relics":["ats:Sanity","ClockworkSouvenir","Dota2Spire:OctarineCore","NeowsBlessing","ReplayTheSpireMod:Shallot","hubris:SphereOfDissonance","Golden Idol","conspire:TreasureMap","Astrolabe","hubris:Potato","SacredBark","ats:Originium","conspire:Dentures","hubris:EmptyBottle","White Beast Statue","relicPack:OneForAll","hubris:GrandSneckoEye","infinitespire:CheckeredPen","infinitespire:Broken Mirror","Dota2Spire:EtherealBlade"],"acts_visited":["Exordium","TheCity","TheCity"],"potions_floor_usage":[16,29,33,33,33,33,35,35,38,38,38,41,41,41,41,44,45,45,45,46,46,50,50,50,50],"damage_taken":[{"damage":0,"enemies":"Cultist","floor":1,"turns":1},{"damage":0,"enemies":"Small Slimes","floor":3,"turns":2},{"damage":0,"enemies":"infinitespire:Voidling","floor":5,"turns":1},{"damage":0,"enemies":"Looter","floor":11,"turns":2},{"damage":11,"enemies":"3 Louse","floor":14,"turns":3},{"damage":34,"enemies":"Slime Boss","floor":16,"turns":8},{"damage":0,"enemies":"2 Thieves","floor":18,"turns":4},{"damage":49,"enemies":"conspire:SneckoGhost","floor":23,"turns":7},{"damage":10,"enemies":"Spheric Guardian","floor":29,"turns":4},{"damage":8,"enemies":"Snake Plant","floor":31,"turns":3},{"damage":3,"enemies":"Champ","floor":33,"turns":10},{"damage":0,"enemies":"Hallownest:3_Siblings","floor":35,"turns":2},{"damage":35,"enemies":"Hallownest:Shield_Heavy","floor":36,"turns":5},{"damage":18,"enemies":"Hallownest:monsterPrimalAspid","floor":38,"turns":2},{"damage":10,"enemies":"Hallownest:2_Soldiers_and_1_Guardian","floor":41,"turns":6},{"damage":42,"enemies":"Hallownest:Shield_Sturdy","floor":44,"turns":6},{"damage":0,"enemies":"Hallownest:StalkingDevout","floor":45,"turns":1},{"damage":0,"enemies":"Hallownest:monsterPrimalAspid","floor":46,"turns":3},{"damage":3,"enemies":"Hallownest:2_Wing_and_1_Kings","floor":48,"turns":4},{"damage":80,"enemies":"Hallownest:Radiance","floor":50,"turns":9}],"seed_played":"5025089341900066151","potions_obtained":[{"floor":1,"key":"PowerPotion"},{"floor":3,"key":"BlessingOfTheForge"},{"floor":29,"key":"Guardian:BlockOnCardUsePotion"},{"floor":31,"key":"Reflective Coating"},{"floor":33,"key":"Explosive Potion"},{"floor":35,"key":"FearPotion"},{"floor":36,"key":"LiquidBronze"},{"floor":38,"key":"Weak Potion"},{"floor":41,"key":"Venom Potion"},{"floor":44,"key":"LiquidMemories"},{"floor":45,"key":"SkillPotion"},{"floor":46,"key":"Strength Potion"},{"floor":48,"key":"sneckomod:MuddlingPotion"}],"is_trial":false,"path_per_floor":["M","T","M","?","M","R","?","R","T","R","M","?","$","M","R","B",null,"M","$","?","?","AVR","E","R","$","T","?","?","M","R","M","R","B",null,"M","M","$","M","?","R","M","R","T","M","E","M","$","M","R","B",null],"character_chosen":"DOCTOR_CLASS","items_purchased":["ClockworkSouvenir","Dota2Spire:OctarineCore","ats:Support Order","ats:Poison Spread","Apotheosis","conspire:TreasureMap","ats:Absolute Focus","hubris:EmptyBottle","ats:Assault Order","infinitespire:CheckeredPen"],"campfire_rested":7,"item_purchase_floors":[0,0,0,0,0,13,13,25,25,37],"current_hp_per_floor":[72,72,72,72,72,72,72,72,72,72,72,72,72,61,72,44,72,72,72,72,72,72,30,51,51,51,51,51,43,64,56,72,72,72,72,37,37,19,19,40,41,62,62,43,50,53,53,50,71,12],"gold":114,"neow_bonus":"","is_daily":false,"chose_seed":false,"campfire_upgraded":3,"win_rate":0.0,"timestamp":1612163282,"path_taken":["M","?","M","?","?","R","?","R","T","R","M","?","$","M","R","BOSS","M","$","?","?","AVR","E","R","$","T","?","?","M","R","M","R","BOSS","M","?","$","M","?","R","M","R","T","M","E","M","?","M","R","BOSS"],"items_purchased_type":["Relic","Relic","Card","Card","Card","Relic","Card","Relic","Card","Relic"],"build_version":"2020-12-22","purchased_purges":1,"victory":true,"max_hp_per_floor":[72,72,72,72,72,72,72,72,72,72,72,72,72,72,72,72,72,72,72,72,72,72,72,72,72,72,72,72,72,72,72,72,72,72,72,72,72,72,72,72,72,72,72,72,72,72,72,72,72,72],"card_choices":[{"not_picked":["ats:Leaping Hammer","ats:Very Hot Blade"],"picked":"ats:Shell Defense","floor":1},{"not_picked":["ats:Directed Diagnosis","ats:Very Hot Blade"],"picked":"ats:Absolute Focus","floor":3},{"not_picked":["ats:Apocalypse","ats:Disruption Kick"],"picked":"ats:Very Hot Blade","floor":5},{"not_picked":["ats:Absolute Focus","ats:Explosion Area Strengthen"],"picked":"ats:Apocalypse","floor":11},{"not_picked":["ats:Defend Order","ats:Absolute Focus"],"picked":"ats:Consecutive Shot Auto","floor":14},{"not_picked":["ats:Calcification","ats:Disruption Kick"],"picked":"ats:Rat Pack","floor":16},{"not_picked":["ats:Apocalypse","ats:Hammer On"],"picked":"ats:Revitalization","floor":18},{"not_picked":["ats:Charging Defense","ats:Explosion Area Strengthen"],"picked":"ats:Hook Shot","floor":23},{"not_picked":["ats:Explosion Area Strengthen","ats:Echo Reverb"],"picked":"ats:Assault Order","floor":29},{"not_picked":["ats:Healing Drone","ats:Assault Order"],"picked":"ats:Ignite+1","floor":31},{"not_picked":["ats:Rat Pack","ats:Volcano"],"picked":"ats:Roar Of Ursus","floor":33},{"not_picked":["ats:Explosion Area Strengthen+1","ats:Defend Order"],"picked":"ats:Curse Doll","floor":35},{"not_picked":["ats:Leaping Hammer+1","ats:Absolute Focus+1"],"picked":"ats:Flexible Camouflage+1","floor":36},{"not_picked":["ats:Flexible Camouflage","ats:Collapsing Strike"],"picked":"ats:Healing Drone+1","floor":38},{"not_picked":["Deep Breath","Dramatic Entrance"],"picked":"Jack Of All Trades","floor":39},{"not_picked":["ats:Leaping Hammer","ats:Flexible Camouflage"],"picked":"ats:Sunburst+1","floor":41},{"not_picked":["ats:Roar Of Ursus","ats:Guard Mode"],"picked":"ats:Curse Doll","floor":44},{"not_picked":["ats:Dogmatic Field","ats:Automatic Cover+1"],"picked":"ats:Thorns+1","floor":45},{"not_picked":["ats:Charging Defense+1","ats:Mental Burst"],"picked":"ats:Blood Oath+1","floor":46},{"not_picked":["ats:Healing Drone+1","ats:Rapid Magazine+1"],"picked":"ats:Shadow Raid","floor":48}],"player_experience":126054,"relics_obtained":[{"floor":2,"key":"ReplayTheSpireMod:Shallot"},{"floor":9,"key":"hubris:SphereOfDissonance"},{"floor":23,"key":"ats:Originium"},{"floor":23,"key":"conspire:Dentures"},{"floor":26,"key":"White Beast Statue"},{"floor":43,"key":"infinitespire:Broken Mirror"},{"floor":45,"key":"ats:Originium"},{"floor":45,"key":"Dota2Spire:EtherealBlade"}],"event_choices":[{"damage_healed":0,"gold_gain":0,"player_choice":"Ignored","damage_taken":0,"max_hp_gain":0,"max_hp_loss":0,"event_name":"betterNote:BetterNote","floor":4,"gold_loss":0,"cards_obtained":["Catalyst"]},{"damage_healed":0,"gold_gain":0,"player_choice":"Disagree","damage_taken":0,"max_hp_gain":0,"max_hp_loss":0,"event_name":"conspire:LoneGhost","floor":7,"gold_loss":0},{"damage_healed":0,"gold_gain":0,"player_choice":"Take Wound","damage_taken":0,"relics_obtained":["Golden Idol"],"max_hp_gain":0,"max_hp_loss":0,"event_name":"Golden Idol","floor":12,"gold_loss":0,"cards_obtained":["Injury"]},{"damage_healed":0,"gold_gain":0,"player_choice":"Ignored","damage_taken":0,"max_hp_gain":0,"max_hp_loss":0,"event_name":"Vampires","floor":20,"gold_loss":0},{"damage_healed":0,"gold_gain":0,"player_choice":"Ignored","damage_taken":0,"max_hp_gain":0,"max_hp_loss":0,"event_name":"Beggar","floor":21,"gold_loss":0},{"damage_healed":0,"gold_gain":0,"player_choice":"Copied","damage_taken":0,"max_hp_gain":0,"max_hp_loss":0,"event_name":"Duplicator","floor":28,"gold_loss":0,"cards_obtained":["ats:Explosion Area Strengthen"]},{"damage_healed":0,"gold_gain":0,"player_choice":"1","damage_taken":0,"max_hp_gain":0,"max_hp_loss":0,"event_name":"betterMatch:BetterMatch","floor":39,"gold_loss":0,"cards_obtained":["betterMatch:ColorlessUncommonCard"]}],"is_beta":false,"boss_relics":[{"not_picked":["Painkiller Herb","Replay:Wanted Poster"],"picked":"Astrolabe"},{"not_picked":["hubris:Stopwatch","Coffee Dripper"],"picked":"hubris:GrandSneckoEye"}],"items_purged_floors":[13],"is_endless":false,"potions_floor_spawned":[1,3,29,31,33,35,36,38,41,44,45,46,48],"ascension_level":0}}