{"host":"xz7n3qy1zq36rzpg","time":1612191582,"event":{"mods":["BaseMod","Colored Map","Colored Powertips","Highlight Path","Minty Spire (QoL Compilation)","Quick Restart","Shop Mod"],"gold_per_floor":[113,127,137,148,148,181,197,169,169,185,204,204,204,219,219,314,314,314,314,314,314,314,314,314,314,314,314,314],"floor_reached":27,"language":"ENG","playtime":1126,"items_purged":[],"score":252,"play_id":"9ad04720-2a49-45e2-b7ab-99d68db70215","local_time":"20210201155942","is_ascension_mode":true,"campfire_choices":[{"floor":13,"key":"REST"},{"floor":15,"key":"REST"},{"data":"Machine Learning","floor":23,"key":"SMITH"}],"circlet_count":0,"master_deck":["Strike_B","Strike_B","Strike_B","Defend_B","Defend_B","Defend_B","Defend_B","Zap","Dualcast","Double Energy+1","Conserve Battery","Hologram","Cold Snap","Darkness","Machine Learning+1","Consume","Electrodynamics","Gash+1","Melter","Hello World"],"relics":["Cracked Core","NeowsBlessing","Bronze Scales","Ornamental Fan","Sundial","Ectoplasm","Red Mask","Happy Flower"],"acts_visited":["Exordium","TheCity"],"potions_floor_usage":[4,4,10,18,20],"damage_taken":[{"damage":0,"enemies":"Cultist","floor":1,"turns":1},{"damage":0,"enemies":"Small Slimes","floor":2,"turns":1},{"damage":0,"enemies":"Jaw Worm","floor":3,"turns":1},{"damage":1,"enemies":"Exordium Thugs","floor":4,"turns":4},{"damage":29,"enemies":"Lagavulin","floor":6,"turns":9},{"damage":5,"enemies":"3 Louse","floor":7,"turns":3},{"damage":21,"enemies":"Gremlin Gang","floor":10,"turns":5},{"damage":9,"enemies":"Looter","floor":11,"turns":2},{"damage":7,"enemies":"Exordium Wildlife","floor":14,"turns":3},{"damage":34,"enemies":"The Guardian","floor":16,"turns":12},{"damage":10,"enemies":"Spheric Guardian","floor":18,"turns":4},{"damage":0,"enemies":"3 Byrds","floor":20,"turns":1},{"damage":28,"enemies":"Masked Bandits","floor":21,"turns":3},{"damage":6,"enemies":"3 Cultists","floor":24,"turns":4},{"damage":34,"enemies":"Centurion and Healer","floor":25,"turns":5},{"damage":5,"enemies":"Snake Plant","floor":27,"turns":1}],"seed_played":"-4856968995683183023","potions_obtained":[{"floor":2,"key":"AttackPotion"},{"floor":4,"key":"Fruit Juice"},{"floor":6,"key":"SkillPotion"},{"floor":14,"key":"SteroidPotion"},{"floor":16,"key":"AttackPotion"},{"floor":18,"key":"AttackPotion"},{"floor":24,"key":"FearPotion"}],"is_trial":false,"path_per_floor":["M","M","M","M","?","E","M","?","T","M","M","T","R","M","R","B",null,"M","?","M","?","?","R","M","M","T","M"],"character_chosen":"DEFECT","items_purchased":[],"campfire_rested":2,"item_purchase_floors":[],"current_hp_per_floor":[75,75,75,79,79,50,45,45,45,24,15,15,39,32,56,22,80,70,70,70,42,42,42,36,2,2,0,0],"gold":314,"neow_bonus":"THREE_ENEMY_KILL","is_daily":false,"chose_seed":false,"campfire_upgraded":1,"win_rate":0.0,"timestamp":1612191582,"path_taken":["M","M","?","M","?","E","M","?","T","M","M","?","R","M","R","BOSS","M","?","M","?","?","R","?","M","T","M"],"items_purchased_type":[],"build_version":"2020-12-22","purchased_purges":0,"victory":false,"max_hp_per_floor":[75,75,75,80,80,80,80,80,80,80,80,80,80,80,80,80,80,80,80,80,80,80,80,80,80,80,80,80],"card_choices":[{"not_picked":["Redo","Turbo"],"picked":"Double Energy","floor":1},{"not_picked":["Chill","Fusion"],"picked":"Conserve Battery","floor":2},{"not_picked":["Heatsinks","Conserve Battery"],"picked":"Hologram","floor":3},{"not_picked":["Self Repair","Leap"],"picked":"Cold Snap","floor":4},{"not_picked":["Turbo","Stack","Tempest"],"picked":"SKIP","floor":6},{"not_picked":["Chill","Redo"],"picked":"Darkness","floor":7},{"not_picked":["Stack","Sweeping Beam"],"picked":"Machine Learning","floor":10},{"not_picked":["Stack","Turbo"],"picked":"Consume","floor":11},{"not_picked":["Conserve Battery","Gash","Scrape"],"picked":"SKIP","floor":14},{"not_picked":["Multi-Cast","Meteor Strike"],"picked":"Electrodynamics","floor":16},{"not_picked":["Barrage","Streamline","Turbo"],"picked":"SKIP","floor":18},{"not_picked":["Double Energy","Streamline"],"picked":"Gash+1","floor":20},{"not_picked":["Cold Snap","Hologram"],"picked":"Melter","floor":24},{"not_picked":["White Noise+1","Capacitor"],"picked":"Hello World","floor":25}],"player_experience":406379,"relics_obtained":[{"floor":6,"key":"Bronze Scales"},{"floor":9,"key":"Ornamental Fan"},{"floor":12,"key":"Sundial"},{"floor":21,"key":"Red Mask"},{"floor":26,"key":"Happy Flower"}],"event_choices":[{"damage_healed":0,"gold_gain":0,"player_choice":"Grow","damage_taken":0,"max_hp_gain":0,"max_hp_loss":0,"event_name":"Living Wall","floor":5,"gold_loss":0,"cards_upgraded":["Double Energy"]},{"damage_healed":0,"gold_gain":0,"player_choice":"Left Gold","damage_taken":0,"max_hp_gain":0,"max_hp_loss":0,"event_name":"World of Goop","floor":8,"gold_loss":28},{"damage_healed":0,"gold_gain":0,"player_choice":"Ignored","damage_taken":0,"max_hp_gain":0,"max_hp_loss":0,"event_name":"Vampires","floor":19,"gold_loss":0},{"damage_healed":0,"gold_gain":0,"player_choice":"Fought Bandits","damage_taken":0,"max_hp_gain":0,"max_hp_loss":0,"event_name":"Masked Bandits","floor":21,"gold_loss":0},{"cards_removed":["Strike_B"],"damage_healed":0,"gold_gain":0,"player_choice":"Purged","damage_taken":0,"max_hp_gain":0,"max_hp_loss":0,"event_name":"Purifier","floor":22,"gold_loss":0}],"is_beta":false,"boss_relics":[{"not_picked":["Pandora\u0027s Box","Runic Pyramid"],"picked":"Ectoplasm"}],"items_purged_floors":[],"is_endless":false,"potions_floor_spawned":[2,4,6,14,16,18,24],"killed_by":"Snake Plant","ascension_level":3}}