{"host":"lfvf97io7xuhaz8c","time":1612180805,"event":{"mods":["2.2 Compatiblity","BaseMod","Bestiary","Colored Map","Colored Powertips","Curses Come First","Highlight Path","Minty Spire (QoL Compilation)","Relic Stats","StSLib","SuperFastMode"],"gold_per_floor":[116,116,136,15,29,59,59,359,410,444,468,468,503,518,518,621,621,640,600,109,125,145,178,178,196,196,209,209,6,33,46,46,150,150,160,180,199,216,216,241,241,252,252,281,291,291,291,21,21,21,21],"floor_reached":50,"language":"FRA","playtime":4096,"items_purged":["Strike_R","Strike_R","Strike_R","Strike_R"],"score":817,"play_id":"cf2668e8-a304-4a06-8f9d-9ebd94da96ff","local_time":"20210201130005","is_ascension_mode":true,"campfire_choices":[{"data":"Inflame","floor":7,"key":"SMITH"},{"floor":15,"key":"REST"},{"floor":24,"key":"REST"},{"data":"Limit Break","floor":28,"key":"SMITH"},{"floor":32,"key":"REST"},{"floor":41,"key":"REST"},{"floor":47,"key":"REST"},{"data":"Barricade","floor":49,"key":"SMITH"}],"circlet_count":0,"master_deck":["Defend_R","Defend_R+1","Defend_R","Defend_R+1","Bash","Inflame+1","Power Through","Pommel Strike","Iron Wave","Burning Pact","Fire Breathing","Evolve","Headbutt","Feel No Pain","Limit Break+1","Sever Soul","Dark Embrace","Headbutt","Pummel+1","Armaments+1","Intimidate+1","Metallicize","Second Wind+1","Barricade+1","Havoc+1","Entrench+1","Intimidate+1","Shockwave+1","Dark Shackles+1","Fire Breathing"],"relics":["Burning Blood","NeowsBlessing","Matryoshka","Pen Nib","Strawberry","Old Coin","War Paint","Blood Vial","Mercury Hourglass","Odd Mushroom","Lantern","Mark of Pain","Lee\u0027s Waffle","Orichalcum","Toxic Egg 2","Bronze Scales","Velvet Choker","Eternal Feather","Mummified Hand","Art of War","Boot"],"acts_visited":["Exordium","TheCity","TheBeyond"],"potions_floor_usage":[6,6,6,10,10,16,21,22,23,27,30,30,31,38,42,44,45,50],"damage_taken":[{"damage":0,"enemies":"Cultist","floor":1,"turns":1},{"damage":0,"enemies":"Small Slimes","floor":3,"turns":1},{"damage":0,"enemies":"Jaw Worm","floor":5,"turns":1},{"damage":30,"enemies":"3 Sentries","floor":6,"turns":10},{"damage":7,"enemies":"Lagavulin","floor":10,"turns":7},{"damage":13,"enemies":"The Mushroom Lair","floor":11,"turns":5},{"damage":15,"enemies":"Gremlin Nob","floor":13,"turns":5},{"damage":0,"enemies":"Exordium Wildlife","floor":14,"turns":2},{"damage":18,"enemies":"Slime Boss","floor":16,"turns":6},{"damage":33,"enemies":"2 Thieves","floor":18,"turns":5},{"damage":24,"enemies":"Shell Parasite","floor":21,"turns":5},{"damage":26,"enemies":"Snake Plant","floor":22,"turns":4},{"damage":39,"enemies":"Slavers","floor":23,"turns":5},{"damage":0,"enemies":"3 Cultists","floor":25,"turns":6},{"damage":1,"enemies":"Centurion and Healer","floor":27,"turns":3},{"damage":16,"enemies":"Book of Stabbing","floor":30,"turns":5},{"damage":21,"enemies":"Shelled Parasite and Fungi","floor":31,"turns":6},{"damage":84,"enemies":"Automaton","floor":33,"turns":10},{"damage":8,"enemies":"3 Shapes","floor":35,"turns":7},{"damage":19,"enemies":"Orb Walker","floor":36,"turns":4},{"damage":28,"enemies":"Transient","floor":37,"turns":5},{"damage":0,"enemies":"Jaw Worm Horde","floor":38,"turns":6},{"damage":17,"enemies":"Giant Head","floor":40,"turns":9},{"damage":38,"enemies":"3 Darklings","floor":42,"turns":6},{"damage":30,"enemies":"Reptomancer","floor":44,"turns":8},{"damage":6,"enemies":"Transient","floor":45,"turns":5},{"damage":94,"enemies":"Time Eater","floor":50,"turns":8}],"seed_played":"-8465606216809324787","potions_obtained":[{"floor":3,"key":"EntropicBrew"},{"floor":6,"key":"SpeedPotion"},{"floor":14,"key":"AttackPotion"},{"floor":19,"key":"ColorlessPotion"},{"floor":19,"key":"SpeedPotion"},{"floor":19,"key":"Regen Potion"},{"floor":23,"key":"DistilledChaos"},{"floor":25,"key":"Energy Potion"},{"floor":27,"key":"Strength Potion"},{"floor":30,"key":"LiquidMemories"},{"floor":37,"key":"Block Potion"},{"floor":40,"key":"AttackPotion"},{"floor":42,"key":"Fire Potion"},{"floor":44,"key":"ColorlessPotion"}],"is_trial":false,"path_per_floor":["M","T","M","$","M","E","R","T","T","E","?","?","E","M","R","B",null,"M","?","$","M","M","E","R","M","T","M","R","$","E","M","R","B",null,"M","M","M","M","?","E","R","M","T","E","M","?","R","$","R","B"],"character_chosen":"IRONCLAD","items_purchased":["Pommel Strike","Lee\u0027s Waffle","Orichalcum","Dark Embrace","Metallicize","Fire Breathing","SkillPotion"],"campfire_rested":5,"item_purchase_floors":[4,20,20,20,29,48,48],"current_hp_per_floor":[78,78,80,80,80,56,56,63,63,64,59,52,45,53,79,69,83,58,58,94,76,70,39,67,75,75,82,82,82,74,61,89,13,74,74,63,43,51,51,42,85,55,55,33,35,35,81,81,94,0,0],"gold":21,"neow_bonus":"THREE_ENEMY_KILL","is_daily":false,"chose_seed":false,"campfire_upgraded":3,"win_rate":0.0,"timestamp":1612180805,"path_taken":["M","?","M","?","?","E","R","?","T","E","?","?","E","?","R","BOSS","M","?","$","M","M","E","R","?","T","M","R","?","E","M","R","BOSS","M","M","M","M","?","E","R","M","T","E","?","?","R","$","R","BOSS"],"items_purchased_type":["Card","Relic","Relic","Card","Card","Card","Potion"],"build_version":"2020-12-22","purchased_purges":4,"victory":false,"max_hp_per_floor":[80,80,80,80,80,80,80,87,87,87,87,87,87,87,87,87,87,87,87,94,94,94,94,94,94,94,94,94,94,94,94,94,94,94,94,94,94,94,94,94,94,94,94,94,94,94,94,94,94,94,94],"relic_stats":{"Lee\u0027s Waffle":36,"counters":[27,144],"Eternal Feather":46,"Pen Nib":[18],"War Paint":["Defend_R","Defend_R"],"Orichalcum":[78],"Boot":[0],"Burning Blood":146,"Mercury Hourglass":[494],"Blood Vial":42,"Mummified Hand":[26],"Bronze Scales":[223],"Art of War":[5],"obtain_stats":[{"Lantern":13,"Lee\u0027s Waffle":20,"NeowsBlessing":0,"Velvet Choker":34,"Eternal Feather":39,"Pen Nib":6,"War Paint":9,"Odd Mushroom":11,"Orichalcum":20,"Boot":44,"Burning Blood":0,"Old Coin":8,"Mercury Hourglass":10,"Blood Vial":9,"Matryoshka":2,"Mummified Hand":40,"Strawberry":8,"Bronze Scales":30,"Mark of Pain":17,"Art of War":43,"Toxic Egg 2":23},{"Lantern":7,"Lee\u0027s Waffle":10,"NeowsBlessing":0,"Velvet Choker":18,"Eternal Feather":22,"Pen Nib":4,"War Paint":4,"Odd Mushroom":6,"Orichalcum":10,"Boot":25,"Burning Blood":0,"Old Coin":4,"Mercury Hourglass":5,"Blood Vial":4,"Matryoshka":1,"Mummified Hand":23,"Strawberry":4,"Bronze Scales":16,"Mark of Pain":9,"Art of War":24,"Toxic Egg 2":13},{"Lantern":29,"Lee\u0027s Waffle":42,"NeowsBlessing":0,"Velvet Choker":86,"Eternal Feather":108,"Pen Nib":13,"War Paint":13,"Odd Mushroom":25,"Orichalcum":42,"Boot":131,"Burning Blood":0,"Old Coin":13,"Mercury Hourglass":20,"Blood Vial":13,"Matryoshka":1,"Mummified Hand":117,"Strawberry":13,"Bronze Scales":70,"Mark of Pain":37,"Art of War":123,"Toxic Egg 2":56}]},"card_choices":[{"not_picked":["Shrug It Off","Body Slam"],"picked":"Inflame","floor":1},{"not_picked":["Carnage","Body Slam"],"picked":"Power Through","floor":3},{"not_picked":["True Grit","Entrench"],"picked":"Iron Wave","floor":5},{"not_picked":["Ghostly Armor","Flex"],"picked":"Burning Pact","floor":6},{"not_picked":["Cleave","Wild Strike"],"picked":"Fire Breathing","floor":10},{"not_picked":["Spot Weakness","Iron Wave"],"picked":"Evolve","floor":11},{"not_picked":["Offering","Inflame"],"picked":"Headbutt","floor":13},{"not_picked":["Iron Wave","Clash"],"picked":"Feel No Pain","floor":14},{"not_picked":["Reaper","Bludgeon"],"picked":"Limit Break","floor":16},{"not_picked":["Flex","Armaments+1"],"picked":"Sever Soul","floor":18},{"not_picked":["Havoc","Warcry"],"picked":"Headbutt","floor":21},{"not_picked":["Pommel Strike","Shrug It Off"],"picked":"Pummel+1","floor":22},{"not_picked":["Wild Strike+1","Rampage"],"picked":"Armaments+1","floor":23},{"not_picked":["Clash+1","Heavy Blade"],"picked":"Iron Wave+1","floor":25},{"not_picked":["Battle Trance+1","Flex+1"],"picked":"Intimidate+1","floor":27},{"not_picked":["Sever Soul","Dark Embrace+1"],"picked":"Second Wind+1","floor":30},{"not_picked":["Headbutt","Sentinel+1","Sever Soul"],"picked":"SKIP","floor":31},{"not_picked":["Demon Form","Bludgeon"],"picked":"Barricade","floor":33},{"not_picked":["Spot Weakness+1","Anger"],"picked":"Havoc+1","floor":35},{"not_picked":["Havoc+1","Sword Boomerang"],"picked":"Entrench+1","floor":36},{"not_picked":["Perfected Strike+1","Dropkick"],"picked":"Intimidate+1","floor":37},{"not_picked":["Feel No Pain","Clash"],"picked":"Shockwave+1","floor":38},{"not_picked":["Headbutt+1","Burning Pact+1","Rupture+1"],"picked":"SKIP","floor":40},{"not_picked":["Battle Trance+1","Pummel+1","Headbutt"],"picked":"SKIP","floor":42},{"not_picked":["Armaments+1","Anger+1","Twin Strike+1"],"picked":"SKIP","floor":44},{"not_picked":["True Grit+1","Blood for Blood","Dual Wield+1"],"picked":"SKIP","floor":45},{"not_picked":["Dramatic Entrance","Blind+1"],"picked":"Dark Shackles+1","floor":46}],"player_experience":1495919,"relics_obtained":[{"floor":2,"key":"Matryoshka"},{"floor":6,"key":"Pen Nib"},{"floor":8,"key":"Strawberry"},{"floor":8,"key":"Old Coin"},{"floor":9,"key":"War Paint"},{"floor":9,"key":"Blood Vial"},{"floor":10,"key":"Mercury Hourglass"},{"floor":11,"key":"Odd Mushroom"},{"floor":13,"key":"Lantern"},{"floor":23,"key":"Toxic Egg 2"},{"floor":30,"key":"Bronze Scales"},{"floor":40,"key":"Mummified Hand"},{"floor":43,"key":"Art of War"},{"floor":44,"key":"Boot"}],"event_choices":[{"damage_healed":0,"gold_gain":0,"player_choice":"Fought Mushrooms","damage_taken":0,"max_hp_gain":0,"max_hp_loss":0,"event_name":"Mushrooms","floor":11,"gold_loss":0},{"cards_removed":["Strike_R"],"damage_healed":0,"gold_gain":0,"player_choice":"Card Removal","damage_taken":7,"max_hp_gain":0,"max_hp_loss":0,"event_name":"Golden Wing","floor":12,"gold_loss":0},{"damage_healed":0,"gold_gain":0,"player_choice":"Bought 3 Potions","damage_taken":0,"max_hp_gain":0,"max_hp_loss":0,"event_name":"The Woman in Blue","floor":19,"gold_loss":0},{"cards_removed":["Iron Wave"],"damage_healed":0,"gold_gain":0,"player_choice":"Gave Card","damage_taken":0,"relics_obtained":["Eternal Feather"],"max_hp_gain":0,"max_hp_loss":0,"event_name":"WeMeetAgain","floor":39,"gold_loss":0},{"damage_healed":0,"gold_gain":0,"player_choice":"Memory 1","damage_taken":0,"max_hp_gain":0,"max_hp_loss":0,"event_name":"SensoryStone","floor":46,"gold_loss":0}],"is_beta":false,"boss_relics":[{"not_picked":["Fusion Hammer","Coffee Dripper"],"picked":"Mark of Pain"},{"not_picked":["Philosopher\u0027s Stone","Runic Dome"],"picked":"Velvet Choker"}],"items_purged_floors":[4,20,29,48],"is_endless":false,"potions_floor_spawned":[3,6,14,23,25,27,30,37,40,42,44],"killed_by":"Time Eater","ascension_level":7}}