{"host":"v9ordiuf4xzdpttp","time":1612142787,"event":{"mods":["AchievementEnabler","Act Like it!","Aspiration","BaseMod","Better Third Choice","Better Vampires","BetterRewards","CCEM2","Colored Map","Gold Saver","Halation","Hubris","Infinite Spire","Jedi Mod","Marked Mod","Minty Spire (QoL Compilation)","Reliquary","Remove Card Discount Mod","Replay The Spire","Shop Mod","Spicy Shops","StSLib"],"gold_per_floor":[432,432,445,81,98,125,125,119,119,133,133,133,133,133,133,232,232,244,244,231,244,262,999,999,1011,1036,1047,9999,9999,9999,10031,10031,10134,10134,10149,10169,10180,10180,10180,10215,8848,8848,8848,7596,7608,7608,7635,7645,7645,7645],"floor_reached":51,"language":"ENG","playtime":5080,"items_purged":["Strike_G","Strike_G","Strike_G","Writhe","Defend_G+1"],"score":845,"play_id":"be8a1e1f-5fa6-4564-b36f-cf94cc8329ed","local_time":"20210131202627","is_ascension_mode":false,"campfire_choices":[{"floor":7.0,"key":"REST"},{"data":"Bouncing Flask","floor":11.0,"key":"SMITH"},{"data":"jedi:collectorvenom","floor":13.0,"key":"SMITH"},{"data":"Slice","floor":15.0,"key":"SMITH"},{"data":"Footwork","floor":24,"key":"SMITH"},{"data":"Noxious Fumes","floor":42,"key":"SMITH"}],"circlet_count":0,"master_deck":["Strike_G+1","Strike_G+1","Defend_G+1","Defend_G+1","Defend_G+1","Defend_G+1","Neutralize","Deflect+1","Sucker Punch","Slice+1","Footwork+1","Backflip+1","Flying Knee","Poisoned Stab+1","Bouncing Flask+1","jedi:collectorvenom+1","ReplayTheSpireMod:Speed Training+1","Specialist","Specialist+1","jedi:unstablefumes+1","hubris:Counter+1","Noxious Fumes+1","Specialist","Bane","jedi:poisonivy","Catalyst","Backstab+1","Accuracy+1","Catalyst"],"relics":["Ring of the Snake","MerchantsRug","reliquary:RadioactivePellet","Lantern","Lantern","reliquary:WritOfMandamus","Orichalcum","aspiration:HiddenCompartment","halation:NonexistentMirror","reliquary:FeatherDuster","TungstenRod","aspiration:HatOfInfinitePower","infinitespire:WardingShard","aspiration:SecretTechniqueScroll","Vampiric Spirits","reliquary:Pushpin","CCEMRelics:GrapeVine","Ancient Tea Set","DollysMirror","Strange Spoon","Regal Pillow","CCEMRelics:SpiritsEdge","CCEMRelics:BiPhaseBiplane","hubris:TenFootPole","Nunchaku","reliquary:ExpiredCoupon","War Paint","Replay:Lucky Slots","Garlic"],"acts_visited":["Exordium","TheCity","TheBeyond"],"potions_floor_usage":[23,33,33,50],"damage_taken":[{"damage":5.0,"enemies":"2 Louse","floor":1.0,"turns":3.0},{"damage":0.0,"enemies":"Cultist","floor":3.0,"turns":4.0},{"damage":1.0,"enemies":"Small Slimes","floor":5.0,"turns":4.0},{"damage":13.0,"enemies":"Lagavulin","floor":6.0,"turns":8.0},{"damage":0.0,"enemies":"Blue Slaver","floor":10.0,"turns":4.0},{"damage":59.0,"enemies":"Fading Forest","floor":16.0,"turns":11.0},{"damage":7.0,"enemies":"Chosen","floor":18.0,"turns":4.0},{"damage":15.0,"enemies":"2 Thieves","floor":20.0,"turns":4.0},{"damage":16.0,"enemies":"Snake Plant","floor":21.0,"turns":3.0},{"damage":12.0,"enemies":"Centurion and Healer","floor":22.0,"turns":5.0},{"damage":37,"enemies":"Gremlin Leader","floor":23,"turns":8},{"damage":0,"enemies":"Chosen and Byrds","floor":25,"turns":4},{"damage":13,"enemies":"Snecko","floor":27,"turns":4},{"damage":20,"enemies":"Replay:Snechameleon","floor":31,"turns":4},{"damage":17,"enemies":"hubris:MusketHawk","floor":33,"turns":6},{"damage":0,"enemies":"Orb Walker","floor":35,"turns":2},{"damage":0,"enemies":"3 Shapes","floor":36,"turns":3},{"damage":13,"enemies":"Sphere and 2 Shapes","floor":37,"turns":4},{"damage":0,"enemies":"Giant Head","floor":40,"turns":6},{"damage":0,"enemies":"Transient","floor":45,"turns":5},{"damage":9,"enemies":"R_Hoarder","floor":47,"turns":4},{"damage":0,"enemies":"Jaw Worm Horde","floor":48,"turns":2},{"damage":40,"enemies":"Time Eater","floor":50,"turns":6}],"seed_played":"-1167837827190418955","potions_obtained":[{"floor":3.0,"key":"PowerPotion"},{"floor":6.0,"key":"Swift Potion"},{"floor":10.0,"key":"SneckoOil"},{"floor":22.0,"key":"SkillPotion"},{"floor":23,"key":"Ancient Potion"},{"floor":31,"key":"Explosive Potion"},{"floor":33,"key":"jedi:wingpotion"},{"floor":40,"key":"Explosive Potion"},{"floor":47,"key":"SneckoOil"}],"is_trial":false,"path_per_floor":["M","?","M","$","M","E","R","$","T","M","R","?","R","?","R","B",null,"M","?","M","M","M","E","R","M","T","M","$","?","?","E","R_BF","B",null,"M","M","M","?","?","E","$","R","T","$","M","?","E","M","R_BF","B",null],"character_chosen":"THE_SILENT","items_purchased":["Footwork","Backflip","CCEMRelics:OldTooth","MerchantsRug","Bouncing Flask","halation:NonexistentMirror","Specialist","reliquary:FeatherDuster","TungstenRod","reliquary:FerryPass","reliquary:Pushpin","CCEMRelics:GrapeVine","Ancient Tea Set","Noxious Fumes","DollysMirror","Bane","Strange Spoon","Regal Pillow","jedi:poisonivy","Catalyst","Backstab+1","CCEMRelics:BiPhaseBiplane","hubris:TenFootPole","Nunchaku","reliquary:ExpiredCoupon","War Paint","Replay:Lucky Slots"],"campfire_rested":1,"item_purchase_floors":[4,4,4,4,8,28,28,28,28,28,41,41,41,41,41,41,41,41,44,44,44,44,44,44,44,44,44],"current_hp_per_floor":[72,72,72,72,71,58,77,77,77,77,77,77,77,77,77,28,77,70,70,55,39,27,49,49,49,49,36,36,36,36,77,77,60,77,77,77,64,77,77,77,77,77,77,77,77,77,68,76,77,37],"gold":7645,"neow_bonus":"TEN_PERCENT_HP_BONUS","is_daily":false,"chose_seed":false,"campfire_upgraded":5,"win_rate":0.0,"timestamp":1612142787,"path_taken":["M","?","?","?","?","E","R","$","T","M","R","?","R","?","R","BOSS","M","?","M","M","M","E","R","M","T","M","$","?","?","E","R_BF","BOSS","M","M","M","?","?","E","$","R","T","$","?","?","E","M","R_BF","BOSS"],"items_purchased_type":["Card","Card","Relic","Relic","Card","Relic","Card","Relic","Relic","Relic","Relic","Relic","Relic","Card","Relic","Card","Relic","Relic","Card","Card","Card","Relic","Relic","Relic","Relic","Relic","Relic"],"build_version":"2020-12-22","purchased_purges":5,"victory":true,"max_hp_per_floor":[77,77,77,77,77,77,77,77,77,77,77,77,77,77,77,77,77,77,77,77,77,77,77,77,77,77,77,77,77,77,77,77,77,77,77,77,77,77,77,77,77,77,77,77,77,77,77,77,77,77],"card_choices":[{"not_picked":["Dodge and Roll","Underhanded Strike"],"picked":"Deflect","floor":1.0},{"not_picked":["Prepared","Blade Dance"],"picked":"Slice","floor":3.0},{"not_picked":["Leg Sweep","Outmaneuver"],"picked":"Flying Knee","floor":5.0},{"not_picked":["Hidden Blade","Sucker Punch"],"picked":"Poisoned Stab","floor":6.0},{"not_picked":["PiercingWail","hubris:Sniper"],"picked":"jedi:collectorvenom","floor":10.0},{"not_picked":["jedi:studyshivs","Doppelganger"],"picked":"jedi:collectorvenom+1","floor":16.0},{"not_picked":["Hidden Blade","jedi:pocketpoison"],"picked":"jedi:collectorvenom+1","floor":18.0},{"not_picked":["Poisoned Stab","Eviscerate"],"picked":"jedi:collectorvenom+1","floor":20.0},{"not_picked":["Tactician+1","ReplayTheSpireMod:Tripwire+1"],"picked":"jedi:collectorvenom+1","floor":21.0},{"not_picked":["Endless Agony","Leg Sweep+1"],"picked":"jedi:collectorvenom+1","floor":22.0},{"not_picked":["Bane","Eviscerate+1"],"picked":"jedi:collectorvenom+1","floor":23},{"not_picked":["jedi:collectorvenom+1","Setup"],"picked":"ReplayTheSpireMod:Speed Training","floor":25},{"not_picked":["Hidden Blade","Backflip+1"],"picked":"jedi:collectorvenom+1","floor":27},{"not_picked":["Bane+1","jedi:pocketpoison"],"picked":"jedi:collectorvenom+1","floor":31},{"not_picked":["Venomology","Doppelganger"],"picked":"jedi:collectorvenom+1","floor":33},{"not_picked":["Setup+1","jedi:collectorvenom+1"],"picked":"jedi:unstablefumes+1","floor":35},{"not_picked":["Prepared+1","hubris:SlightOfHand+1"],"picked":"jedi:collectorvenom+1","floor":36},{"not_picked":["jedi:collectorvenom+1","ReplayTheSpireMod:Exploit Weakness"],"picked":"hubris:Counter+1","floor":37},{"not_picked":["ReplayTheSpireMod:Scrap Shanks","Backstab+1"],"picked":"jedi:collectorvenom+1","floor":40},{"not_picked":["Acrobatics","Flying Knee"],"picked":"Accuracy+1","floor":45},{"not_picked":["jedi:studypoison","Predator+1"],"picked":"jedi:collectorvenom+1","floor":47},{"not_picked":["jedi:collectorvenom+1","Heel Hook+1"],"picked":"Catalyst","floor":48}],"player_experience":247386,"relics_obtained":[{"floor":6.0,"key":"reliquary:RadioactivePellet"},{"floor":9.0,"key":"Lantern"},{"floor":12.0,"key":"reliquary:SculptingSteel"},{"floor":23,"key":"Orichalcum"},{"floor":26,"key":"aspiration:HiddenCompartment"},{"floor":31,"key":"aspiration:HatOfInfinitePower"},{"floor":31,"key":"infinitespire:WardingShard"},{"floor":40,"key":"Vampiric Spirits"},{"floor":43,"key":"CCEMRelics:SpiritsEdge"},{"floor":47,"key":"Garlic"}],"event_choices":[{"damage_healed":0.0,"max_hp_gain":0.0,"max_hp_loss":0.0,"gold_gain":0.0,"event_name":"Match and Keep!","player_choice":"1 cards matched","floor":2.0,"gold_loss":0.0,"damage_taken":0.0,"cards_obtained":["Sucker Punch"]},{"damage_healed":0.0,"max_hp_gain":0.0,"max_hp_loss":0.0,"gold_gain":0.0,"event_name":"Golden Wing","player_choice":"Ignored","floor":14.0,"gold_loss":0.0,"damage_taken":0.0},{"damage_healed":0,"gold_gain":0,"player_choice":"Simplicity","damage_taken":0,"max_hp_gain":0,"max_hp_loss":7,"event_name":"betterThird:BetterWriting","floor":30,"gold_loss":0},{"damage_healed":19,"gold_gain":0,"player_choice":"Writhe","damage_taken":0,"max_hp_gain":0,"max_hp_loss":0,"event_name":"Winding Halls","floor":38,"gold_loss":0,"cards_obtained":["Writhe"]},{"damage_healed":0,"gold_gain":0,"player_choice":"Upgraded","damage_taken":0,"max_hp_gain":0,"max_hp_loss":0,"event_name":"Upgrade Shrine","floor":39,"gold_loss":0,"cards_upgraded":["ReplayTheSpireMod:Speed Training"]}],"is_beta":false,"boss_relics":[{"not_picked":["ReplayTheSpireMod:SealedPack","CCEMRelics:TransientCore"],"picked":"reliquary:WritOfMandamus"},{"not_picked":["halation:CatFaceCupcake","Busted Crown"],"picked":"aspiration:SecretTechniqueScroll"}],"items_purged_floors":[28,28,28,41,44],"is_endless":false,"potions_floor_spawned":[3,6,10,22,23,31,33,40,45,47,48],"ascension_level":0}}