{"host":"test","time":1612168439,"event":{"mods":["BaseMod","Colored Map","Colored Powertips","Minty Spire (QoL Compilation)","Relic Stats","Slay the Relics Exporter","SpireBot","StSLib","ojb\u0027s Better Paths Mod","ojb\u0027s Info Mod"],"gold_per_floor":[116,116,116,28,40,69,88,88,88,88,108,108,133,133,133,205,205,205,205,120,120,120,120,120,120,120,120,46,46,46,46,46,46,46,46,46,46,46,46,46,46,46,46,46,46,46,46,46,46,46,46],"floor_reached":50,"language":"JPN","playtime":4120,"items_purged":[],"score":1271,"play_id":"051e3ccd-8fce-4f9c-9e20-1c9a55460ae9","local_time":"20210201173359","is_ascension_mode":true,"campfire_choices":[{"data":"Eruption","floor":8.0,"key":"SMITH"},{"data":"Omniscience","floor":10.0,"key":"SMITH"},{"data":"BattleHymn","floor":12.0,"key":"SMITH"},{"data":"SandsOfTime","floor":15.0,"key":"SMITH"},{"data":"BowlingBash","floor":23.0,"key":"SMITH"},{"floor":25.0,"key":"REST"},{"data":"Blasphemy","floor":32.0,"key":"SMITH"},{"floor":46.0,"key":"RECALL"},{"data":"Meditate","floor":49.0,"key":"SMITH"}],"circlet_count":0,"master_deck":["AscendersBane","Defend_P+1","Defend_P+1","Defend_P","Eruption+1","Vigilance","SandsOfTime+1","FearNoEvil","BattleHymn+1","Omniscience+1","Halt","EmptyBody","DeceiveReality+1","LessonLearned","BowlingBash+1","RitualDagger+1","ForeignInfluence+1","Bite+1","Bite","Bite","Bite+1","Bite+1","InnerPeace","EmptyMind","DevaForm","Blasphemy+1","Omniscience+1","FlurryOfBlows+1","Meditate+1","Omniscience","CutThroughFate+1","Prostrate+1","Protect+1"],"relics":["SacredBark","StrikeDummy","Oddly Smooth Stone","Bag of Preparation","Damaru","Ectoplasm","HornCleat","PreservedInsect","Ornamental Fan","Tiny Chest","SlaversCollar","Bronze Scales","Frozen Egg 2","Incense Burner"],"acts_visited":["Exordium","TheCity","TheBeyond"],"potions_floor_usage":[],"damage_taken":[{"damage":21.0,"enemies":"Cultist","floor":1.0,"turns":6.0},{"damage":1.0,"enemies":"Small Slimes","floor":5.0,"turns":4.0},{"damage":17.0,"enemies":"3 Sentries","floor":6.0,"turns":5.0},{"damage":6.0,"enemies":"2 Louse","floor":7.0,"turns":4.0},{"damage":7.0,"enemies":"Large Slime","floor":11.0,"turns":6.0},{"damage":11.0,"enemies":"Gremlin Nob","floor":13.0,"turns":3.0},{"damage":10.0,"enemies":"The Guardian","floor":16.0,"turns":10.0},{"damage":0.0,"enemies":"Shell Parasite","floor":18.0,"turns":3.0},{"damage":4.0,"enemies":"3 Byrds","floor":21.0,"turns":5.0},{"damage":47.0,"enemies":"Gremlin Leader","floor":24.0,"turns":13.0},{"damage":13.0,"enemies":"Slavers","floor":27.0,"turns":6.0},{"damage":15.0,"enemies":"Snake Plant","floor":30.0,"turns":5.0},{"damage":3.0,"enemies":"Sentry and Sphere","floor":31.0,"turns":3.0},{"damage":50.0,"enemies":"Collector","floor":33.0,"turns":15.0},{"damage":13.0,"enemies":"3 Shapes","floor":35.0,"turns":7.0},{"damage":0.0,"enemies":"Orb Walker","floor":36.0,"turns":1.0},{"damage":0.0,"enemies":"Nemesis","floor":40.0,"turns":1.0},{"damage":0.0,"enemies":"Maw","floor":41.0,"turns":6.0},{"damage":0.0,"enemies":"Spire Growth","floor":42.0,"turns":3.0},{"damage":0.0,"enemies":"Jaw Worm Horde","floor":44.0,"turns":1.0},{"damage":0.0,"enemies":"Reptomancer","floor":47.0,"turns":1.0},{"damage":12.0,"enemies":"4 Shapes","floor":48.0,"turns":8.0},{"damage":45,"enemies":"Time Eater","floor":50,"turns":7}],"seed_played":"5461142606541627650","potions_obtained":[{"floor":5.0,"key":"BottledMiracle"},{"floor":7.0,"key":"SkillPotion"},{"floor":13.0,"key":"BlessingOfTheForge"},{"floor":21.0,"key":"DistilledChaos"},{"floor":24.0,"key":"FearPotion"},{"floor":27.0,"key":"Energy Potion"},{"floor":30.0,"key":"EntropicBrew"},{"floor":31.0,"key":"Block Potion"},{"floor":36.0,"key":"Ambrosia"}],"is_trial":false,"path_per_floor":["M","?","?","$","M","E","M","R","T","R","M","R","E","?","R","B",null,"M","?","?","M","?","R","E","R","T","E","$","?","M","M","R","B",null,"M","M","?","?","T","E","M","M","T","M","$","R","E","M","R","B"],"character_chosen":"WATCHER","items_purchased":["FearNoEvil","EmptyMind"],"campfire_rested":1,"item_purchase_floors":[4,28],"current_hp_per_floor":[40,62,62,62,61,44,38,38,38,38,31,31,20,20,20,10,54,54,48,48,44,44,44,18,32,32,31,31,31,25,28,28,24,41,31,37,37,37,37,37,45,45,45,45,45,45,45,43,43,4,4],"gold":46,"neow_bonus":"BOSS_RELIC","is_daily":false,"chose_seed":false,"campfire_upgraded":7,"win_rate":0.0,"timestamp":1612168439,"path_taken":["M","?","?","$","M","E","M","R","T","R","?","R","E","?","R","BOSS","M","?","?","M","?","R","E","R","T","E","$","?","M","M","R","BOSS","M","M","?","?","?","E","?","M","T","M","$","R","E","M","R","BOSS"],"items_purchased_type":["Card","Card"],"build_version":"2020-12-18","purchased_purges":0,"victory":false,"max_hp_per_floor":[68,68,68,68,68,68,68,68,68,68,68,68,68,68,68,68,68,68,68,68,68,47,47,47,47,47,47,47,47,47,47,47,47,47,47,47,45,45,45,45,45,45,45,45,45,45,45,45,45,45,45],"relic_stats":{"counters":[23,123],"Ornamental Fan":[140],"Bronze Scales":[55],"Tiny Chest":1,"Ectoplasm":354,"PreservedInsect":152,"Bag of Preparation":[34],"obtain_stats":[{"SacredBark":0,"Oddly Smooth Stone":9,"Damaru":14,"PreservedInsect":24,"Bag of Preparation":13,"Incense Burner":47,"Frozen Egg 2":43,"SlaversCollar":34,"HornCleat":20,"Ornamental Fan":26,"Bronze Scales":40,"Tiny Chest":27,"Ectoplasm":17,"PureWater":0,"StrikeDummy":6},{"SacredBark":0,"Oddly Smooth Stone":4,"Damaru":6,"PreservedInsect":10,"Bag of Preparation":6,"Incense Burner":21,"Frozen Egg 2":19,"SlaversCollar":14,"HornCleat":8,"Ornamental Fan":10,"Bronze Scales":17,"Tiny Chest":11,"Ectoplasm":7,"PureWater":0,"StrikeDummy":3},{"SacredBark":0,"Oddly Smooth Stone":19,"Damaru":28,"PreservedInsect":59,"Bag of Preparation":28,"Incense Burner":108,"Frozen Egg 2":106,"SlaversCollar":88,"HornCleat":41,"Ornamental Fan":59,"Bronze Scales":97,"Tiny Chest":65,"Ectoplasm":38,"PureWater":0,"StrikeDummy":15}]},"card_choices":[{"not_picked":["Consecrate","FlyingSleeves"],"picked":"SandsOfTime","floor":1.0},{"not_picked":["ForeignInfluence","EmptyBody"],"picked":"BattleHymn","floor":5.0},{"not_picked":["Fasting2","Crescendo"],"picked":"Omniscience","floor":6.0},{"not_picked":["Evaluate","PathToVictory"],"picked":"Halt","floor":7.0},{"not_picked":["CarveReality","Pray"],"picked":"EmptyBody","floor":11.0},{"not_picked":["JustLucky","CrushJoints"],"picked":"DeceiveReality","floor":13.0},{"not_picked":["Ragnarok","DeusExMachina"],"picked":"LessonLearned","floor":16.0},{"not_picked":["Evaluate","JustLucky"],"picked":"BowlingBash","floor":18.0},{"not_picked":["CrushJoints","DeceiveReality"],"picked":"ForeignInfluence+1","floor":21.0},{"not_picked":["Protect","Swivel"],"picked":"InnerPeace","floor":24.0},{"not_picked":["PathToVictory","SashWhip","Crescendo"],"picked":"SKIP","floor":27.0},{"not_picked":["FollowUp","Evaluate"],"picked":"Blasphemy","floor":30.0},{"not_picked":["CarveReality","WindmillStrike+1","EmptyFist"],"picked":"SKIP","floor":31.0},{"not_picked":["CarveReality","WindmillStrike+1","EmptyFist"],"picked":"SKIP","floor":31.0},{"not_picked":["ConjureBlade","Judgement"],"picked":"Omniscience","floor":33.0},{"not_picked":["Weave","EmptyFist+1"],"picked":"FlurryOfBlows+1","floor":35.0},{"not_picked":["Consecrate","PathToVictory"],"picked":"Meditate","floor":36.0},{"not_picked":["LikeWater","Fasting2"],"picked":"Omniscience","floor":40.0},{"not_picked":["CrushJoints","FlurryOfBlows"],"picked":"CutThroughFate","floor":41.0},{"not_picked":["Evaluate","Weave","Halt+1"],"picked":"SKIP","floor":42.0},{"not_picked":["EmptyFist","ClearTheMind+1"],"picked":"Prostrate+1","floor":44.0},{"not_picked":["EmptyFist+1","FlurryOfBlows+1","WindmillStrike"],"picked":"SKIP","floor":47.0},{"not_picked":["EmptyFist+1","FlurryOfBlows+1","WindmillStrike"],"picked":"SKIP","floor":47.0},{"not_picked":["Prostrate","EmptyFist+1"],"picked":"Protect+1","floor":48.0}],"player_experience":2018144,"relics_obtained":[{"floor":6.0,"key":"StrikeDummy"},{"floor":9.0,"key":"Oddly Smooth Stone"},{"floor":13.0,"key":"Bag of Preparation"},{"floor":24.0,"key":"PreservedInsect"},{"floor":26.0,"key":"Ornamental Fan"},{"floor":27.0,"key":"Tiny Chest"},{"floor":40.0,"key":"Bronze Scales"},{"floor":43.0,"key":"Frozen Egg 2"},{"floor":47.0,"key":"Incense Burner"}],"event_choices":[{"damage_healed":22.0,"max_hp_gain":0.0,"max_hp_loss":0.0,"gold_gain":0.0,"event_name":"Big Fish","player_choice":"Banana","floor":2.0,"gold_loss":0.0,"damage_taken":0.0},{"cards_removed":["Defend_P"],"damage_healed":0.0,"max_hp_gain":0.0,"max_hp_loss":0.0,"gold_gain":0.0,"event_name":"Bonfire Elementals","player_choice":"Offered Basic","floor":3.0,"gold_loss":0.0,"damage_taken":0.0},{"damage_healed":0.0,"max_hp_gain":0.0,"max_hp_loss":0.0,"gold_gain":0.0,"event_name":"Dead Adventurer","player_choice":"Searched \u00272\u0027 times","floor":14.0,"gold_loss":0.0,"damage_taken":0.0,"relics_obtained":["Damaru"]},{"damage_healed":0.0,"max_hp_gain":0.0,"max_hp_loss":0.0,"gold_gain":0.0,"event_name":"Nest","player_choice":"Joined the Cult","floor":19.0,"gold_loss":0.0,"damage_taken":6.0,"cards_obtained":["RitualDagger"]},{"damage_healed":0.0,"max_hp_gain":0.0,"max_hp_loss":0.0,"gold_gain":0.0,"event_name":"Addict","player_choice":"Obtained Relic","floor":20.0,"gold_loss":85.0,"damage_taken":0.0,"relics_obtained":["HornCleat"]},{"damage_healed":0.0,"max_hp_gain":0.0,"max_hp_loss":21.0,"gold_gain":0.0,"event_name":"Vampires","player_choice":"Became a vampire","floor":22.0,"gold_loss":0.0,"damage_taken":0.0,"cards_obtained":["Bite","Bite","Bite","Bite","Bite"]},{"damage_healed":0.0,"max_hp_gain":0.0,"max_hp_loss":0.0,"gold_gain":0.0,"event_name":"The Library","player_choice":"Read","floor":29.0,"gold_loss":0.0,"damage_taken":0.0,"cards_obtained":["DevaForm"]},{"damage_healed":0.0,"max_hp_gain":0.0,"max_hp_loss":2.0,"gold_gain":0.0,"event_name":"Winding Halls","player_choice":"Max HP","floor":37.0,"gold_loss":0.0,"damage_taken":0.0},{"damage_healed":0.0,"max_hp_gain":0.0,"max_hp_loss":0.0,"gold_gain":0.0,"event_name":"SecretPortal","player_choice":"Ignored","floor":38.0,"gold_loss":0.0,"damage_taken":0.0}],"is_beta":true,"boss_relics":[{"not_picked":["Calling Bell","Velvet Choker"],"picked":"Ectoplasm"},{"not_picked":["Busted Crown","Empty Cage"],"picked":"SlaversCollar"}],"items_purged_floors":[],"is_endless":false,"potions_floor_spawned":[5,7,13,21,24,27,30,31,36,40,48],"killed_by":"Time Eater","ascension_level":20}}