{"host":"kpyf5rnb72uwap8k","time":1612169817,"event":{"mods":["AchievementEnabler","BaseMod","Colored Map","Colored Powertips","DeckTracker","Minty Spire (QoL Compilation)","Permanent Neow","Quick Restart","StSLib","SuperFastMode"],"gold_per_floor":[118,118,138,67,67,108,108,147,147,45,69,94,84,112,112,225,297,326,340,355,368,382,415,435,435,435,460,460,90,90,57,57,155,155,177,186,210,31,43,43,53,53,53,53,53,53],"floor_reached":45,"language":"KOR","playtime":1696,"items_purged":["Strike_G","Grand Finale","Dagger Spray"],"score":580,"play_id":"0cab6e98-cc54-4c18-9197-a6416f77f2d1","local_time":"20210201175657","is_ascension_mode":true,"campfire_choices":[{"floor":7.0,"key":"REST"},{"floor":15.0,"key":"REST"},{"floor":25.0,"key":"REST"},{"floor":28,"key":"REST"},{"floor":30,"key":"REST"},{"floor":32,"key":"REST"},{"floor":40,"key":"REST"},{"floor":42,"key":"REST"}],"circlet_count":0,"master_deck":["Survivor","Neutralize","Caltrops","Backflip","Neutralize","Caltrops","Quick Slash","Dodge and Roll","Leg Sweep","Unload","Leg Sweep","Sucker Punch","Dodge and Roll","Dodge and Roll","Corpse Explosion","Bullet Time","Adrenaline","Unload","Riddle With Holes","Skewer","Backflip","Finisher","Caltrops","Backflip","Caltrops","Caltrops","Outmaneuver","Deflect","Bullet Time","PiercingWail+1","Footwork","Dodge and Roll"],"relics":["Ring of the Snake","CaptainsWheel","CeramicFish","Ninja Scroll","Ginger","Anchor","Pandora\u0027s Box","The Courier","Question Card","Bottled Flame","Velvet Choker","Pear"],"acts_visited":["Exordium","TheCity","TheBeyond"],"potions_floor_usage":[27,27,33,41,41],"damage_taken":[{"damage":0.0,"enemies":"2 Louse","floor":1.0,"turns":4.0},{"damage":2.0,"enemies":"Cultist","floor":3.0,"turns":4.0},{"damage":40.0,"enemies":"Gremlin Nob","floor":6.0,"turns":6.0},{"damage":27.0,"enemies":"3 Sentries","floor":8.0,"turns":10.0},{"damage":0.0,"enemies":"Small Slimes","floor":11.0,"turns":3.0},{"damage":0.0,"enemies":"Lagavulin","floor":12.0,"turns":5.0},{"damage":5.0,"enemies":"Exordium Thugs","floor":13.0,"turns":4.0},{"damage":0.0,"enemies":"Red Slaver","floor":14.0,"turns":5.0},{"damage":2.0,"enemies":"The Guardian","floor":16.0,"turns":16.0},{"damage":1.0,"enemies":"Shell Parasite","floor":18.0,"turns":5.0},{"damage":8.0,"enemies":"Chosen","floor":19.0,"turns":5.0},{"damage":0.0,"enemies":"Snecko","floor":20.0,"turns":5.0},{"damage":22.0,"enemies":"Centurion and Healer","floor":21.0,"turns":6.0},{"damage":2.0,"enemies":"Snake Plant","floor":22.0,"turns":4.0},{"damage":15.0,"enemies":"Book of Stabbing","floor":23.0,"turns":7.0},{"damage":12.0,"enemies":"Cultist and Chosen","floor":24.0,"turns":4.0},{"damage":20,"enemies":"Snecko","floor":27,"turns":5},{"damage":59,"enemies":"Collector","floor":33,"turns":15},{"damage":0,"enemies":"3 Shapes","floor":35,"turns":4},{"damage":18,"enemies":"3 Darklings","floor":37,"turns":3},{"damage":10,"enemies":"Spire Growth","floor":39,"turns":9},{"damage":55,"enemies":"Maw","floor":41,"turns":10},{"damage":46,"enemies":"Reptomancer","floor":45,"turns":2}],"seed_played":"-7147608302327833440","potions_obtained":[{"floor":1.0,"key":"BlessingOfTheForge"},{"floor":8.0,"key":"AttackPotion"},{"floor":12.0,"key":"DistilledChaos"},{"floor":16.0,"key":"Poison Potion"},{"floor":21.0,"key":"PowerPotion"},{"floor":37,"key":"BlessingOfTheForge"},{"floor":39,"key":"Swift Potion"}],"is_trial":false,"path_per_floor":["M","?","M","$","?","E","R","E","T","$","M","E","M","M","R","B",null,"M","M","M","M","M","E","M","R","T","M","R","$","R","$","R","B",null,"M","?","M","$","M","R","M","R","T","$","E"],"character_chosen":"THE_SILENT","items_purchased":["Quick Slash","Dodge and Roll","Leg Sweep","Caltrops","Caltrops","Bottled Flame","Outmaneuver","Footwork","Dodge and Roll"],"campfire_rested":8,"item_purchase_floors":[4,4,10,29,29,29,31,38,38],"current_hp_per_floor":[70,70,68,68,65,25,46,19,19,19,19,19,14,14,35,33,70,69,61,61,39,37,22,10,31,31,11,32,32,53,53,70,11,70,70,70,52,52,42,63,8,29,39,39,0,0],"gold":53,"neow_bonus":"TRANSFORM_CARD","is_daily":false,"chose_seed":false,"campfire_upgraded":0,"win_rate":0.0,"timestamp":1612169817,"path_taken":["M","?","?","$","?","E","R","E","T","$","M","E","M","M","R","BOSS","M","M","M","M","M","E","M","R","T","M","R","$","R","$","R","BOSS","M","?","M","$","?","R","M","R","T","?","E"],"items_purchased_type":["Card","Card","Card","Card","Card","Relic","Card","Card","Card"],"build_version":"2020-12-22","purchased_purges":3,"victory":false,"max_hp_per_floor":[70,70,70,70,70,70,70,70,70,70,70,70,70,70,70,70,70,70,70,70,70,70,70,70,70,70,70,70,70,70,70,70,70,70,70,70,70,70,70,70,70,70,80,80,80,80],"card_choices":[{"not_picked":["Riddle With Holes","Dagger Throw"],"picked":"Backflip","floor":1.0},{"not_picked":["Prepared","Dagger Spray"],"picked":"Caltrops","floor":3.0},{"not_picked":["Predator","Infinite Blades"],"picked":"Leg Sweep","floor":6.0},{"not_picked":["Expertise","Dagger Throw"],"picked":"Unload","floor":8.0},{"not_picked":["Expertise","Crippling Poison"],"picked":"Sucker Punch","floor":11.0},{"not_picked":["Slice","Underhanded Strike","Catalyst"],"picked":"SKIP","floor":12.0},{"not_picked":["Escape Plan","Underhanded Strike"],"picked":"Dodge and Roll","floor":13.0},{"not_picked":["Unload","All Out Attack"],"picked":"Dodge and Roll","floor":14.0},{"not_picked":["Corpse Explosion","Adrenaline"],"picked":"Grand Finale","floor":16.0},{"not_picked":["Deflect","Bane"],"picked":"Finisher","floor":18.0},{"not_picked":["Deadly Poison+1","Deflect","Underhanded Strike"],"picked":"SKIP","floor":19.0},{"not_picked":["Prepared","Wraith Form v2","Quick Slash+1"],"picked":"SKIP","floor":20.0},{"not_picked":["Concentrate","Underhanded Strike","Heel Hook"],"picked":"SKIP","floor":21.0},{"not_picked":["Flying Knee","Sucker Punch","Expertise"],"picked":"SKIP","floor":22.0},{"not_picked":["Unload","Infinite Blades","Cloak And Dagger"],"picked":"SKIP","floor":23.0},{"not_picked":["Underhanded Strike+1","Finisher"],"picked":"Caltrops","floor":24.0},{"not_picked":["Escape Plan+1","Flying Knee","Bane+1"],"picked":"Backflip","floor":27},{"not_picked":["Dagger Throw","Crippling Poison+1","Quick Slash+1"],"picked":"Deflect","floor":35},{"not_picked":["Deflect+1","Prepared+1","Dash"],"picked":"PiercingWail+1","floor":37},{"not_picked":["Cloak And Dagger","Quick Slash+1","Masterful Stab+1","Finisher"],"picked":"SKIP","floor":39},{"not_picked":["Underhanded Strike+1","Bouncing Flask+1","Predator+1","Unload"],"picked":"SKIP","floor":41}],"player_experience":250447,"relics_obtained":[{"floor":6.0,"key":"CeramicFish"},{"floor":8.0,"key":"Ninja Scroll"},{"floor":9.0,"key":"Ginger"},{"floor":12.0,"key":"Anchor"},{"floor":23.0,"key":"The Courier"},{"floor":26.0,"key":"Question Card"},{"floor":43,"key":"Pear"}],"event_choices":[{"damage_healed":0.0,"max_hp_gain":0.0,"max_hp_loss":0.0,"gold_gain":0.0,"event_name":"Match and Keep!","player_choice":"1 cards matched","floor":2.0,"gold_loss":0.0,"damage_taken":0.0,"cards_obtained":["Neutralize"]},{"damage_healed":0.0,"max_hp_gain":0.0,"max_hp_loss":0.0,"gold_gain":0.0,"event_name":"Scrap Ooze","player_choice":"Success","floor":5.0,"gold_loss":0.0,"damage_taken":3.0,"relics_obtained":["CaptainsWheel"]},{"damage_healed":0,"gold_gain":0,"player_choice":"Copied","damage_taken":0,"max_hp_gain":0,"max_hp_loss":0,"event_name":"Duplicator","floor":36,"gold_loss":0,"cards_obtained":["Bullet Time"]}],"is_beta":false,"boss_relics":[{"not_picked":["Black Star","SlaversCollar"],"picked":"Pandora\u0027s Box"},{"not_picked":["Coffee Dripper","Tiny House"],"picked":"Velvet Choker"}],"items_purged_floors":[10,29,38],"is_endless":false,"potions_floor_spawned":[1,8,12,16,21,22,23,24,37,39],"killed_by":"Reptomancer","ascension_level":2}}