{"host":"j9ki0s1dicmcfq9y","time":1612148762,"event":{"mods":["BaseMod","Minty Spire (QoL Compilation)","StSLib","The Senshi"],"gold_per_floor":[114,114,128,203,218,97,97,107,107,107,128,28,28,40,40,135,135,148,148,148,165,179,179,144,171,171,171,185,199,199,218,218,317,317,329,329,329,379,379,379,398,398,423,438,438,207,207,207,207,207,207],"floor_reached":50,"language":"ENG","playtime":3355,"items_purged":["Normality","theSenshi:MoonPower"],"score":475,"play_id":"fed318cd-997b-4fe1-bcb5-9300009147f2","local_time":"20210131220602","is_ascension_mode":false,"campfire_choices":[{"data":"theSenshi:MoonPrismPowerMakeUp","floor":10,"key":"SMITH"},{"data":"theSenshi:SailorUranusAssists","floor":13,"key":"SMITH"},{"floor":15,"key":"REST"},{"data":"theSenshi:SailorMarsAssists","floor":23,"key":"SMITH"},{"data":"theSenshi:VenusGlamour","floor":27,"key":"SMITH"},{"floor":32,"key":"RECALL"},{"data":"theSenshi:StarlightHoneymoonTherapyKiss","floor":40,"key":"SMITH"},{"floor":45,"key":"REST"},{"data":"Panache","floor":49,"key":"SMITH"}],"circlet_count":0,"master_deck":["theSenshi:SailorKick+1","theSenshi:SailorKick+1","theSenshi:SailorKick+1","theSenshi:SailorKick+1","theSenshi:SailorBlock+1","theSenshi:SailorBlock+1","theSenshi:SailorBlock+1","theSenshi:SailorBlock+1","theSenshi:MoonPrismPowerMakeUp+1","theSenshi:SailorJupiterAssists","theSenshi:MoonPunch","theSenshi:SailorUranusAssists+1","theSenshi:SailorVenusAssists","theSenshi:LateForSchool+1","theSenshi:SailorMarsAssists+1","theSenshi:VenusGlamour+1","theSenshi:SailorMarsAssists+1","theSenshi:StarlightHoneymoonTherapyKiss+1","CurseOfTheBell","theSenshi:MoonPrincessHalation+1","theSenshi:CrisisMakeUp+1","Parasite","theSenshi:MoonKick+1","Panache+1"],"relics":["theSenshi:TransformationBroochRelic","Incense Burner","Gremlin Horn","Odd Mushroom","Philosopher\u0027s Stone","Turnip","PreservedInsect","Calling Bell","theSenshi:RoseRelic","InkBottle","Ginger","WingedGreaves"],"acts_visited":["Exordium","TheCity","TheBeyond"],"potions_floor_usage":[18,21,25,25,29,31,33,47,50,50],"damage_taken":[{"damage":9,"enemies":"Jaw Worm","floor":1,"turns":4},{"damage":0,"enemies":"Cultist","floor":3,"turns":5},{"damage":0,"enemies":"2 Louse","floor":5,"turns":3},{"damage":8,"enemies":"Exordium Wildlife","floor":8,"turns":4},{"damage":2,"enemies":"The Mushroom Lair","floor":11,"turns":5},{"damage":7,"enemies":"Exordium Thugs","floor":14,"turns":4},{"damage":22,"enemies":"Hexaghost","floor":16,"turns":10},{"damage":14,"enemies":"Spheric Guardian","floor":18,"turns":6},{"damage":2,"enemies":"3 Byrds","floor":21,"turns":4},{"damage":0,"enemies":"Cultist and Chosen","floor":22,"turns":6},{"damage":17,"enemies":"Slavers","floor":25,"turns":4},{"damage":10,"enemies":"Snake Plant","floor":28,"turns":3},{"damage":10,"enemies":"Centurion and Healer","floor":29,"turns":3},{"damage":14,"enemies":"Snecko","floor":31,"turns":5},{"damage":17,"enemies":"Automaton","floor":33,"turns":8},{"damage":15,"enemies":"3 Shapes","floor":35,"turns":3},{"damage":25,"enemies":"Mind Bloom Boss Battle","floor":38,"turns":7},{"damage":0,"enemies":"3 Darklings","floor":41,"turns":3},{"damage":38,"enemies":"Writhing Mass","floor":44,"turns":7},{"damage":1,"enemies":"Sphere and 2 Shapes","floor":47,"turns":1},{"damage":87,"enemies":"Donu and Deca","floor":50,"turns":5}],"seed_played":"3142404717294426918","potions_obtained":[{"floor":11,"key":"LiquidMemories"},{"floor":14,"key":"Block Potion"},{"floor":16,"key":"Block Potion"},{"floor":18,"key":"SpeedPotion"},{"floor":21,"key":"SteroidPotion"},{"floor":25,"key":"SteroidPotion"},{"floor":28,"key":"AttackPotion"},{"floor":41,"key":"SmokeBomb"},{"floor":44,"key":"EssenceOfSteel"}],"is_trial":false,"path_per_floor":["M","?","M","?","M","$","?","M","T","R","?","$","R","M","R","B",null,"M","?","?","M","M","R","$","E","T","R","M","M","?","M","R","B",null,"M","?","?","?","?","R","M","?","T","M","R","$","M","?","R","B"],"character_chosen":"THE_SENSHI","items_purchased":["theSenshi:SailorVenusAssists","theSenshi:VenusGlamour","Panache","Explosive Potion"],"campfire_rested":2,"item_purchase_floors":[6,24,46,46],"current_hp_per_floor":[66,66,66,55,55,55,55,47,47,47,45,45,45,38,60,38,75,61,61,61,59,59,59,59,42,42,42,32,31,85,71,71,54,85,70,70,70,45,45,45,45,45,45,7,31,31,30,71,71,0,0],"gold":207,"neow_bonus":"ONE_RARE_RELIC","is_daily":false,"chose_seed":false,"campfire_upgraded":6,"win_rate":0.0,"timestamp":1612148762,"path_taken":["M","?","?","?","M","$","?","?","T","R","?","?","R","M","R","BOSS","M","?","?","M","?","R","?","E","T","R","?","M","?","M","R","BOSS","M","?","?","?","?","R","?","?","T","M","R","$","M","?","R","BOSS"],"items_purchased_type":["Card","Card","Card","Potion"],"build_version":"2020-12-22","purchased_purges":2,"victory":false,"max_hp_per_floor":[75,75,75,75,75,75,75,75,75,75,75,75,75,75,75,75,75,75,75,75,75,75,75,75,75,75,75,75,75,85,85,85,85,85,85,85,81,81,81,81,81,81,81,81,81,81,81,71,71,71,71],"card_choices":[{"not_picked":["theSenshi:SailorMercuryAssists","theSenshi:SchoolBag"],"picked":"theSenshi:SailorJupiterAssists","floor":1},{"not_picked":["theSenshi:SailorJupiterAssists","theSenshi:SailorStarMakerAssists"],"picked":"theSenshi:MoonPunch","floor":3},{"not_picked":["theSenshi:SupersonicWaves","theSenshi:MercurysCunning"],"picked":"theSenshi:SailorUranusAssists","floor":5},{"not_picked":["theSenshi:MoonPunch","theSenshi:MoonlightKnight","theSenshi:SchoolBag"],"picked":"SKIP","floor":8},{"not_picked":["theSenshi:LateForSchool","theSenshi:MoonsReflection","theSenshi:SailorChibiMoonAssists"],"picked":"SKIP","floor":14},{"not_picked":["theSenshi:InTheNameOfTheMoon","theSenshi:SailorCosmosAssists"],"picked":"theSenshi:MoonEternalMakeUp","floor":16},{"not_picked":["theSenshi:MoonsReflection","theSenshi:SailorJupiterAssists"],"picked":"theSenshi:LateForSchool+1","floor":18},{"not_picked":["theSenshi:HesSoDreamy+1","theSenshi:MoonPower","theSenshi:SailorVenusAssists+1"],"picked":"SKIP","floor":21},{"not_picked":["theSenshi:YouCanTalk","theSenshi:MoonSpiralHeartAttack"],"picked":"theSenshi:SailorMarsAssists","floor":22},{"not_picked":["theSenshi:LateForSchool","theSenshi:MoonsReflection","theSenshi:MoonSpiralHeartAttack"],"picked":"SKIP","floor":25},{"not_picked":["theSenshi:VenusGlamour+1","theSenshi:TallSilhouette+1","theSenshi:LunasBite+1"],"picked":"SKIP","floor":28},{"not_picked":["theSenshi:SailorPlutoAssists","theSenshi:SailorMarsAssists","theSenshi:Sidestep"],"picked":"SKIP","floor":29},{"not_picked":["theSenshi:SchoolBag+1","theSenshi:SaturnsMystery"],"picked":"theSenshi:SailorMarsAssists+1","floor":31},{"not_picked":["theSenshi:MoonEternalMakeUp","theSenshi:SailorPlutoAssists"],"picked":"theSenshi:StarlightHoneymoonTherapyKiss","floor":33},{"not_picked":["theSenshi:TuxedoSmokingBomber","theSenshi:Sidestep"],"picked":"theSenshi:MoonPrincessHalation+1","floor":35},{"not_picked":["theSenshi:TallSilhouette","theSenshi:MoonPrincessHalation"],"picked":"theSenshi:CrisisMakeUp+1","floor":38},{"not_picked":["theSenshi:LunasBite+1","theSenshi:TallSilhouette+1","theSenshi:MoonHealingEscalation"],"picked":"SKIP","floor":41},{"not_picked":["theSenshi:GatheringStrength","theSenshi:LunasBite+1"],"picked":"theSenshi:MoonKick+1","floor":44}],"player_experience":723745,"relics_obtained":[{"floor":9,"key":"Gremlin Horn"},{"floor":11,"key":"Odd Mushroom"},{"floor":25,"key":"Turnip"},{"floor":26,"key":"PreservedInsect"},{"floor":34,"key":"theSenshi:RoseRelic"},{"floor":34,"key":"InkBottle"},{"floor":34,"key":"Ginger"},{"floor":38,"key":"WingedGreaves"}],"event_choices":[{"damage_healed":0,"gold_gain":0,"player_choice":"1 cards matched","damage_taken":0,"max_hp_gain":0,"max_hp_loss":0,"event_name":"Match and Keep!","floor":2,"gold_loss":0,"cards_obtained":["theSenshi:WarriorOfTheMoon"]},{"damage_healed":0,"gold_gain":75,"player_choice":"Gather Gold","damage_taken":11,"max_hp_gain":0,"max_hp_loss":0,"event_name":"World of Goop","floor":4,"gold_loss":0},{"damage_healed":0,"gold_gain":0,"cards_transformed":["theSenshi:WarriorOfTheMoon"],"player_choice":"Transformed","damage_taken":0,"max_hp_gain":0,"max_hp_loss":0,"event_name":"Transmorgrifier","floor":7,"gold_loss":0,"cards_obtained":["theSenshi:MoonPower"]},{"damage_healed":0,"gold_gain":0,"player_choice":"Fought Mushrooms","damage_taken":0,"max_hp_gain":0,"max_hp_loss":0,"event_name":"Mushrooms","floor":11,"gold_loss":0},{"damage_healed":0,"gold_gain":0,"player_choice":"Simplicity","damage_taken":0,"max_hp_gain":0,"max_hp_loss":0,"event_name":"Back to Basics","floor":19,"gold_loss":0,"cards_upgraded":["theSenshi:SailorKick","theSenshi:SailorKick","theSenshi:SailorKick","theSenshi:SailorKick","theSenshi:SailorBlock","theSenshi:SailorBlock","theSenshi:SailorBlock","theSenshi:SailorBlock"]},{"damage_healed":0,"gold_gain":0,"player_choice":"Ignored","damage_taken":0,"max_hp_gain":0,"max_hp_loss":0,"event_name":"NoteForYourself","floor":20,"gold_loss":0},{"cards_removed":["theSenshi:MoonEternalMakeUp"],"damage_healed":44,"gold_gain":0,"player_choice":"Offered Rare","damage_taken":0,"max_hp_gain":10,"max_hp_loss":0,"event_name":"Bonfire Elementals","floor":30,"gold_loss":0},{"cards_removed":["theSenshi:RoseThrow"],"damage_healed":0,"gold_gain":0,"player_choice":"Removed Skill","damage_taken":0,"max_hp_gain":0,"max_hp_loss":0,"event_name":"Falling","floor":36,"gold_loss":0},{"damage_healed":0,"gold_gain":0,"player_choice":"Max HP","damage_taken":0,"max_hp_gain":0,"max_hp_loss":4,"event_name":"Winding Halls","floor":37,"gold_loss":0},{"damage_healed":0,"gold_gain":0,"player_choice":"Fight","damage_taken":0,"max_hp_gain":0,"max_hp_loss":0,"event_name":"MindBloom","floor":38,"gold_loss":0},{"damage_healed":0,"gold_gain":0,"player_choice":"Ignored","damage_taken":0,"max_hp_gain":0,"max_hp_loss":0,"event_name":"Transmorgrifier","floor":39,"gold_loss":0},{"damage_healed":0,"gold_gain":0,"player_choice":"Ignored","damage_taken":0,"max_hp_gain":0,"max_hp_loss":0,"event_name":"Tomb of Lord Red Mask","floor":42,"gold_loss":0},{"damage_healed":71,"gold_gain":0,"player_choice":"Heal","damage_taken":0,"max_hp_gain":0,"max_hp_loss":10,"event_name":"The Moai Head","floor":48,"gold_loss":0}],"is_beta":false,"boss_relics":[{"not_picked":["Coffee Dripper","Black Star"],"picked":"Philosopher\u0027s Stone"},{"not_picked":["Empty Cage","SlaversCollar"],"picked":"Calling Bell"}],"items_purged_floors":[6,12],"is_endless":false,"potions_floor_spawned":[11,14,16,18,21,25,28,41,44,47],"killed_by":"Donu and Deca","ascension_level":0}}