{"host":"mmqs5ul2bvb60kyc","time":1612146762,"event":{"mods":["AchievementEnabler","BaseMod","Colored Map","Colored Powertips","Minty Spire (QoL Compilation)","Quick Restart","StSLib"],"gold_per_floor":[116,116,73,123,173,173,185,185,185,198,210,245,255,289,289,289,289],"floor_reached":16,"language":"ZHS","playtime":507,"items_purged":[],"score":187,"play_id":"6e31809a-c7d7-48df-b751-e5dff98f0ab7","local_time":"20210201103242","is_ascension_mode":true,"campfire_choices":[{"data":"Rainbow","floor":6.0,"key":"SMITH"},{"data":"Coolheaded","floor":8.0,"key":"SMITH"},{"data":"Defragment","floor":15.0,"key":"SMITH"}],"circlet_count":0,"master_deck":["AscendersBane","Strike_B","Strike_B","Defend_B","Defend_B","Defend_B","Defend_B","Zap","Dualcast","Rainbow+1","Rip and Tear","Turbo","Heatsinks","Aggregate","Coolheaded+1","Coolheaded","Recycle","Defragment+1"],"relics":["Cracked Core","SsserpentHead","Omamori","Nunchaku","Eternal Feather"],"acts_visited":["Exordium"],"potions_floor_usage":[],"damage_taken":[{"damage":0.0,"enemies":"Cultist","floor":1.0,"turns":3.0},{"damage":0.0,"enemies":"2 Louse","floor":7.0,"turns":2.0},{"damage":7.0,"enemies":"Jaw Worm","floor":10.0,"turns":2.0},{"damage":0.0,"enemies":"2 Fungi Beasts","floor":11.0,"turns":3.0},{"damage":25.0,"enemies":"3 Sentries","floor":12.0,"turns":8.0},{"damage":0.0,"enemies":"Gremlin Gang","floor":13.0,"turns":4.0},{"damage":21.0,"enemies":"Gremlin Nob","floor":14.0,"turns":4.0},{"damage":14,"enemies":"Hexaghost","floor":16,"turns":9}],"seed_played":"6828975704751969312","potions_obtained":[{"floor":1.0,"key":"Ancient Potion"},{"floor":10.0,"key":"FearPotion"}],"is_trial":false,"path_per_floor":["M","?","$","?","?","R","M","R","T","M","M","E","M","E","R","B"],"character_chosen":"DEFECT","items_purchased":["Turbo","Heatsinks"],"campfire_rested":0,"item_purchase_floors":[3,3],"current_hp_per_floor":[64,64,64,57,57,57,57,57,57,50,50,25,25,4,13,0,0],"gold":289,"neow_bonus":"THREE_RARE_CARDS","is_daily":false,"chose_seed":false,"campfire_upgraded":3,"win_rate":0.0,"timestamp":1612146762,"path_taken":["M","?","?","?","?","R","M","R","T","M","M","E","M","E","R","BOSS"],"items_purchased_type":["Card","Card"],"build_version":"2020-12-22","purchased_purges":0,"victory":false,"max_hp_per_floor":[64,64,64,64,64,64,64,64,64,64,64,64,64,64,64,64,64],"card_choices":[{"not_picked":["All For One","Fission"],"picked":"Rainbow","floor":0.0},{"not_picked":["Redo","Melter"],"picked":"Rip and Tear","floor":1.0},{"not_picked":["Turbo","Go for the Eyes"],"picked":"Coolheaded","floor":7.0},{"not_picked":["FTL","Scrape","Beam Cell"],"picked":"SKIP","floor":10.0},{"not_picked":["Steam","Leap"],"picked":"Coolheaded","floor":11.0},{"not_picked":["Ball Lightning","Fission"],"picked":"Recycle","floor":12.0},{"not_picked":["Streamline","Barrage"],"picked":"Defragment","floor":13.0},{"not_picked":["Go for the Eyes","Conserve Battery","Darkness"],"picked":"SKIP","floor":14.0}],"player_experience":319211,"relics_obtained":[{"floor":9.0,"key":"Omamori"},{"floor":12.0,"key":"Nunchaku"},{"floor":14.0,"key":"Eternal Feather"}],"event_choices":[{"damage_healed":0.0,"max_hp_gain":0.0,"max_hp_loss":0.0,"gold_gain":0.0,"event_name":"FaceTrader","player_choice":"Trade","floor":2.0,"gold_loss":0.0,"damage_taken":0.0,"relics_obtained":["SsserpentHead"]},{"cards_removed":["Strike_B"],"damage_healed":0.0,"max_hp_gain":0.0,"max_hp_loss":0.0,"gold_gain":0.0,"event_name":"Golden Wing","player_choice":"Card Removal","floor":4.0,"gold_loss":0.0,"damage_taken":7.0},{"damage_healed":0.0,"max_hp_gain":0.0,"max_hp_loss":0.0,"gold_gain":0.0,"cards_transformed":["Strike_B"],"event_name":"Transmorgrifier","player_choice":"Transformed","floor":5.0,"gold_loss":0.0,"damage_taken":0.0,"cards_obtained":["Aggregate"]}],"is_beta":false,"boss_relics":[],"items_purged_floors":[],"is_endless":false,"potions_floor_spawned":[1,10],"killed_by":"Hexaghost","ascension_level":14}}