{"host":"ws4mzzemcqsz5e2k","time":1612175946,"event":{"mods":["Act Like it!","BaseMod","Colored Powertips","Minty Spire (QoL Compilation)","Quick Restart","Relic Filter Mod","Reliquary","StSLib","Wide Potions"],"gold_per_floor":[115,23,41,41,57,57,37,51,77,77,77,2,2,22,22,100,100,110,110,124,124,124,124,124,124,170,170,170,28,44,71,71,71,71],"floor_reached":33,"language":"ZHS","playtime":887,"items_purged":["Strike_R","Decay"],"score":502,"play_id":"3021af91-1f4b-4179-a463-04f649aea937","local_time":"20210201183906","is_ascension_mode":true,"campfire_choices":[{"data":"Flex","floor":6.0,"key":"SMITH"},{"data":"Pommel Strike","floor":11.0,"key":"SMITH"},{"data":"Sword Boomerang","floor":13.0,"key":"SMITH"},{"data":"Discovery","floor":15.0,"key":"SMITH"},{"data":"Armaments","floor":23.0,"key":"SMITH"},{"floor":24.0,"key":"RECALL"},{"data":"Limit Break","floor":25.0,"key":"SMITH"},{"floor":27.0,"key":"REST"},{"floor":28.0,"key":"REST"},{"data":"Rupture","floor":32.0,"key":"SMITH"}],"circlet_count":0,"master_deck":["AscendersBane","Defend_R","Defend_R","Defend_R","Defend_R","Bash","Sword Boomerang+1","Discovery+1","Flex+1","Pommel Strike+1","Brutality","Limit Break+1","CurseOfTheBell","Pommel Strike+1","Armaments+1","Rupture+1"],"relics":["Burning Blood","Blood Vial","Calling Bell","Anchor","reliquary:BallBearing","WingedGreaves","Tiny Chest"],"acts_visited":["Exordium","TheCity"],"potions_floor_usage":[],"damage_taken":[{"damage":8.0,"enemies":"Small Slimes","floor":1.0,"turns":5.0},{"damage":4.0,"enemies":"Jaw Worm","floor":3.0,"turns":5.0},{"damage":1.0,"enemies":"Cultist","floor":5.0,"turns":3.0},{"damage":0.0,"enemies":"3 Louse","floor":8.0,"turns":1.0},{"damage":0.0,"enemies":"Exordium Wildlife","floor":14.0,"turns":2.0},{"damage":61.0,"enemies":"The Guardian","floor":16.0,"turns":8.0},{"damage":21.0,"enemies":"Shell Parasite","floor":18.0,"turns":4.0},{"damage":30.0,"enemies":"Spheric Guardian","floor":20.0,"turns":4.0},{"damage":34.0,"enemies":"Cultist and Chosen","floor":30.0,"turns":5.0},{"damage":45.0,"enemies":"Book of Stabbing","floor":31.0,"turns":4.0},{"damage":11,"enemies":"Champ","floor":33,"turns":3}],"seed_played":"2285774925054600496","potions_obtained":[{"floor":1.0,"key":"Explosive Potion"},{"floor":3.0,"key":"Explosive Potion"},{"floor":7.0,"key":"AttackPotion"},{"floor":20.0,"key":"LiquidBronze"},{"floor":30.0,"key":"Strength Potion"}],"is_trial":false,"path_per_floor":["M","$","M","?","M","R","?","M","T","?","R","$","R","M","R","B",null,"M","?","M","?","?","R","R","R","T","R","R","$","M","E","R","B"],"character_chosen":"IRONCLAD","items_purchased":["Discovery","Rupture"],"campfire_rested":2,"item_purchase_floors":[2,29],"current_hp_per_floor":[48,48,50,55,60,60,60,66,66,59,59,59,59,67,67,14,64,51,51,29,29,29,29,29,29,29,53,77,77,51,14,14,5,5],"gold":71,"neow_bonus":"REMOVE_TWO","is_daily":false,"chose_seed":false,"campfire_upgraded":7,"win_rate":0.0,"timestamp":1612175946,"path_taken":["M","$","M","?","M","R","?","?","T","?","R","$","R","M","R","BOSS","M","?","?","?","?","R","R","R","T","R","R","$","M","E","R","BOSS"],"items_purchased_type":["Card","Card"],"build_version":"2020-12-22","purchased_purges":2,"victory":false,"max_hp_per_floor":[75,75,75,80,80,80,80,80,80,80,80,80,80,80,80,80,80,80,80,80,80,80,80,80,80,80,80,80,80,80,80,80,80,80],"card_choices":[{"not_picked":["Dropkick","True Grit"],"picked":"Sword Boomerang","floor":1.0},{"not_picked":["Sentinel","Body Slam"],"picked":"Flex","floor":3.0},{"not_picked":["Flex","Headbutt"],"picked":"Pommel Strike","floor":5.0},{"not_picked":["Searing Blow","Anger"],"picked":"Brutality","floor":8.0},{"not_picked":["Searing Blow","Combust","Cleave"],"picked":"SKIP","floor":14.0},{"not_picked":["Barricade","Corruption"],"picked":"Limit Break","floor":16.0},{"not_picked":["Searing Blow","Thunderclap","True Grit"],"picked":"SKIP","floor":18.0},{"not_picked":["Second Wind","Flex"],"picked":"Armaments","floor":20.0},{"not_picked":["Twin Strike","Rampage","Pummel"],"picked":"SKIP","floor":30.0},{"not_picked":["Dropkick","Entrench","Heavy Blade"],"picked":"SKIP","floor":31.0}],"player_experience":1511685,"relics_obtained":[{"floor":9.0,"key":"Blood Vial"},{"floor":17.0,"key":"Anchor"},{"floor":17.0,"key":"reliquary:BallBearing"},{"floor":17.0,"key":"WingedGreaves"},{"floor":31.0,"key":"Tiny Chest"}],"event_choices":[{"damage_healed":0.0,"max_hp_gain":5.0,"max_hp_loss":0.0,"gold_gain":0.0,"event_name":"Big Fish","player_choice":"Donut","floor":4.0,"gold_loss":0.0,"damage_taken":0.0},{"damage_healed":0.0,"max_hp_gain":0.0,"max_hp_loss":0.0,"gold_gain":0.0,"event_name":"The Woman in Blue","player_choice":"Bought 1 Potion","floor":7.0,"gold_loss":0.0,"damage_taken":0.0},{"cards_removed":["Strike_R"],"damage_healed":0.0,"max_hp_gain":0.0,"max_hp_loss":0.0,"gold_gain":0.0,"event_name":"Golden Wing","player_choice":"Card Removal","floor":10.0,"gold_loss":0.0,"damage_taken":7.0},{"damage_healed":0.0,"max_hp_gain":0.0,"max_hp_loss":0.0,"gold_gain":0.0,"event_name":"Duplicator","player_choice":"Copied","floor":19.0,"gold_loss":0.0,"damage_taken":0.0,"cards_obtained":["Pommel Strike"]},{"cards_removed":["Strike_R"],"damage_healed":0.0,"max_hp_gain":0.0,"max_hp_loss":0.0,"gold_gain":0.0,"event_name":"Back to Basics","player_choice":"Elegance","floor":21.0,"gold_loss":0.0,"damage_taken":0.0},{"damage_healed":0.0,"max_hp_gain":0.0,"max_hp_loss":0.0,"gold_gain":0.0,"event_name":"Forgotten Altar","player_choice":"Smashed Altar","floor":22.0,"gold_loss":0.0,"damage_taken":0.0,"cards_obtained":["Decay"]}],"is_beta":false,"boss_relics":[{"not_picked":["reliquary:WritOfMandamus","Runic Dome"],"picked":"Calling Bell"}],"items_purged_floors":[12,29],"is_endless":false,"potions_floor_spawned":[1,3,20,30],"killed_by":"Champ","ascension_level":20}}