{"host":"jczpfntkj7lke2b5","time":1612210560,"event":{"mods":["2.2 Compatiblity","AchievementEnabler","BaseMod","Block Reminder","Colored Map","Colored Powertips","Highlight Path","Minty Spire (QoL Compilation)","Permanent Neow","Random Character Button","Random Character Mod","Rare Cards Sparkle","Relic Stats","Remove Card Discount Mod","Replay The Spire","Shop Mod","StSLib"],"gold_per_floor":[113,133,133,151,207,240,259,289,289,289,9752,9768,8731,8745,8745,8841,8841,8852,8067,8087,7288,7288,7315,7315,7315,7315,7315,7344,7344,7369,7403,7403,7504,7504,7514,7526,7544,7544,7544,7562,7572,7572,7601,7601,7624,7624,7624,7640,7077,7110,7110,7110,7110,7110,6374,6404,6404],"floor_reached":58,"language":"ENG","playtime":4994,"items_purged":["Hyperbeam","Strike_B","Strike_B","Strike_B","Strike_B","Defend_B","Defend_B","Defend_B","Defend_B"],"score":1535,"play_id":"a75d89b7-4605-42d0-8496-f901997297c2","local_time":"20210201211600","is_ascension_mode":true,"campfire_choices":[{"data":"Leap","floor":15,"key":"SMITH"},{"data":"Ball Lightning","floor":24,"key":"SMITH"},{"data":"Cold Snap","floor":27,"key":"SMITH"},{"data":"All For One","floor":29,"key":"SMITH"},{"data":"Conserve Battery","floor":32,"key":"SMITH"},{"data":"Sweeping Beam","floor":42,"key":"SMITH"},{"data":"Ball Lightning","floor":44,"key":"SMITH"},{"floor":51,"key":"RECALL"},{"data":"Barrage","floor":54,"key":"SMITH"}],"circlet_count":0,"master_deck":["Zap","Dualcast","Leap+1","Coolheaded","Multi-Cast","Ball Lightning+1","Cold Snap+1","All For One+1","Conserve Battery+1","Core Surge+1","Melter+1","Ball Lightning+1","Hologram+1","Capacitor+1","Sweeping Beam+1","Gash+1","Doom and Gloom+1","Hologram+1","BasicCrystalCard+1","Heatsinks+1","Metamorphosis+1","Ball Lightning+1","Echo Form+1","Streamline+1","Compile Driver+1","Doom and Gloom+1","Conserve Battery+1","BasicCrystalCard+1","Heatsinks+1","Barrage+1","Ball Lightning+1","Streamline+1","Panic Button+1","Storm+1","Creative AI+1","Genetic Algorithm+1","ReplaySort+1","ReplayTheSpireMod:Calculation Training","Core Surge+1","Rebound","Compile Driver+1","Core Surge+1","Stack","Hologram+1","Good Instincts","Master of Strategy+1","ReplayUltimateDefense+1","Coolheaded+1","Thunder Strike+1","Coolheaded+1","Hello World+1","Undo","Time Bomb+1","Rainbow+1","Sunder+1","Rebound+1","Rebound+1","Capacitor"],"relics":["Cracked Core","Onion Ring","Pantograph","PreservedInsect","FossilizedHelix","Golden Egg","MerchantsRug","Orichalcum","Chameleon Ring","Medical Kit","SacredBark","Snack Pack","Raider\u0027s Mask","Ginger","Calipers","Omamori","Ring of Peace","Replay:WaspNest","Toy Ornithopter","Red Mask","Black Star","Geode","Replay:Bottled Flurry","Gremlin Food","Anchor","Toolbox","Pet Ghost","Bird Faced Urn","Mirror","OrangePellets","Oddly Smooth Stone","Happy Flower"],"acts_visited":["Exordium","TheCity","TheBeyond","TheEnding"],"potions_floor_usage":[16,16,16,33,33,52,52,52,57,57,57],"damage_taken":[{"damage":0,"enemies":"Small Slimes","floor":1,"turns":1},{"damage":0,"enemies":"2 Louse","floor":2,"turns":1},{"damage":0,"enemies":"Jaw Worm","floor":4,"turns":1},{"damage":10,"enemies":"Gremlin Nob","floor":6,"turns":3},{"damage":0,"enemies":"Large Slime","floor":7,"turns":1},{"damage":0,"enemies":"3 Sentries","floor":8,"turns":1},{"damage":0,"enemies":"Blue Slaver","floor":12,"turns":1},{"damage":0,"enemies":"3 Louse","floor":14,"turns":2},{"damage":0,"enemies":"Hexaghost","floor":16,"turns":2},{"damage":0,"enemies":"2 Thieves","floor":18,"turns":2},{"damage":0,"enemies":"Spheric Guardian","floor":20,"turns":2},{"damage":0,"enemies":"Gremlin Leader","floor":23,"turns":3},{"damage":0,"enemies":"Slavers","floor":28,"turns":2},{"damage":0,"enemies":"Book of Stabbing","floor":30,"turns":2},{"damage":0,"enemies":"Masked Bandits","floor":31,"turns":2},{"damage":0,"enemies":"Champ","floor":33,"turns":3},{"damage":0,"enemies":"3 Darklings","floor":35,"turns":1},{"damage":0,"enemies":"3 Shapes","floor":36,"turns":3},{"damage":0,"enemies":"Jaw Worm Horde","floor":37,"turns":2},{"damage":0,"enemies":"Sphere and 2 Shapes","floor":40,"turns":1},{"damage":0,"enemies":"4 Shapes","floor":41,"turns":1},{"damage":0,"enemies":"Giant Head","floor":43,"turns":1},{"damage":0,"enemies":"Jaw Worm Horde","floor":48,"turns":2},{"damage":0,"enemies":"Nemesis","floor":50,"turns":3},{"damage":0,"enemies":"Replay:Hell Engine","floor":52,"turns":4},{"damage":5,"enemies":"Shield and Spear","floor":56,"turns":4},{"damage":12,"enemies":"The Heart","floor":57,"turns":5}],"seed_played":"279379090484525263","potions_obtained":[{"floor":1,"key":"DuplicationPotion"},{"floor":4,"key":"LifebloodPotion"},{"floor":8,"key":"Swift Potion"},{"floor":16,"key":"Languid Potion"},{"floor":20,"key":"FocusPotion"},{"floor":37,"key":"LiquidBronze"},{"floor":41,"key":"BlessingOfTheForge"},{"floor":56,"key":"FearPotion"}],"is_trial":false,"path_per_floor":["M","M","?","M","?","E","M","E","T","?","$","M","$","M","R","B",null,"M","$","M","$","?","E","R","?","T","R","E","R","E","?","R","B",null,"M","M","M","PTL","PTL","M","M","R","E","R","T","?","?","M","$","E","R","B",null,"R","$","E","B",null],"character_chosen":"DEFECT","items_purchased":["Melter","Ball Lightning","Hologram","Capacitor","Lee\u0027s Waffle","MerchantsRug","Gash","Doom and Gloom","Hologram+1","BasicCrystalCard","Heatsinks","Metamorphosis","Orichalcum","Chameleon Ring","Medical Kit","Snack Pack","Raider\u0027s Mask","Compile Driver","Doom and Gloom","Conserve Battery","BasicCrystalCard","Heatsinks","SteroidPotion","Toxic Potion","Ginger","Calipers","Ball Lightning","Streamline","Panic Button","Storm","Thunder Strike","Coolheaded","Hello World","Anchor","Toolbox","Mirror","OrangePellets","Time Bomb","Rainbow","Sunder","Rebound"],"campfire_rested":0,"item_purchase_floors":[11,11,11,11,11,11,13,13,13,13,13,13,13,13,13,19,19,19,19,19,19,19,19,19,21,21,21,21,21,21,49,49,49,49,49,55,55,55,55,55,55],"current_hp_per_floor":[75,75,63,75,75,65,75,75,75,75,82,82,82,82,82,82,82,82,82,82,82,82,82,82,82,82,82,82,82,82,82,82,82,82,82,82,82,82,82,82,82,82,82,82,82,72,82,82,82,82,82,82,82,82,82,81,80],"gold":6404,"neow_bonus":"ONE_RANDOM_RARE_CARD","is_daily":false,"chose_seed":false,"campfire_upgraded":8,"win_rate":0.0,"timestamp":1612210560,"path_taken":["M","M","?","M","?","E","M","E","T","?","$","M","$","M","R","BOSS","M","$","M","$","?","E","R","?","T","R","E","R","E","?","R","BOSS","M","M","M","PTL","PTL","M","M","R","E","R","T","?","?","M","$","E","R","BOSS","R","$","E","BOSS"],"items_purchased_type":["Card","Card","Card","Card","Relic","Relic","Card","Card","Card","Card","Card","Card","Relic","Relic","Relic","Relic","Relic","Card","Card","Card","Card","Card","Potion","Potion","Relic","Relic","Card","Card","Card","Card","Card","Card","Card","Relic","Relic","Relic","Relic","Card","Card","Card","Card"],"build_version":"2020-12-13","purchased_purges":9,"victory":true,"max_hp_per_floor":[75,75,75,75,75,75,75,75,75,75,82,82,82,82,82,82,82,82,82,82,82,82,82,82,82,82,82,82,82,82,82,82,82,82,82,82,82,82,82,82,82,82,82,82,82,82,82,82,82,82,82,82,82,82,82,82,82],"relic_stats":{"OrangePellets":[0],"Happy Flower":[1],"counters":[27,56],"Pantograph":1,"Bird Faced Urn":[11],"PreservedInsect":397,"Black Star":3,"Ginger":[49],"Orichalcum":[42],"Medical Kit":[0],"obtain_stats":[{"Golden Egg":9,"Calipers":21,"SacredBark":17,"Raider\u0027s Mask":19,"Ginger":21,"Pet Ghost":50,"Chameleon Ring":13,"Pantograph":5,"Ring of Peace":25,"Toolbox":49,"Red Mask":31,"Replay:Bottled Flurry":43,"Cracked Core":0,"Gremlin Food":45,"MerchantsRug":11,"Lee\u0027s Waffle":11,"Happy Flower":56,"Oddly Smooth Stone":56,"PreservedInsect":6,"Replay:WaspNest":28,"Omamori":23,"Geode":43,"Orichalcum":13,"Medical Kit":13,"OrangePellets":55,"Anchor":49,"Bird Faced Urn":50,"Onion Ring":3,"Snack Pack":19,"Black Star":34,"Mirror":55,"FossilizedHelix":8,"Toy Ornithopter":30},{"Golden Egg":6,"Calipers":11,"SacredBark":9,"Raider\u0027s Mask":10,"Ginger":11,"Pet Ghost":24,"Chameleon Ring":7,"Pantograph":3,"Ring of Peace":12,"Toolbox":23,"Red Mask":15,"Replay:Bottled Flurry":22,"Cracked Core":0,"Gremlin Food":22,"MerchantsRug":6,"Lee\u0027s Waffle":6,"Happy Flower":26,"Oddly Smooth Stone":26,"PreservedInsect":4,"Replay:WaspNest":13,"Omamori":12,"Geode":22,"Orichalcum":7,"Medical Kit":7,"OrangePellets":25,"Anchor":23,"Bird Faced Urn":24,"Onion Ring":2,"Snack Pack":10,"Black Star":16,"Mirror":25,"FossilizedHelix":6,"Toy Ornithopter":14},{"Golden Egg":8,"Calipers":17,"SacredBark":13,"Raider\u0027s Mask":15,"Ginger":17,"Pet Ghost":43,"Chameleon Ring":9,"Pantograph":3,"Ring of Peace":20,"Toolbox":40,"Red Mask":26,"Replay:Bottled Flurry":38,"Cracked Core":0,"Gremlin Food":38,"MerchantsRug":8,"Lee\u0027s Waffle":8,"Happy Flower":51,"Oddly Smooth Stone":51,"PreservedInsect":6,"Replay:WaspNest":22,"Omamori":20,"Geode":38,"Orichalcum":9,"Medical Kit":9,"OrangePellets":47,"Anchor":40,"Bird Faced Urn":43,"Onion Ring":2,"Snack Pack":15,"Black Star":29,"Mirror":47,"FossilizedHelix":8,"Toy Ornithopter":24}],"Toy Ornithopter":0},"card_choices":[{"not_picked":["Hello World","Cold Snap"],"picked":"Leap","floor":1},{"not_picked":["Aggregate","Conserve Battery"],"picked":"Coolheaded","floor":2},{"not_picked":["Ball Lightning","BasicCrystalCard"],"picked":"Multi-Cast","floor":4},{"not_picked":["Rebound","BasicCrystalCard"],"picked":"Ball Lightning","floor":5},{"not_picked":["Loop","Hologram"],"picked":"Cold Snap","floor":5},{"not_picked":["Ball Lightning","Redo"],"picked":"All For One","floor":6},{"not_picked":["Stack","Turbo"],"picked":"Conserve Battery","floor":7},{"not_picked":["Conserve Battery","Crystallizer"],"picked":"Core Surge","floor":8},{"not_picked":["Static Discharge","Coolheaded"],"picked":"Sweeping Beam","floor":12},{"not_picked":["Leap","Panic Button"],"picked":"Ball Lightning","floor":14},{"not_picked":["Multi-Cast","Buffer"],"picked":"Echo Form","floor":16},{"not_picked":["Leap","Rebound"],"picked":"Streamline+1","floor":18},{"not_picked":["Panic Button+1","Beam Cell"],"picked":"Barrage","floor":20},{"not_picked":["Defragment","Steam"],"picked":"Creative AI","floor":23},{"not_picked":["Stack+1","Doom and Gloom"],"picked":"Genetic Algorithm+1","floor":28},{"not_picked":["Blizzard","Biased Cognition"],"picked":"ReplaySort+1","floor":30},{"not_picked":["Redo+1","Stack"],"picked":"ReplayTheSpireMod:Calculation Training","floor":31},{"not_picked":["ReplayRNGCard","Hyperbeam"],"picked":"Core Surge","floor":33},{"not_picked":["Stack","Turbo"],"picked":"Rebound","floor":35},{"not_picked":["BootSequence","Blizzard+1"],"picked":"Compile Driver+1","floor":36},{"not_picked":["Streamline","Rebound"],"picked":"Core Surge","floor":37},{"not_picked":["Streamline","Sweeping Beam+1"],"picked":"Stack","floor":40},{"not_picked":["Heatsinks","ReplayTheSpireMod:System Scan+1"],"picked":"Hologram+1","floor":41},{"not_picked":["Crystallizer","Panic Button"],"picked":"Lockon+1","floor":43},{"not_picked":["ReplayTheSpireMod:Trickstab","Thinking Ahead"],"picked":"Good Instincts","floor":46},{"not_picked":["Dramatic Entrance","Survey Options"],"picked":"Master of Strategy","floor":46},{"not_picked":["Apotheosis","Replay:Sssssssssshield"],"picked":"ReplayUltimateDefense","floor":46},{"not_picked":["Tempest+1","ReplayTheSpireMod:System Scan"],"picked":"Coolheaded+1","floor":48},{"not_picked":["Steam Power","Conserve Battery"],"picked":"Undo","floor":50},{"not_picked":["Sunder","Blizzard"],"picked":"Capacitor","floor":56}],"player_experience":70982,"relics_obtained":[{"floor":5,"key":"Pantograph"},{"floor":6,"key":"PreservedInsect"},{"floor":8,"key":"FossilizedHelix"},{"floor":9,"key":"Golden Egg"},{"floor":23,"key":"Omamori"},{"floor":25,"key":"Ring of Peace"},{"floor":28,"key":"Replay:WaspNest"},{"floor":30,"key":"Toy Ornithopter"},{"floor":31,"key":"Red Mask"},{"floor":43,"key":"Geode"},{"floor":43,"key":"Replay:Bottled Flurry"},{"floor":45,"key":"Gremlin Food"},{"floor":50,"key":"Pet Ghost"},{"floor":50,"key":"Bird Faced Urn"},{"floor":56,"key":"Oddly Smooth Stone"},{"floor":56,"key":"Happy Flower"}],"event_choices":[{"damage_healed":0,"gold_gain":0,"player_choice":"Success","damage_taken":12,"relics_obtained":["Onion Ring"],"max_hp_gain":0,"max_hp_loss":0,"event_name":"Scrap Ooze","floor":3,"gold_loss":0},{"damage_healed":0,"gold_gain":0,"player_choice":"Ignored","damage_taken":0,"max_hp_gain":0,"max_hp_loss":0,"event_name":"Ghosts","floor":22,"gold_loss":0},{"damage_healed":0,"gold_gain":0,"player_choice":"Fought Bandits","damage_taken":0,"max_hp_gain":0,"max_hp_loss":0,"event_name":"Masked Bandits","floor":31,"gold_loss":0},{"damage_healed":0,"gold_gain":0,"player_choice":"Memory 3","damage_taken":10,"max_hp_gain":0,"max_hp_loss":0,"event_name":"SensoryStone","floor":46,"gold_loss":0},{"cards_removed":["Lockon"],"damage_healed":10,"gold_gain":0,"player_choice":"Offered Uncommon","damage_taken":0,"max_hp_gain":0,"max_hp_loss":0,"event_name":"Bonfire Elementals","floor":47,"gold_loss":0}],"is_beta":false,"boss_relics":[{"not_picked":["SlaversCollar","Runic Pyramid"],"picked":"SacredBark"},{"not_picked":["Painkiller Herb","Fusion Hammer"],"picked":"Black Star"}],"items_purged_floors":[11,11,11,11,11,13,13,13,13],"is_endless":false,"potions_floor_spawned":[1,4,8,12,16,20,23,30,37,41,43,56],"ascension_level":1}}