{"host":"ccw6t0i2dpm5wyxf","time":1612203692,"event":{"mods":["AchievementEnabler","BaseMod","Colored Map","Downfall","Minty Spire (QoL Compilation)","Permanent Neow","StSLib","SuperFastMode"],"gold_per_floor":[111,111,111,71,86,121,137,137,137,164,164,13,32,59,59,59,59],"floor_reached":16,"language":"ENG","playtime":566,"items_purged":[],"score":177,"play_id":"371bf86f-90fc-40fe-a855-f13c29826622","local_time":"20210201122132","is_ascension_mode":true,"campfire_choices":[{"floor":11,"key":"REST"},{"floor":15,"key":"REST"}],"circlet_count":0,"master_deck":["AscendersBane","Strike_R","Strike_R+1","Strike_R+1","Strike_R+1","Strike_R+1","Defend_R","Defend_R","Defend_R","Defend_R","Bash","Corruption","Anger+1","Bloodletting","Shrug It Off","Infernal Blade","Reaper","Armaments","Anger"],"relics":["Burning Blood","Champion Belt","The Courier","MealTicket","Whetstone","Toolbox","Ornamental Fan"],"acts_visited":["Exordium"],"potions_floor_usage":[6,6,10,10,14,14,16],"damage_taken":[{"damage":5,"enemies":"Small Slimes","floor":1,"turns":3},{"damage":7,"enemies":"Jaw Worm","floor":5,"turns":3},{"damage":63,"enemies":"3 Sentries","floor":6,"turns":9},{"damage":4,"enemies":"2 Louse","floor":7,"turns":3},{"damage":13,"enemies":"Gremlin Nob","floor":10,"turns":3},{"damage":10,"enemies":"Red Slaver","floor":13,"turns":4},{"damage":15,"enemies":"Lagavulin","floor":14,"turns":4},{"damage":68,"enemies":"Slime Boss","floor":16,"turns":8}],"seed_played":"9042017630221696418","potions_obtained":[{"floor":4,"key":"Swift Potion"},{"floor":4,"key":"DuplicationPotion"},{"floor":4,"key":"Regen Potion"},{"floor":7,"key":"hexamod:SoulburnPotion"},{"floor":10,"key":"Fire Potion"},{"floor":13,"key":"BlessingOfTheForge"},{"floor":14,"key":"FearPotion"}],"is_trial":false,"path_per_floor":["M","?","T","?","M","E","M","?","T","E","R","$","M","E","R","B"],"character_chosen":"IRONCLAD","items_purchased":["Toolbox","Armaments"],"campfire_rested":2,"item_purchase_floors":[12,12],"current_hp_per_floor":[73,73,73,73,72,30,32,16,16,9,33,48,44,39,63,0,0],"gold":59,"neow_bonus":"ONE_RANDOM_RARE_CARD","is_daily":false,"chose_seed":false,"campfire_upgraded":0,"win_rate":0.0,"timestamp":1612203692,"path_taken":["M","?","?","?","M","E","?","?","T","E","R","$","M","E","R","BOSS"],"items_purchased_type":["Relic","Card"],"build_version":"2020-12-22","purchased_purges":0,"victory":false,"max_hp_per_floor":[80,80,80,80,80,80,80,80,80,80,80,80,80,80,80,80,80],"card_choices":[{"not_picked":["Thunderclap","Heavy Blade"],"picked":"Anger","floor":1},{"not_picked":["Shockwave","Body Slam"],"picked":"Bloodletting","floor":5},{"not_picked":["Evolve","Combust"],"picked":"Shrug It Off","floor":6},{"not_picked":["Clothesline","Fire Breathing"],"picked":"Infernal Blade","floor":7},{"not_picked":["Spot Weakness","Clash"],"picked":"Reaper","floor":10},{"not_picked":["Iron Wave","Body Slam"],"picked":"Anger","floor":13},{"not_picked":["Evolve","Wild Strike","Headbutt"],"picked":"SKIP","floor":14}],"player_experience":318807,"relics_obtained":[{"floor":3,"key":"Champion Belt"},{"floor":6,"key":"The Courier"},{"floor":9,"key":"MealTicket"},{"floor":10,"key":"Whetstone"},{"floor":14,"key":"Ornamental Fan"}],"event_choices":[{"damage_healed":0,"gold_gain":0,"player_choice":"Grow","damage_taken":0,"max_hp_gain":0,"max_hp_loss":0,"event_name":"Living Wall","floor":2,"gold_loss":0,"cards_upgraded":["Anger"]},{"damage_healed":0,"gold_gain":0,"player_choice":"Bought 3 Potions","damage_taken":0,"max_hp_gain":0,"max_hp_loss":0,"event_name":"The Woman in Blue","floor":4,"gold_loss":0},{"damage_healed":0,"gold_gain":0,"player_choice":"Entered Light","damage_taken":16,"max_hp_gain":0,"max_hp_loss":0,"event_name":"Shining Light","floor":8,"gold_loss":0,"cards_upgraded":["Strike_R","Strike_R"]}],"is_beta":false,"boss_relics":[],"items_purged_floors":[],"is_endless":false,"potions_floor_spawned":[7,10,13,14],"killed_by":"Slime Boss","ascension_level":10}}