{"host":"r53pw7z744tg3fxg","time":1612219060,"event":{"mods":["AchievementEnabler","BaseMod","Colored Map","Colored Powertips","Highlight Path","Minty Spire (QoL Compilation)","Quick Restart","Transform Curses"],"gold_per_floor":[109,126,49,49,62,62,80,105,129,129,140,215,215,244,244,321,321,340,374,18,30,30,30,30,41,68,97,97,97,127,146,146,218,218,229,229,35,48,48,48,48,48],"floor_reached":41,"language":"ENG","playtime":1403,"items_purged":[],"score":916,"play_id":"b5b695d1-cbe2-46fa-bf51-c734bdc640df","local_time":"20210201153740","is_ascension_mode":true,"campfire_choices":[{"floor":6.0,"key":"REST"},{"data":"Eruption","floor":10.0,"key":"SMITH"},{"data":"ForeignInfluence","floor":13.0,"key":"SMITH"},{"floor":15.0,"key":"REST"},{"floor":24.0,"key":"REST"},{"floor":29.0,"key":"REST"},{"floor":32.0,"key":"REST"},{"data":"Apotheosis","floor":40.0,"key":"SMITH"}],"circlet_count":0,"master_deck":["AscendersBane","Strike_P","Strike_P","Strike_P","Strike_P","Defend_P","Defend_P","Defend_P","Defend_P","Eruption+1","Vigilance","Prostrate","DeceiveReality","WheelKick","PathToVictory","Judgement","EmptyBody","ForeignInfluence+1","Wallop","Devotion","Prostrate+1","SashWhip","WindmillStrike","Evaluate+1","Ragnarok","InnerPeace+1","ReachHeaven+1","BowlingBash+1","Establishment","Consecrate+1","Enlightenment","Apotheosis+1","TalkToTheHand+1"],"relics":["PureWater","Vajra","Pen Nib","Tiny Chest","Lantern","Akabeko","Snecko Eye","Red Mask","Boot","Bag of Marbles","MealTicket","Molten Egg 2","Question Card","Toy Ornithopter","Black Star"],"acts_visited":["Exordium","TheCity","TheBeyond"],"potions_floor_usage":[41],"damage_taken":[{"damage":0.0,"enemies":"Cultist","floor":1.0,"turns":3.0},{"damage":0.0,"enemies":"Small Slimes","floor":2.0,"turns":3.0},{"damage":0.0,"enemies":"2 Louse","floor":5.0,"turns":3.0},{"damage":4.0,"enemies":"Large Slime","floor":7.0,"turns":6.0},{"damage":0.0,"enemies":"Gremlin Nob","floor":8.0,"turns":3.0},{"damage":0.0,"enemies":"Looter","floor":11.0,"turns":2.0},{"damage":11.0,"enemies":"3 Sentries","floor":14.0,"turns":2.0},{"damage":5.0,"enemies":"The Guardian","floor":16.0,"turns":10.0},{"damage":13.0,"enemies":"Shell Parasite","floor":18.0,"turns":4.0},{"damage":32.0,"enemies":"Masked Bandits","floor":19.0,"turns":4.0},{"damage":0.0,"enemies":"Chosen","floor":21.0,"turns":3.0},{"damage":0.0,"enemies":"Book of Stabbing","floor":23.0,"turns":1.0},{"damage":0.0,"enemies":"3 Cultists","floor":25.0,"turns":4.0},{"damage":10.0,"enemies":"Gremlin Leader","floor":27.0,"turns":3.0},{"damage":4.0,"enemies":"Book of Stabbing","floor":30.0,"turns":4.0},{"damage":0.0,"enemies":"Snake Plant","floor":31.0,"turns":2.0},{"damage":23.0,"enemies":"Automaton","floor":33.0,"turns":5.0},{"damage":0.0,"enemies":"Orb Walker","floor":35.0,"turns":2.0},{"damage":7.0,"enemies":"3 Shapes","floor":38.0,"turns":2.0},{"damage":82,"enemies":"Reptomancer","floor":41,"turns":4}],"seed_played":"7931353006145093917","potions_obtained":[{"floor":2.0,"key":"Regen Potion"},{"floor":7.0,"key":"Energy Potion"},{"floor":14.0,"key":"StancePotion"},{"floor":16.0,"key":"Swift Potion"},{"floor":18.0,"key":"Dexterity Potion"},{"floor":19.0,"key":"SmokeBomb"},{"floor":21.0,"key":"Weak Potion"},{"floor":30.0,"key":"FearPotion"},{"floor":31.0,"key":"Strength Potion"},{"floor":33.0,"key":"Regen Potion"}],"is_trial":false,"path_per_floor":["M","M","$","?","M","R","M","E","T","R","M","?","R","E","R","B",null,"M","?","$","M","?","E","R","M","T","E","T","R","E","M","R","B",null,"M","?","$","M","?","R","E"],"character_chosen":"WATCHER","items_purchased":["WheelKick","Boot","Bag of Marbles","WindmillStrike","Apotheosis"],"campfire_rested":5,"item_purchase_floors":[3,20,20,20,37],"current_hp_per_floor":[61,61,61,43,43,63,59,68,68,68,68,57,57,46,66,61,66,53,21,21,21,21,21,41,41,41,31,31,51,47,47,67,50,64,64,64,68,61,61,61,0,0],"gold":48,"neow_bonus":"RANDOM_COMMON_RELIC","is_daily":false,"chose_seed":false,"campfire_upgraded":3,"win_rate":0.0,"timestamp":1612219060,"path_taken":["M","M","$","?","M","R","M","E","T","R","M","?","R","E","R","BOSS","M","?","$","M","?","E","R","M","T","E","?","R","E","M","R","BOSS","M","?","$","M","?","R","E"],"items_purchased_type":["Card","Relic","Relic","Card","Card"],"build_version":"2020-12-22","purchased_purges":0,"victory":false,"max_hp_per_floor":[68,68,68,68,68,68,68,68,68,68,68,68,68,68,68,68,68,68,68,68,68,68,68,68,68,68,68,68,68,68,68,68,68,68,68,68,68,68,68,68,68,68],"card_choices":[{"not_picked":["Crescendo","FollowUp"],"picked":"Prostrate","floor":1.0},{"not_picked":["SashWhip","EmptyFist"],"picked":"DeceiveReality","floor":2.0},{"not_picked":["Fasting2","ClearTheMind"],"picked":"PathToVictory","floor":5.0},{"not_picked":["EmptyBody","FollowUp"],"picked":"Judgement","floor":7.0},{"not_picked":["Omniscience","Prostrate"],"picked":"EmptyBody","floor":8.0},{"not_picked":["Weave","Halt"],"picked":"ForeignInfluence","floor":11.0},{"not_picked":["PathToVictory","Conclude"],"picked":"Wallop","floor":14.0},{"not_picked":["ConjureBlade","Omniscience"],"picked":"Devotion","floor":16.0},{"not_picked":["CrushJoints","Meditate"],"picked":"Prostrate+1","floor":18.0},{"not_picked":["JustLucky","Protect"],"picked":"SashWhip","floor":19.0},{"not_picked":["Prostrate","FollowUp"],"picked":"Evaluate+1","floor":21.0},{"not_picked":["Fasting2","Protect"],"picked":"Ragnarok","floor":25.0},{"not_picked":["Evaluate","Halt"],"picked":"InnerPeace+1","floor":27.0},{"not_picked":["SpiritShield","WindmillStrike+1","CrushJoints+1"],"picked":"ReachHeaven+1","floor":30.0},{"not_picked":["CrushJoints+1","JustLucky+1","FlyingSleeves+1"],"picked":"BowlingBash+1","floor":31.0},{"not_picked":["ConjureBlade","Judgement","Devotion"],"picked":"Establishment","floor":33.0},{"not_picked":["EmptyBody+1","EmptyFist+1","Sanctity"],"picked":"Consecrate+1","floor":35.0},{"not_picked":["Jack Of All Trades","Trip","Purity"],"picked":"Enlightenment","floor":36.0},{"not_picked":["ThirdEye","FollowUp+1","BowlingBash+1"],"picked":"TalkToTheHand+1","floor":38.0}],"player_experience":1414473,"relics_obtained":[{"floor":8.0,"key":"Tiny Chest"},{"floor":9.0,"key":"Lantern"},{"floor":14.0,"key":"Akabeko"},{"floor":19.0,"key":"Red Mask"},{"floor":26.0,"key":"MealTicket"},{"floor":27.0,"key":"Molten Egg 2"},{"floor":28.0,"key":"Question Card"},{"floor":30.0,"key":"Toy Ornithopter"}],"event_choices":[{"damage_healed":0.0,"max_hp_gain":0.0,"max_hp_loss":0.0,"gold_gain":0.0,"event_name":"Scrap Ooze","player_choice":"Success","floor":4.0,"gold_loss":0.0,"damage_taken":18.0,"relics_obtained":["Pen Nib"]},{"damage_healed":0.0,"max_hp_gain":0.0,"max_hp_loss":0.0,"gold_gain":75.0,"event_name":"World of Goop","player_choice":"Gather Gold","floor":12.0,"gold_loss":0.0,"damage_taken":11.0},{"damage_healed":0.0,"max_hp_gain":0.0,"max_hp_loss":0.0,"gold_gain":0.0,"event_name":"Masked Bandits","player_choice":"Fought Bandits","floor":19.0,"gold_loss":0.0,"damage_taken":0.0},{"damage_healed":0.0,"max_hp_gain":0.0,"max_hp_loss":0.0,"gold_gain":0.0,"event_name":"Cursed Tome","player_choice":"Ignored","floor":22.0,"gold_loss":0.0,"damage_taken":0.0},{"damage_healed":0.0,"max_hp_gain":0.0,"max_hp_loss":0.0,"gold_gain":0.0,"event_name":"SensoryStone","player_choice":"Memory 1","floor":36.0,"gold_loss":0.0,"damage_taken":0.0},{"damage_healed":0.0,"max_hp_gain":0.0,"max_hp_loss":0.0,"gold_gain":0.0,"event_name":"WeMeetAgain","player_choice":"Ignored","floor":39.0,"gold_loss":0.0,"damage_taken":0.0}],"is_beta":false,"boss_relics":[{"not_picked":["Fusion Hammer","Philosopher\u0027s Stone"],"picked":"Snecko Eye"},{"not_picked":["Sozu","Pandora\u0027s Box"],"picked":"Black Star"}],"items_purged_floors":[],"is_endless":false,"potions_floor_spawned":[2,7,14,16,18,19,21,30,31,33],"killed_by":"Reptomancer","ascension_level":18}}