{"host":"l1bfbgeb3oxa8ieg","time":1612140638,"event":{"mods":["AlwaysNeverKeys","Aspiration","BaseMod","Beaked The Cultist","Better Match","Better Note","Better Third Choice","BetterRewards","Colored Powertips","Conspire","Energized Spire","Fiend Mod","Friendly Minions","Halation","Infinite Spire","Minty Spire (QoL Compilation)","Permanent Neow","Quick Restart","Replay The Spire","Shop Mod","Spicy Shops","Spikes Relics","StSLib","TestMod","The Blackbeard","The Mystic","The Necromancer","Uncapped","UnlockEverythingMod"],"gold_per_floor":[110,110,0,400,413,413,428,428,455,455,455,499,524,549,549,668,677,707,744,416,442,451,485,485,485,485,485,510,536,536,557,557,676,676,706,715,742,348,383,436,436,436,488,192,192,229,309,394,394,422],"floor_reached":51,"language":"ENG","playtime":4650,"items_purged":["Enlightenment+1"],"score":755,"play_id":"7d096e8d-98fc-4a78-8ea2-ac31cc569dee","local_time":"20210201015038","is_ascension_mode":false,"campfire_choices":[{"data":"Enlightenment","floor":6,"key":"SMITH"},{"data":"beaked:Daydream","floor":11,"key":"SMITH"},{"data":"beaked:BraceForImpact","floor":15,"key":"SMITH"},{"data":"beaked:LiftOff","floor":32,"key":"SMITH"},{"data":"beaked:AwakenedForm","floor":41,"key":"SMITH"},{"data":"beaked:RitualOfBody","floor":45,"key":"SMITH"},{"data":"PlatinumSkin","floor":49,"key":"SMITH"}],"circlet_count":0,"master_deck":["beaked:Strike_Y+1","beaked:Strike_Y+1","beaked:Strike_Y+1","beaked:Strike_Y+1","beaked:Strike_Y+1","beaked:Strike_Y+1","beaked:Defend_Y+1","beaked:Defend_Y+1","beaked:Defend_Y+1","beaked:Defend_Y+1","beaked:Ceremony","beaked:Ceremony","beaked:Ceremony","beaked:Daydream+1","beaked:DigDeep","beaked:Evade+1","beaked:BraceForImpact+1","beaked:LiftOff+1","beaked:AwakenedForm+1","beaked:Insight","beaked:RitualOfBody+1","beaked:Evade+1","beaked:RitualOfBody+1","ReplayTheSpireMod:Prepare the Ceremony+1","Creative AI+1","PlatinumSkin+1","beaked:Overexert","beaked:Insight"],"relics":["beaked:MendingPlumage","Toy Ornithopter","CeramicFish","Replay:Mystery Machine","testmod-Acrobat","beaked:SacredDeck","infinitespire:CheckeredPen","Rawhide","conspire:RunicOctahedron","Boot","RollingBoulder","Replay:Bandana","infinitespire:Satchel","MerchantsRug","ReplayTheSpireMod:Lightbulb","testmod-EqualTreatment"],"acts_visited":["Exordium","TheCity","TheBeyond"],"potions_floor_usage":[19,21,31,31,33,50,50],"damage_taken":[{"damage":0,"enemies":"2 Louse","floor":1,"turns":4},{"damage":5,"enemies":"Small Slimes","floor":5,"turns":6},{"damage":6,"enemies":"Jaw Worm","floor":7,"turns":5},{"damage":51,"enemies":"3 Sentries","floor":12,"turns":9},{"damage":19,"enemies":"3 Louse","floor":14,"turns":5},{"damage":52,"enemies":"Hexaghost","floor":16,"turns":10},{"damage":29,"enemies":"Spheric Guardian","floor":18,"turns":7},{"damage":54,"enemies":"3 Byrds","floor":19,"turns":7},{"damage":41,"enemies":"Snake Plant","floor":21,"turns":6},{"damage":27,"enemies":"Sentry and Sphere","floor":23,"turns":8},{"damage":52,"enemies":"Chosen and Byrds","floor":28,"turns":8},{"damage":2,"enemies":"conspire:HollyBat","floor":29,"turns":12},{"damage":10,"enemies":"Centurion and Healer","floor":31,"turns":5},{"damage":82,"enemies":"Automaton","floor":33,"turns":11},{"damage":25,"enemies":"3 Darklings","floor":35,"turns":4},{"damage":27,"enemies":"Orb Walker","floor":37,"turns":3},{"damage":44,"enemies":"Sphere and 2 Shapes","floor":39,"turns":7},{"damage":11,"enemies":"Reptomancer","floor":40,"turns":4},{"damage":24,"enemies":"Writhing Mass","floor":46,"turns":4},{"damage":0,"enemies":"Giant Head","floor":47,"turns":4},{"damage":28,"enemies":"2 Orb Walkers","floor":48,"turns":4},{"damage":53,"enemies":"Time Eater","floor":50,"turns":7}],"seed_played":"835510511439099858","potions_obtained":[{"floor":1,"key":"Explosive Potion"},{"floor":7,"key":"SteroidPotion"},{"floor":16,"key":"Energy Potion"},{"floor":23,"key":"AttackPotion"},{"floor":29,"key":"Swift Potion"},{"floor":31,"key":"beaked:MendingBrew"},{"floor":46,"key":"beaked:MendingBrew"},{"floor":47,"key":"Explosive Potion"}],"is_trial":true,"path_per_floor":["M","?","?","?","M","R","M","?","T","?","R","E","T","M","R","B",null,"M","M","$","M","?","M","?","?","T","$","M","M","?","M","R","B",null,"M","?","M","$","M","E","R","AVR","T","$","R","M","E","?","R","B",null],"character_chosen":"BEAKED_THE_CULTIST","items_purchased":["infinitespire:CheckeredPen","PlatinumSkin","Boot","infinitespire:Satchel","MerchantsRug"],"campfire_rested":0,"item_purchase_floors":[20,38,38,44,44],"current_hp_per_floor":[50,50,56,56,56,56,56,56,56,56,56,34,34,38,38,23,56,56,47,47,42,42,56,56,56,56,56,24,56,56,56,56,56,56,56,56,49,49,56,56,56,56,56,56,56,56,56,56,56,41],"gold":422,"neow_bonus":"","is_daily":false,"chose_seed":false,"campfire_upgraded":7,"win_rate":0.0,"timestamp":1612140638,"path_taken":["M","?","?","?","M","R","M","?","T","?","R","E","?","M","R","BOSS","M","M","$","M","?","M","?","?","T","?","M","?","?","M","R","BOSS","M","?","?","$","M","E","R","AVR","T","$","R","?","E","?","R","BOSS"],"items_purchased_type":["Relic","Card","Relic","Relic","Relic"],"build_version":"2020-12-22","purchased_purges":1,"victory":true,"max_hp_per_floor":[50,50,56,56,56,56,56,56,56,56,56,56,56,56,56,56,56,56,56,56,56,56,56,56,56,56,56,56,56,56,56,56,56,56,56,56,56,56,56,56,56,56,56,56,56,56,56,56,56,56],"card_choices":[{"not_picked":["beaked:Tradeoff","beaked:CrazyRituals"],"picked":"beaked:Daydream","floor":1},{"not_picked":["beaked:Redirect","beaked:MimicWarrior"],"picked":"beaked:DigDeep","floor":5},{"not_picked":["beaked:MimicHuntress","beaked:DigDeep"],"picked":"beaked:Evade","floor":7},{"not_picked":["beaked:Recite","beaked:Resilience"],"picked":"beaked:BraceForImpact","floor":12},{"not_picked":["beaked:Daydream","beaked:Cower","beaked:Tradeoff"],"picked":"SKIP","floor":14},{"not_picked":["beaked:FullHouse","beaked:SacrificialScars"],"picked":"beaked:LiftOff","floor":16},{"not_picked":["beaked:DigDeep","beaked:BounceBack"],"picked":"beaked:Insight","floor":18},{"not_picked":["beaked:HuntressSpirit","beaked:Insight"],"picked":"beaked:RitualOfBody+1","floor":19},{"not_picked":["beaked:SacrificialDive","ReplayTheSpireMod:RavenHex","beaked:Molting"],"picked":"SKIP","floor":21},{"not_picked":["beaked:FeelMyPain","beaked:DigDeeper"],"picked":"beaked:RitualOfBody","floor":23},{"not_picked":["beaked:Resilience","beaked:WarriorEssence"],"picked":"ReplayTheSpireMod:Prepare the Ceremony+1","floor":28},{"not_picked":["beaked:MaddeningMurmurs","beaked:CursingBlood","beaked:Windmill"],"picked":"SKIP","floor":29},{"not_picked":["beaked:Cower","beaked:Flinch+1","beaked:FullHouse"],"picked":"SKIP","floor":31},{"not_picked":["beaked:Brace+1","beaked:Foresight","beaked:DigDeep"],"picked":"SKIP","floor":35},{"not_picked":["beaked:RitualOfBody","beaked:HuntressEssence","beaked:MaddeningMurmurs+1"],"picked":"SKIP","floor":37},{"not_picked":["beaked:HuntressEssence+1","beaked:Daydream","beaked:Cower+1"],"picked":"SKIP","floor":39},{"not_picked":["beaked:DesperateSwing+1","beaked:DigDeep+1","beaked:SacrificialAttack"],"picked":"SKIP","floor":40},{"not_picked":["beaked:BloodRitual","beaked:Poke+1"],"picked":"beaked:Overexert","floor":46},{"not_picked":["beaked:Poke","beaked:CrazyRituals","beaked:BounceBack+1"],"picked":"SKIP","floor":47},{"not_picked":["beaked:Tweet","beaked:Daydream+1"],"picked":"beaked:Insight","floor":48}],"player_experience":195162,"relics_obtained":[{"floor":9,"key":"Toy Ornithopter"},{"floor":10,"key":"CeramicFish"},{"floor":12,"key":"Replay:Mystery Machine"},{"floor":13,"key":"testmod-Acrobat"},{"floor":26,"key":"Rawhide"},{"floor":40,"key":"RollingBoulder"},{"floor":43,"key":"Replay:Bandana"},{"floor":47,"key":"ReplayTheSpireMod:Lightbulb"},{"floor":48,"key":"testmod-EqualTreatment"}],"event_choices":[{"damage_healed":0,"gold_gain":0,"player_choice":"RENOUNCE","damage_taken":110,"max_hp_gain":0,"max_hp_loss":0,"event_name":"betterThird:BetterSerpent","floor":3,"gold_loss":110,"cards_obtained":["Enlightenment"]},{"damage_healed":0,"gold_gain":400,"player_choice":"Sell","damage_taken":0,"max_hp_gain":0,"max_hp_loss":0,"event_name":"Plate Of N\u0027loth","floor":4,"relics_lost":["testmod-TestBox"],"gold_loss":0},{"damage_healed":0,"gold_gain":0,"player_choice":"Grow","damage_taken":0,"max_hp_gain":0,"max_hp_loss":0,"event_name":"Living Wall","floor":8,"gold_loss":0,"cards_upgraded":["beaked:Evade"]},{"damage_healed":0,"gold_gain":0,"player_choice":"Copied","damage_taken":0,"max_hp_gain":0,"max_hp_loss":0,"event_name":"Duplicator","floor":22,"gold_loss":0,"cards_obtained":["beaked:Evade"]},{"damage_healed":0,"gold_gain":0,"player_choice":"Bought 0 Potions","damage_taken":0,"max_hp_gain":0,"max_hp_loss":0,"event_name":"The Woman in Blue","floor":25,"gold_loss":0},{"damage_healed":0,"gold_gain":0,"player_choice":"Simplicity","damage_taken":0,"max_hp_gain":0,"max_hp_loss":10,"event_name":"betterThird:BetterWriting","floor":30,"gold_loss":0},{"cards_removed":["beaked:AwakenedForm"],"damage_healed":0,"gold_gain":0,"player_choice":"Take \u0026 Give","damage_taken":0,"max_hp_gain":0,"max_hp_loss":0,"event_name":"betterNote:BetterNote","floor":36,"gold_loss":0,"cards_obtained":["Creative AI"]},{"damage_healed":0,"gold_gain":0,"player_choice":"Fight","damage_taken":0,"max_hp_gain":0,"max_hp_loss":0,"event_name":"Mysterious Sphere","floor":48,"gold_loss":0}],"is_beta":false,"boss_relics":[{"not_picked":["ReplayTheSpireMod:DimensionalGlitch","halation:ForbiddenBikini"],"picked":"beaked:SacredDeck"},{"not_picked":["testmod-Prudence","Ring of Chaos"],"picked":"conspire:RunicOctahedron"}],"items_purged_floors":[20],"is_endless":false,"potions_floor_spawned":[1,7,16,18,23,29,31,46,47],"ascension_level":0}}