{"host":"h1qktzcccqnez8tx","time":1612143267,"event":{"mods":["AchievementEnabler","BaseMod","Bestiary","Better Note","Block Reminder","Colored Map","Colored Powertips","Curses Come First","Downfall","Highlight Path","Infinite Spire","Minty Spire (QoL Compilation)","Permanent Neow","Quick Restart","Relic Stats","Replay The Spire","Say the Spire","StSLib","The Cursed","UnlockEverythingMod"],"gold_per_floor":[99,109,119,135,152,152,152,166,166,222,234,261,261,293,309,411,411,411,424,439,439,439,138,163,192,226,226,226,226,226,272,303,421,421,421,452,200,200,222,255,280,314,314,314,348,348,358,358,358],"floor_reached":47,"language":"ENG","playtime":2216,"items_purged":["hexamod:GhostOfSpirePresent+1","hexamod:Strike","hexamod:FirstSeal","hexamod:Strike"],"score":614,"play_id":"13d5c874-ed4f-40e2-a9b4-e08a9f0c4684","local_time":"20210201023427","is_ascension_mode":true,"campfire_choices":[{"data":"hexamod:GhostOfSpirePresent","floor":1,"key":"SMITH"},{"data":"hexamod:EmpoweredFlame","floor":6,"key":"SMITH"},{"floor":13,"key":"REST"},{"data":"hexamod:HeatCrush","floor":18,"key":"SMITH"},{"data":"infinitespire:Punishment","floor":27,"key":"SMITH"},{"data":"infinitespire:FutureSight","floor":27,"key":"SMITH"},{"floor":30,"key":"REST"},{"data":"hexamod:FlamesFromBeyond","floor":35,"key":"SMITH"},{"data":"hexamod:FlamesFromBeyond","floor":35,"key":"SMITH"},{"data":"hexamod:FastForward","floor":46,"key":"SMITH"},{"data":"hexamod:Sear","floor":46,"key":"SMITH"}],"circlet_count":0,"master_deck":["hexamod:Strike","hexamod:Strike+1","hexamod:Defend","hexamod:Defend","hexamod:Defend","hexamod:Defend","hexamod:Sear+1","hexamod:Float","hexamod:BacktrackSmack","hexamod:HeatCrush+1","hexamod:EmpoweredFlame+1","hexamod:SwordOfDarkness","Pot Of Greed","Pot Of Greed","hexamod:BacktrackSmack+1","hexamod:FlamesFromBeyond+1","hexamod:StepThrough+1","hexamod:Rewind","hexamod:GhostOfSpirePast+1","hexamod:FlamesFromBeyond+1","infinitespire:Collect","infinitespire:FutureSight+1","infinitespire:Punishment+1","Pot Of Greed","hexamod:WildfireWeapon+1","hexamod:EmpoweredFlame+1","hexamod:SpectralSpark+1","hexamod:FastForward+1","hexamod:ApocalypseNow+1"],"relics":["hexamod:UnbrokenSoul","Singing Bowl","Thread and Needle","Grinning Jar","Golden Egg","Pen Nib","Runic Pyramid","Mummified Hand","sneckomod:SneckoTalon","Replay:Arrowhead","Whetstone","Replay:Bandana","Mirror","champ:Barbells","Toy Ornithopter","Snack Pack","hexamod:IceCube","Bag of Marbles"],"acts_visited":["Exordium","TheCity","TheBeyond"],"potions_floor_usage":[31,33,33],"damage_taken":[{"damage":0,"enemies":"Cultist","floor":2,"turns":4},{"damage":2,"enemies":"2 Louse","floor":3,"turns":4},{"damage":3,"enemies":"Jaw Worm","floor":4,"turns":4},{"damage":2,"enemies":"2 Fungi Beasts","floor":5,"turns":4},{"damage":7,"enemies":"Blue Slaver","floor":8,"turns":2},{"damage":0,"enemies":"3 Louse","floor":11,"turns":3},{"damage":9,"enemies":"Gremlin Nob","floor":12,"turns":3},{"damage":14,"enemies":"Lagavulin","floor":14,"turns":5},{"damage":12,"enemies":"Large Slime","floor":15,"turns":5},{"damage":7,"enemies":"SI_SHIV_ARCHETYPE","floor":16,"turns":7},{"damage":6,"enemies":"Chosen","floor":19,"turns":4},{"damage":20,"enemies":"3 Byrds","floor":20,"turns":5},{"damage":0,"enemies":"downfall:FleeingMerchant","floor":23,"turns":4},{"damage":1,"enemies":"Cultist and Chosen","floor":25,"turns":3},{"damage":0,"enemies":"3 Cultists","floor":26,"turns":3},{"damage":0,"enemies":"Slavers","floor":31,"turns":4},{"damage":11,"enemies":"Centurion and Healer","floor":32,"turns":2},{"damage":14,"enemies":"IC_MUSHROOM_ARCHETYPE","floor":33,"turns":4},{"damage":6,"enemies":"3 Shapes","floor":36,"turns":4},{"damage":0,"enemies":"Orb Walker","floor":39,"turns":2},{"damage":13,"enemies":"Sphere and 2 Shapes","floor":40,"turns":3},{"damage":6,"enemies":"Spire Growth","floor":42,"turns":3},{"damage":4,"enemies":"Giant Head","floor":45,"turns":4},{"damage":67,"enemies":"Nightmare","floor":47,"turns":4}],"seed_played":"-8722296396120557595","potions_obtained":[{"floor":3,"key":"Ancient Potion"},{"floor":8,"key":"Toxic Potion"},{"floor":10,"key":"LifebloodPotion"},{"floor":15,"key":"Block Potion"},{"floor":33,"key":"Guardian:BlockOnCardUsePotion"},{"floor":39,"key":"Reflective Coating"}],"is_trial":false,"path_per_floor":["R","M","M","M","M","R","T","M","T","?","M","E","R","E","M","B",null,"R","M","M","AVR","?","$","T","M","M","R","?","?","R","E","M","B",null,"R","M","$","?","M","M","T","M","?","AVR","E","R","NM"],"character_chosen":"THE_SPIRIT","items_purchased":["hexamod:EmpoweredFlame","Replay:Arrowhead","Whetstone","champ:Barbells"],"campfire_rested":2,"item_purchase_floors":[23,23,23,37],"current_hp_per_floor":[70,70,68,65,63,63,63,58,58,40,40,31,52,38,28,23,76,76,70,50,50,50,50,50,49,49,49,49,49,71,73,64,59,82,82,78,78,78,78,67,67,63,63,63,63,63,0,0,0],"gold":358,"neow_bonus":"ONE_RANDOM_RARE_CARD","is_daily":false,"chose_seed":false,"campfire_upgraded":9,"win_rate":0.0,"timestamp":1612143267,"path_taken":["R","M","M","M","M","R","T","M","?","?","M","E","R","E","M","BOSS","R","M","M","AVR","?","$","T","M","M","R","?","?","R","E","M","BOSS","R","M","$","?","M","M","T","M","?","AVR","E","R","NM"],"items_purchased_type":["Card","Relic","Relic","Relic"],"build_version":"2020-12-22","purchased_purges":4,"victory":false,"max_hp_per_floor":[70,70,70,70,70,70,70,72,72,72,72,72,72,72,74,76,76,76,76,76,76,76,76,76,76,76,76,76,76,76,78,80,82,82,82,84,84,84,84,86,86,88,88,88,88,88,88,88,88],"relic_stats":{"Singing Bowl":18,"counters":[24,90],"Mummified Hand":[38],"Pen Nib":[13],"Whetstone":["hexamod:Strike","hexamod:BacktrackSmack"],"obtain_stats":[{"Golden Egg":12,"champ:Barbells":37,"Singing Bowl":7,"Thread and Needle":9,"Pen Nib":14,"Whetstone":23,"sneckomod:SneckoTalon":21,"Replay:Arrowhead":23,"Replay:Bandana":24,"hexamod:UnbrokenSoul":34,"Mummified Hand":21,"Snack Pack":44,"Bag of Marbles":45,"Grinning Jar":10,"Mirror":31,"hexamod:SpiritBrand":0,"Toy Ornithopter":41,"hexamod:IceCube":44,"Runic Pyramid":17},{"Golden Egg":7,"champ:Barbells":19,"Singing Bowl":4,"Thread and Needle":5,"Pen Nib":8,"Whetstone":13,"sneckomod:SneckoTalon":12,"Replay:Arrowhead":13,"Replay:Bandana":13,"hexamod:UnbrokenSoul":18,"Mummified Hand":12,"Snack Pack":22,"Bag of Marbles":23,"Grinning Jar":5,"Mirror":16,"hexamod:SpiritBrand":0,"Toy Ornithopter":21,"hexamod:IceCube":22,"Runic Pyramid":10},{"Golden Egg":24,"champ:Barbells":74,"Singing Bowl":16,"Thread and Needle":18,"Pen Nib":29,"Whetstone":54,"sneckomod:SneckoTalon":50,"Replay:Arrowhead":54,"Replay:Bandana":54,"hexamod:UnbrokenSoul":70,"Mummified Hand":50,"Snack Pack":82,"Bag of Marbles":86,"Grinning Jar":18,"Mirror":64,"hexamod:SpiritBrand":0,"Toy Ornithopter":79,"hexamod:IceCube":82,"Runic Pyramid":41}],"Toy Ornithopter":0},"card_choices":[{"not_picked":["hexamod:Rewind","hexamod:HeatShield"],"picked":"hexamod:BacktrackSmack","floor":2},{"not_picked":["hexamod:HauntingEcho","hexamod:EtherealExpedition"],"picked":"hexamod:HeatCrush","floor":3},{"not_picked":["hexamod:BurningTouch","hexamod:GhostShield"],"picked":"hexamod:EmpoweredFlame","floor":4},{"not_picked":["hexamod:HauntingEcho","hexamod:BacktrackSmack"],"picked":"hexamod:SwordOfDarkness","floor":5},{"not_picked":["hexamod:HeatCrush","hexamod:InspiringFlames","hexamod:GhostShield"],"picked":"Singing Bowl","floor":8},{"not_picked":["hexamod:GhostLash","hexamod:SpectersWail"],"picked":"hexamod:BacktrackSmack","floor":10},{"not_picked":["hexamod:NightmareGuise","hexamod:GhostShield"],"picked":"hexamod:FlamesFromBeyond","floor":11},{"not_picked":["hexamod:PhantomCloak","hexamod:Hexaguard"],"picked":"hexamod:StepThrough","floor":12},{"not_picked":["hexamod:InspiringFlames","hexamod:Haunt"],"picked":"hexamod:Rewind","floor":14},{"not_picked":["hexamod:VolcanoVisage","hexamod:SpectralSpark","hexamod:SpectersWail"],"picked":"Singing Bowl","floor":15},{"not_picked":["hexamod:UnlimitedPower","hexamod:ApocalypseNow","hexamod:ParanormalForm"],"picked":"Singing Bowl","floor":16},{"not_picked":["hexamod:DynamicBlow","hexamod:ShieldOfDarkness"],"picked":"hexamod:GhostOfSpirePast+1","floor":19},{"not_picked":["hexamod:SpectersWail","hexamod:HeatCrush+1"],"picked":"hexamod:FlamesFromBeyond","floor":20},{"not_picked":["hexamod:ShieldOfDarkness+1","hexamod:Rewind"],"picked":"hexamod:WildfireWeapon","floor":23},{"not_picked":["hexamod:StepThrough+1","hexamod:RetreatToShadows"],"picked":"hexamod:SpectralSpark+1","floor":25},{"not_picked":["hexamod:SpectralAdrenaline+1","hexamod:ExtraCrispy"],"picked":"hexamod:FirstSeal","floor":26},{"not_picked":["hexamod:Firestarter","hexamod:BurningTouch","hexamod:GhostflameInferno"],"picked":"Singing Bowl","floor":31},{"not_picked":["hexamod:PhantomFireball+1","hexamod:BacktrackSmack+1","hexamod:SixthSeal"],"picked":"Singing Bowl","floor":32},{"not_picked":["hexamod:FifthSeal","hexamod:UnleashSpirits","hexamod:Toasty"],"picked":"Singing Bowl","floor":33},{"not_picked":["hexamod:Firestarter","hexamod:InspiringFlames+1","hexamod:FlamesFromBeyond"],"picked":"Singing Bowl","floor":36},{"not_picked":["hexamod:GhostLash+1","hexamod:HauntingEcho"],"picked":"hexamod:FastForward","floor":39},{"not_picked":["hexamod:SpectralSpark","hexamod:Again","hexamod:SuperheatedStrike"],"picked":"Singing Bowl","floor":40},{"not_picked":["hexamod:GhostShield+1","hexamod:GhostLash+1","hexamod:FastForward"],"picked":"Singing Bowl","floor":42},{"not_picked":["hexamod:GhostShield+1","hexamod:GhostOfSpirePast"],"picked":"hexamod:ApocalypseNow","floor":45}],"player_experience":344746,"relics_obtained":[{"floor":7,"key":"Singing Bowl"},{"floor":9,"key":"Thread and Needle"},{"floor":10,"key":"Grinning Jar"},{"floor":12,"key":"Golden Egg"},{"floor":14,"key":"Pen Nib"},{"floor":24,"key":"Replay:Bandana"},{"floor":31,"key":"Mirror"},{"floor":41,"key":"Toy Ornithopter"},{"floor":45,"key":"Bag of Marbles"}],"event_choices":[],"is_beta":false,"boss_relics":[{"not_picked":["Abe\u0027s Treasure","expansioncontent:StudyCardRelic"],"picked":"Runic Pyramid"},{"not_picked":["Snecko Eye","SacredBark"],"picked":"hexamod:UnbrokenSoul"}],"items_purged_floors":[21,23,37,44],"is_endless":false,"potions_floor_spawned":[3,8,14,15,20,33,39],"killed_by":"Nightmare","ascension_level":1}}