{"host":"qav5943cxrzanrh1","time":1612151703,"event":{"mods":["BaseMod","BetterRewards","ChefMod","Colored Map","Downfall","Highlight Path","Hubris","Minty Spire (QoL Compilation)","RRrroohrrRGHHhhh!!","RatMod","SacredBarkPlus","Shop Mod","Spicy Shops","Spikes Relics","StSLib","The Blue Laboratory","Trackpad","thorton"],"gold_per_floor":[117,168,47,47,67,404,404,442,442,442,478,495,518,549,549,659,659,681,681,702,702,723,723,738,95,95,197,248,343,377,422,422,546,546,600,662,662,684,594,647,33489,33544,33544,9441,9629,9821,10017,10217,10460,10669,10882,9870,10180,10418],"floor_reached":56,"language":"ENG","playtime":6125,"items_purged":["Normality","thethorton:Strike","thethorton:SellShort+1","thethorton:Strike"],"score":3269,"play_id":"39cfe330-fe4d-470f-9dbe-a063737f5785","local_time":"20210131225503","is_ascension_mode":true,"campfire_choices":[{"data":"thethorton:BusinessCard","floor":7,"key":"SMITH"},{"floor":10,"key":"REST"},{"floor":15,"key":"REST"},{"floor":23,"key":"REST"},{"floor":32,"key":"REST"},{"floor":47,"key":"RECALL"},{"data":"1","floor":49,"key":"LIFT"},{"data":"2","floor":52,"key":"LIFT"}],"circlet_count":6,"master_deck":["thethorton:Strike","thethorton:Strike+1","thethorton:Defend","thethorton:Defend","thethorton:Defend","thethorton:Defend+1","thethorton:Heckle","thethorton:CreditCard","thethorton:LongTermPayoff","thethorton:BusinessCard+1","thethorton:BusinessCard","thethorton:DownPayment","thethorton:HedgeFund+1","BlessedFruit","BlessedFruit","thethorton:ElbowSmash+1","thethorton:Octopus","thethorton:CashBash+1","thethorton:WhirlingBriefcase+1","thethorton:AngerMoment+1","thethorton:TakeAccounts","CurseOfTheBell","thethorton:BusinessCard","thethorton:OddChange+1","Madness","thethorton:DownPayment+1","hubris:DuctTapeCard","thethorton:FeelNoBrain+1","hubris:EnhanceAbility+1","thethorton:PennyToss+1","thethorton:PowerUp+1","thethorton:RunningKick+1","Body Slam+1"],"relics":["Sandwich","MiniBlackHole","Turnip","hubris:MysteriousPyramids","Torii","Strawberry","BicycleWheel","Blood Vial","Sozu","HeavenlyBonsai","hubris:Towel","trackpad:BottledTsunami","Oddly Smooth Stone","trackpad:HandOfMidas","trackpad:IceCube","trackpad:BottledShadow","Ornamental Fan","InkBottle","trackpad:PetRock","trackpad:FieryHotPepper","SnailShell","Calling Bell","rorgmod:The Boot","The Courier","StoneCalendar","Smiling Mask","BlackRope","Ice Cream","Ancient Tea Set","hubris:TenFootPole","Girya","PreservedInsect","MealTicket","hubris:TenFootPole","Whetstone","Lantern","Centennial Puzzle","trackpad:WondrousWand","Pear","Meat on the Bone","trackpad:CultistFigurine","thethorton:BusinessCardPrinter","Art of War","War Paint","Orichalcum","Gremlin Horn","TungstenRod","CaptainsWheel","Bag of Marbles","HornCleat","Bronze Scales","trackpad:RapidFire","BrokenLever","HandDrill","Calipers","LugNut","rat:ZhonyasHourglass","GiantMaggot","trackpad:Compendium","trackpad:SneckoScepter","thethorton:StoneOfSprinting","Du-Vu Doll","Sundial","Omamori","hubris:PeanutButter","trackpad:WritersBlock","thethorton:BankDeed","rat:KircheisShard","hubris:DisguiseKit","trackpad:Mousetrap","Juzu Bracelet","Potion Belt","rat:PhantomDancer","trackpad:AdjectivePendant","Nunchaku","Bottled Tornado","Dream Catcher","Vajra","Toy Ornithopter","InkBottle","Thread and Needle","trackpad:ByrdCharm","Ice Cream","rorgmod:Ceramic Fish","Bag of Preparation","Akabeko","RollingBoulder","hubris:GlazedTorus","SpikesRelics:DaevaFist","Blood Vial","Shuriken","RetroEgg","Anchor","hubris:BottledRain","Frozen Egg 2","Blue Candle","trackpad:GuardianSpirit","trackpad:FieryHotPepper","Pantograph","Singing Bowl","Kunai","FossilizedHelix","Ornamental Fan","Bottled Lightning","ShockBauble","Gambling Chip","trackpad:DisasterInABottle","Eternal Feather","hubris:CrystalStatue","hubris:SlimyHat","Mango","Rawhide","SuspiciousGoo","Shovel","RoseTintedShades","Toxic Egg 2","trackpad:ByrdBGone","Mercury Hourglass","hubris:DuctTape","SpikesRelics:ToyHorsey","Molten Egg 2","Question Card","Letter Opener","Unceasing Top","hubris:AstralHammer","trackpad:ZombieHeart","White Beast Statue","CrustySpines","hubris:Potato","hubris:CuriousFeather","trackpad:ToughGloves","hubris:BundleOfHerbs","hubris:Teleporter","trackpad:WindUpAutoDealer","hubris:TinFlute","Bird Faced Urn","ZombieTooth","WizardHat","Pocketwatch","Ginger","hubris:FunFungus","Prayer Wheel","hubris:64BitClover","Lizard Tail","CherryCoatedStake","Circlet","hubris:MedicalManual","hubris:DeckOfHolding","hubris:Zylophone","hubris:Spice","PrismaticShard","hubris:Icosahedron","WarpedTongs"],"acts_visited":["Exordium","TheCity","TheBeyond","TheEnding"],"potions_floor_usage":[11,40],"damage_taken":[{"damage":0,"enemies":"Cultist","floor":1,"turns":5},{"damage":4,"enemies":"Small Slimes","floor":5,"turns":4},{"damage":9,"enemies":"3 Sentries","floor":6,"turns":3},{"damage":26,"enemies":"Lagavulin","floor":8,"turns":7},{"damage":17,"enemies":"3 Sentries","floor":11,"turns":3},{"damage":1,"enemies":"2 Louse","floor":12,"turns":3},{"damage":2,"enemies":"Exordium Thugs","floor":13,"turns":4},{"damage":23,"enemies":"Lagavulin","floor":14,"turns":7},{"damage":15,"enemies":"Hexaghost","floor":16,"turns":9},{"damage":0,"enemies":"Spheric Guardian","floor":18,"turns":5},{"damage":5,"enemies":"Shell Parasite","floor":20,"turns":5},{"damage":32,"enemies":"Sentry and Sphere","floor":22,"turns":5},{"damage":2,"enemies":"Snake Plant","floor":24,"turns":5},{"damage":0,"enemies":"Centurion and Healer","floor":27,"turns":4},{"damage":1,"enemies":"Cultist and Chosen","floor":28,"turns":4},{"damage":1,"enemies":"Slavers","floor":29,"turns":4},{"damage":26,"enemies":"Shelled Parasite and Fungi","floor":30,"turns":4},{"damage":23,"enemies":"Book of Stabbing","floor":31,"turns":5},{"damage":22,"enemies":"Collector","floor":33,"turns":7},{"damage":1,"enemies":"3 Shapes","floor":35,"turns":4},{"damage":2,"enemies":"Mind Bloom Boss Battle","floor":36,"turns":7},{"damage":1,"enemies":"Orb Walker","floor":38,"turns":3},{"damage":53,"enemies":"Giant Head","floor":40,"turns":7},{"damage":1,"enemies":"Jaw Worm Horde","floor":41,"turns":4},{"damage":0,"enemies":"Spire Growth","floor":42,"turns":4},{"damage":0,"enemies":"hubris:GrandSnecko","floor":50,"turns":2},{"damage":0,"enemies":"Shield and Spear","floor":54,"turns":1},{"damage":0,"enemies":"The Heart","floor":55,"turns":3}],"seed_played":"5546310825109555161","potions_obtained":[{"floor":1,"key":"PowerPotion"},{"floor":6,"key":"blueLaboratory:ArtificerPotion"},{"floor":12,"key":"blueLaboratory:RecallPotion"},{"floor":14,"key":"Strength Potion"}],"is_trial":false,"path_per_floor":["M","T","$","?","M","E","R","E","T","R","E","M","M","E","R","B",null,"M","T","M","?","M","R","M","$","T","M","M","E","M","E","R","B",null,"M","?","?","M","?","E","M","M","T","$","?","R","?","R","B",null,"R","$","E","B",null],"character_chosen":"THE_THORT","items_purchased":["thethorton:LongTermPayoff","trackpad:BottledTsunami","Oddly Smooth Stone","trackpad:HandOfMidas","trackpad:IceCube","Girya","PreservedInsect","MealTicket","hubris:TenFootPole","Whetstone","Lantern","Centennial Puzzle","trackpad:WondrousWand","Pear","Meat on the Bone","trackpad:CultistFigurine","thethorton:BusinessCardPrinter","Art of War","War Paint","Orichalcum","Gremlin Horn","TungstenRod","CaptainsWheel","Bag of Marbles","HornCleat","Bronze Scales","trackpad:RapidFire","BrokenLever","HandDrill","Calipers","LugNut","rat:ZhonyasHourglass","GiantMaggot","trackpad:Compendium","trackpad:SneckoScepter","thethorton:StoneOfSprinting","Du-Vu Doll","Sundial","Omamori","hubris:PeanutButter","trackpad:WritersBlock","thethorton:BankDeed","rat:KircheisShard","hubris:DisguiseKit","trackpad:Mousetrap","Juzu Bracelet","Potion Belt","rat:PhantomDancer","trackpad:AdjectivePendant","Nunchaku","Bottled Tornado","Dream Catcher","Vajra","Toy Ornithopter","InkBottle","Thread and Needle","trackpad:ByrdCharm","Ice Cream","rorgmod:Ceramic Fish","Bag of Preparation","Akabeko","RollingBoulder","hubris:GlazedTorus","SpikesRelics:DaevaFist","Blood Vial","Shuriken","RetroEgg","Anchor","hubris:BottledRain","Frozen Egg 2","Blue Candle","trackpad:GuardianSpirit","trackpad:FieryHotPepper","Pantograph","Singing Bowl","Kunai","FossilizedHelix","Ornamental Fan","Bottled Lightning","ShockBauble","Gambling Chip","trackpad:DisasterInABottle","Eternal Feather","hubris:CrystalStatue","hubris:SlimyHat","Mango","Rawhide","SuspiciousGoo","Shovel","RoseTintedShades","Toxic Egg 2","trackpad:ByrdBGone","Mercury Hourglass","hubris:DuctTape","SpikesRelics:ToyHorsey","Molten Egg 2","Question Card","Letter Opener","Unceasing Top","hubris:AstralHammer","trackpad:ZombieHeart","White Beast Statue","CrustySpines","hubris:Potato","hubris:CuriousFeather","trackpad:ToughGloves","hubris:BundleOfHerbs","hubris:Teleporter","trackpad:WindUpAutoDealer","hubris:TinFlute","Bird Faced Urn","ZombieTooth","WizardHat","Pocketwatch","Ginger","hubris:FunFungus","Prayer Wheel","hubris:64BitClover","Lizard Tail","CherryCoatedStake","Circlet","hubris:MedicalManual","hubris:DeckOfHolding","hubris:Zylophone","hubris:Spice","PrismaticShard","hubris:Spice","hubris:Spice","hubris:Spice","hubris:Spice","thethorton:FeelNoBrain+1","hubris:EnhanceAbility+1","thethorton:PennyToss+1","thethorton:PowerUp+1","Circlet","Circlet","Circlet","thethorton:RunningKick+1"],"campfire_rested":4,"item_purchase_floors":[3,25,25,25,25,44,44,44,44,44,44,44,44,44,44,44,44,44,44,44,44,44,44,44,44,44,44,44,44,44,44,44,44,44,44,44,44,44,44,44,44,44,44,44,44,44,44,44,44,44,44,44,44,44,44,44,44,44,44,44,44,44,44,44,44,44,44,44,44,44,44,44,44,44,44,44,44,44,44,44,44,44,44,44,44,44,44,44,44,44,44,44,44,44,44,44,44,44,44,44,44,44,44,44,44,44,44,44,44,44,44,44,44,44,44,44,44,44,44,44,44,44,44,44,44,44,44,44,44,44,44,44,53,53,53,53,53,53],"current_hp_per_floor":[68,68,68,68,64,55,55,29,29,49,39,38,36,13,35,20,75,75,75,72,72,44,67,69,69,69,73,75,76,54,34,60,42,89,88,89,89,90,90,39,42,44,44,84,84,102,102,110,111,111,111,111,117,120],"gold":10626,"neow_bonus":"BOSS_RELIC","is_daily":false,"chose_seed":false,"campfire_upgraded":1,"win_rate":0.0,"timestamp":1612151703,"path_taken":["M","?","$","?","M","E","R","E","T","R","E","M","M","E","R","BOSS","M","?","M","?","?","R","M","$","T","M","M","E","M","E","R","BOSS","M","?","?","M","?","E","?","M","T","$","?","R","?","R","BOSS","R","$","E","BOSS"],"items_purchased_type":["Card","Relic","Relic","Relic","Relic","Relic","Relic","Relic","Relic","Relic","Relic","Relic","Relic","Relic","Relic","Relic","Relic","Relic","Relic","Relic","Relic","Relic","Relic","Relic","Relic","Relic","Relic","Relic","Relic","Relic","Relic","Relic","Relic","Relic","Relic","Relic","Relic","Relic","Relic","Relic","Relic","Relic","Relic","Relic","Relic","Relic","Relic","Relic","Relic","Relic","Relic","Relic","Relic","Relic","Relic","Relic","Relic","Relic","Relic","Relic","Relic","Relic","Relic","Relic","Relic","Relic","Relic","Relic","Relic","Relic","Relic","Relic","Relic","Relic","Relic","Relic","Relic","Relic","Relic","Relic","Relic","Relic","Relic","Relic","Relic","Relic","Relic","Relic","Relic","Relic","Relic","Relic","Relic","Relic","Relic","Relic","Relic","Relic","Relic","Relic","Relic","Relic","Relic","Relic","Relic","Relic","Relic","Relic","Relic","Relic","Relic","Relic","Relic","Relic","Relic","Relic","Relic","Relic","Relic","Relic","Undefined","Relic","Relic","Relic","Relic","Relic","Relic","Relic","Relic","Relic","Card","Card","Card","Card","Undefined","Undefined","Undefined","Card"],"build_version":"2020-12-22","purchased_purges":4,"victory":true,"max_hp_per_floor":[68,68,68,68,68,68,68,68,68,68,75,75,75,75,75,75,75,75,75,77,77,79,79,81,81,81,83,84,84,86,87,87,89,89,89,91,91,91,91,92,94,94,94,110,110,110,110,110,111,111,111,111,117,120],"card_choices":[{"not_picked":["thethorton:HedgeFund","thethorton:CannonShot"],"picked":"thethorton:BusinessBoom","floor":1},{"not_picked":["thethorton:HitAhead","thethorton:SicklyRun"],"picked":"thethorton:BusinessCard","floor":5},{"not_picked":["thethorton:BookBash","thethorton:Distance"],"picked":"thethorton:Jackpot","floor":6},{"not_picked":["Guardian:FierceBash","chefmod:PrepCook","Guardian:FierceBash"],"picked":"SKIP","floor":8},{"not_picked":["thethorton:DualBap","thethorton:FeelNoBrain","thethorton:LongTermPayoff"],"picked":"SKIP","floor":11},{"not_picked":["thethorton:ROI","thethorton:DownPayment"],"picked":"thethorton:BusinessCard","floor":12},{"not_picked":["thethorton:StumblingSlap","thethorton:ROI"],"picked":"thethorton:CompoundInterest","floor":13},{"not_picked":["thethorton:HitAhead","thethorton:CoffeeBlast"],"picked":"thethorton:DownPayment","floor":14},{"not_picked":["thethorton:SicklyRun","thethorton:StumblingSlap+1"],"picked":"thethorton:HedgeFund+1","floor":18},{"not_picked":["thethorton:WhirlingBriefcase","thethorton:Hindsight+1"],"picked":"thethorton:ElbowSmash+1","floor":20},{"not_picked":["thethorton:Hindsight","thethorton:TakeAccounts"],"picked":"thethorton:Octopus","floor":22},{"not_picked":["thethorton:SicklyRun","thethorton:DownPayment"],"picked":"thethorton:CashBash","floor":24},{"not_picked":["thethorton:FearfulRun+1","thethorton:CoffeeBlast"],"picked":"thethorton:WhirlingBriefcase","floor":27},{"not_picked":["thethorton:DualBap+1","thethorton:BookBash","thethorton:CallShop"],"picked":"SKIP","floor":28},{"not_picked":["thethorton:FearfulRun","thethorton:CallIn"],"picked":"thethorton:AngerMoment+1","floor":29},{"not_picked":["thethorton:LongTermPayoff","thethorton:StumblingSlap"],"picked":"thethorton:TakeAccounts","floor":30},{"not_picked":["thethorton:CashBash","thethorton:HedgeFund","thethorton:SicklyRun"],"picked":"SKIP","floor":31},{"not_picked":["thethorton:MidnightStrike","thethorton:Jackpot"],"picked":"thethorton:SellShort","floor":33},{"not_picked":["thethorton:BookBash+1","thethorton:ChartProject"],"picked":"thethorton:BusinessCard","floor":35},{"not_picked":["thethorton:StumblingSlap","thethorton:RunningKick"],"picked":"thethorton:OddChange+1","floor":36},{"not_picked":["Trip","Flash of Steel"],"picked":"Madness","floor":37},{"not_picked":["thethorton:Fortune","thethorton:WhirlingBriefcase"],"picked":"thethorton:DownPayment+1","floor":38},{"not_picked":["thethorton:SicklyRun+1","thethorton:LastDitchEffort+1"],"picked":"thethorton:GoldBuffer+1","floor":40},{"not_picked":["thethorton:DownPayment","thethorton:HedgeFund"],"picked":"thethorton:CashBash+1","floor":41},{"not_picked":["thethorton:CrashingStocks","thethorton:HitAhead","thethorton:LongTermPayoff"],"picked":"SKIP","floor":42},{"not_picked":["chefmod:FryPan+1","hubris:SpiceAddiction","Well Laid Plans+1","hexamod:SwordOfDarkness"],"picked":"Body Slam+1","floor":54}],"player_experience":690529,"relics_obtained":[{"floor":2,"key":"MiniBlackHole"},{"floor":6,"key":"Turnip"},{"floor":8,"key":"hubris:MysteriousPyramids"},{"floor":9,"key":"Torii"},{"floor":11,"key":"Strawberry"},{"floor":14,"key":"BicycleWheel"},{"floor":19,"key":"HeavenlyBonsai"},{"floor":26,"key":"trackpad:BottledShadow"},{"floor":29,"key":"trackpad:PetRock"},{"floor":31,"key":"SnailShell"},{"floor":34,"key":"rorgmod:The Boot"},{"floor":34,"key":"The Courier"},{"floor":34,"key":"StoneCalendar"},{"floor":36,"key":"BlackRope"},{"floor":40,"key":"Ancient Tea Set"}],"event_choices":[{"cards_removed":["thethorton:BusinessBoom"],"damage_healed":0,"gold_gain":0,"player_choice":"Offered Uncommon","damage_taken":0,"max_hp_gain":0,"max_hp_loss":0,"event_name":"Bonfire Elementals","floor":4,"gold_loss":0},{"damage_healed":0,"gold_gain":0,"player_choice":"Fight","damage_taken":0,"max_hp_gain":0,"max_hp_loss":0,"event_name":"MindBloom","floor":36,"gold_loss":0},{"damage_healed":0,"gold_gain":0,"player_choice":"Memory 1","damage_taken":0,"max_hp_gain":0,"max_hp_loss":0,"event_name":"SensoryStone","floor":37,"gold_loss":0},{"cards_removed":["thethorton:Jackpot"],"damage_healed":0,"gold_gain":0,"player_choice":"Upgrade and Remove","damage_taken":0,"max_hp_gain":0,"max_hp_loss":0,"event_name":"Designer","floor":39,"gold_loss":90,"cards_upgraded":["thethorton:CashBash"]},{"damage_healed":0,"gold_gain":0,"player_choice":"Rummage","damage_taken":0,"relics_obtained":["WarpedTongs"],"max_hp_gain":0,"max_hp_loss":0,"event_name":"Accursed Blacksmith","floor":48,"gold_loss":0,"cards_obtained":["Pain"]}],"is_beta":false,"boss_relics":[{"not_picked":["trackpad:Trackpad","thethorton:BottledFunds"],"picked":"Sozu"},{"not_picked":["Pandora\u0027s Box","hubris:VirtuousBlindfold"],"picked":"Calling Bell"}],"items_purged_floors":[3,44,44,53],"is_endless":false,"potions_floor_spawned":[1,6,12,14,16,20,28,29,30,33,36,42,54],"ascension_level":4}}