{"host":"o6rpelx2jpc8yies","time":1612139762,"event":{"mods":["BaseMod","Downfall","Minty Spire (QoL Compilation)","StSLib"],"gold_per_floor":[99,115,57,75,94,112,112,168,68,84,84,84,113,125,139,139,139,139],"floor_reached":16,"language":"ENG","playtime":945,"items_purged":[],"score":208,"play_id":"8bb22f85-0997-41aa-8830-1c293966ee80","local_time":"20210131173602","is_ascension_mode":true,"campfire_choices":[{"floor":1.0,"key":"RECALL"},{"floor":9.0,"key":"REST"}],"circlet_count":0,"master_deck":["AscendersBane","bronze:Strike","bronze:Strike","bronze:Strike","bronze:Strike","bronze:Defend","bronze:Defend","bronze:Defend","bronze:Defend","bronze:Replicate","bronze:Goto","bronze:Branch","bronze:Repair","bronze:MaxOutput","bronze:Separator","bronze:Constructor","bronze:Invalidate","bronze:Iterate","Regret","bronze:Constructor","bronze:FineTuning"],"relics":["bronze:BronzeCore","Singing Bowl","Pantograph","downfall:HeartBlessingRed","downfall:ExtraCursedKey","Bottled Lightning"],"acts_visited":["Exordium"],"potions_floor_usage":[15,16],"damage_taken":[{"damage":1.0,"enemies":"Cultist","floor":2.0,"turns":3.0},{"damage":0.0,"enemies":"downfall:FleeingMerchant","floor":3.0,"turns":4.0},{"damage":4.0,"enemies":"Small Slimes","floor":4.0,"turns":4.0},{"damage":4.0,"enemies":"Jaw Worm","floor":5.0,"turns":2.0},{"damage":14.0,"enemies":"Lots of Slimes","floor":6.0,"turns":6.0},{"damage":46.0,"enemies":"Gremlin Nob","floor":8.0,"turns":5.0},{"damage":26.0,"enemies":"Gremlin Gang","floor":10.0,"turns":6.0},{"damage":12,"enemies":"Lagavulin","floor":13,"turns":5},{"damage":4,"enemies":"2 Fungi Beasts","floor":14,"turns":4},{"damage":2,"enemies":"Blue Slaver","floor":15,"turns":3},{"damage":83,"enemies":"IC_STATUS_ARCHETYPE","floor":16,"turns":13}],"seed_played":"-8850363337293359250","potions_obtained":[{"floor":4.0,"key":"BlessingOfTheForge"},{"floor":5.0,"key":"SpeedPotion"},{"floor":10.0,"key":"LiquidBronze"},{"floor":13,"key":"Explosive Potion"},{"floor":15,"key":"Block Potion"}],"is_trial":false,"path_per_floor":["R","M","$","M","M","M","T","?","R","M","?","?","E","M","M","B"],"character_chosen":"THE_AUTOMATON","items_purchased":["bronze:MaxOutput"],"campfire_rested":1,"item_purchase_floors":[3],"current_hp_per_floor":[63,62,62,65,61,54,54,15,35,18,23,23,20,23,30,0,0,0],"gold":139,"neow_bonus":"TEN_PERCENT_HP_BONUS","is_daily":false,"chose_seed":false,"campfire_upgraded":0,"win_rate":0.0,"timestamp":1612139762,"path_taken":["R","M","$","M","M","M","T","?","R","M","?","?","E","M","M","BOSS"],"items_purchased_type":["Card"],"build_version":"2020-12-22","purchased_purges":0,"victory":false,"max_hp_per_floor":[69,69,69,69,69,69,69,69,69,71,76,76,78,78,80,80,80,80],"card_choices":[{"not_picked":["bronze:Refactor","bronze:ForLoop"],"picked":"bronze:Branch","floor":2.0},{"not_picked":["bronze:DelayedGuard","bronze:OilSpill"],"picked":"bronze:Repair","floor":3.0},{"not_picked":["bronze:DelayedGuard","bronze:WhirlingStrike"],"picked":"bronze:Separator","floor":4.0},{"not_picked":["bronze:FineTuning","bronze:FollowUp"],"picked":"bronze:Constructor","floor":5.0},{"not_picked":["bronze:Deprecate","bronze:BugBarrage"],"picked":"bronze:Invalidate","floor":6.0},{"not_picked":["bronze:ForceShield","bronze:ForLoop"],"picked":"bronze:Iterate","floor":8.0},{"not_picked":["bronze:Allocate","bronze:Constructor","bronze:MaxOutput"],"picked":"Singing Bowl","floor":10.0},{"not_picked":["bronze:Frontload","bronze:CutThrough","bronze:DelayedSlice"],"picked":"Singing Bowl","floor":13},{"not_picked":["bronze:Safeguard","bronze:Verify"],"picked":"bronze:FineTuning","floor":14},{"not_picked":["bronze:BronzeArmor","bronze:Overheat","bronze:Constructor"],"picked":"Singing Bowl","floor":15}],"player_experience":1904283,"relics_obtained":[{"floor":7.0,"key":"Singing Bowl"},{"floor":8.0,"key":"Pantograph"},{"floor":13,"key":"Bottled Lightning"}],"event_choices":[],"is_beta":false,"boss_relics":[],"items_purged_floors":[],"is_endless":false,"potions_floor_spawned":[4,5,10,13,15],"killed_by":"IC_STATUS_ARCHETYPE","ascension_level":20}}