{"host":"Nexxot","time":1612194317,"event":{"mods":["AchievementEnabler","BaseMod","Bestiary","Colored Map","Curses Come First","Highlight Path","Minty Spire (QoL Compilation)","Relic Stats","StSLib"],"gold_per_floor":[112,112,124,136,39,74,74,99,99,132,132,132,157,174,174,174,174],"floor_reached":16,"language":"ENG","playtime":720,"items_purged":[],"score":192,"play_id":"fcff8301-412d-49ef-92c6-7209ecbd4766","local_time":"20210201164517","is_ascension_mode":true,"campfire_choices":[{"floor":7,"key":"REST"},{"data":"Footwork","floor":12,"key":"SMITH"},{"floor":15,"key":"REST"}],"circlet_count":0,"master_deck":["AscendersBane","Strike_G","Strike_G+1","Strike_G+1","Defend_G","Defend_G","Defend_G","Defend_G","Defend_G","Survivor","Neutralize","Blade Dance","Dagger Throw","Footwork+1","Blade Dance","Sucker Punch","Leg Sweep","Heel Hook","Terror","Dodge and Roll","Dagger Spray"],"relics":["Ring of the Snake","Whetstone","Oddly Smooth Stone","Pear","Snake Skull","StrikeDummy","HornCleat"],"acts_visited":["Exordium"],"potions_floor_usage":[6,8,13,16],"damage_taken":[{"damage":1,"enemies":"2 Louse","floor":1,"turns":3},{"damage":0,"enemies":"Jaw Worm","floor":3,"turns":4},{"damage":1,"enemies":"Cultist","floor":4,"turns":3},{"damage":31,"enemies":"Gremlin Nob","floor":6,"turns":5},{"damage":3,"enemies":"3 Sentries","floor":8,"turns":14},{"damage":10,"enemies":"Lagavulin","floor":10,"turns":10},{"damage":9,"enemies":"3 Sentries","floor":13,"turns":10},{"damage":2,"enemies":"Looter","floor":14,"turns":4},{"damage":62,"enemies":"Slime Boss","floor":16,"turns":12}],"seed_played":"5357508659168343310","potions_obtained":[{"floor":3,"key":"Weak Potion"},{"floor":4,"key":"SpeedPotion"},{"floor":6,"key":"DistilledChaos"},{"floor":10,"key":"Dexterity Potion"}],"is_trial":false,"path_per_floor":["M","?","M","M","$","E","R","E","T","E","?","R","E","M","R","B"],"character_chosen":"THE_SILENT","items_purchased":["Blade Dance","Sucker Punch"],"campfire_rested":2,"item_purchase_floors":[5,5],"current_hp_per_floor":[62,55,55,54,54,23,44,51,51,41,41,41,32,30,54,0,0],"gold":174,"neow_bonus":"RANDOM_COMMON_RELIC","is_daily":false,"chose_seed":false,"campfire_upgraded":1,"win_rate":0.0,"timestamp":1612194317,"path_taken":["M","?","M","M","$","E","R","E","T","E","?","R","E","?","R","BOSS"],"items_purchased_type":["Card","Card"],"build_version":"2020-12-18","purchased_purges":0,"victory":false,"max_hp_per_floor":[70,70,70,70,70,70,70,80,80,80,80,80,80,80,80,80,80],"relic_stats":{"counters":[9,65],"Snake Skull":[0],"Whetstone":["Strike_G","Strike_G"],"obtain_stats":[{"Pear":8,"HornCleat":13,"Oddly Smooth Stone":6,"Snake Skull":9,"Whetstone":0,"StrikeDummy":10,"Ring of the Snake":0},{"Pear":5,"HornCleat":7,"Oddly Smooth Stone":4,"Snake Skull":5,"Whetstone":0,"StrikeDummy":6,"Ring of the Snake":0},{"Pear":29,"HornCleat":49,"Oddly Smooth Stone":15,"Snake Skull":29,"Whetstone":0,"StrikeDummy":39,"Ring of the Snake":0}],"Ring of the Snake":[18]},"card_choices":[{"not_picked":["Riddle With Holes","Dagger Spray"],"picked":"Blade Dance","floor":1},{"not_picked":["Terror","Underhanded Strike"],"picked":"Dagger Throw","floor":3},{"not_picked":["Riddle With Holes","Flechettes"],"picked":"Footwork","floor":4},{"not_picked":["Flechettes","Deadly Poison"],"picked":"Leg Sweep","floor":6},{"not_picked":["Setup","Expertise"],"picked":"Heel Hook","floor":8},{"not_picked":["Underhanded Strike","Expertise"],"picked":"Terror","floor":10},{"not_picked":["Doppelganger","Cloak And Dagger"],"picked":"Dodge and Roll","floor":13},{"not_picked":["Underhanded Strike","Accuracy"],"picked":"Dagger Spray","floor":14}],"player_experience":339983,"relics_obtained":[{"floor":6,"key":"Oddly Smooth Stone"},{"floor":8,"key":"Pear"},{"floor":9,"key":"Snake Skull"},{"floor":10,"key":"StrikeDummy"},{"floor":13,"key":"HornCleat"}],"event_choices":[{"cards_removed":["Strike_G"],"damage_healed":0,"gold_gain":0,"player_choice":"Card Removal","damage_taken":7,"max_hp_gain":0,"max_hp_loss":0,"event_name":"Golden Wing","floor":2,"gold_loss":0},{"cards_removed":["Strike_G"],"damage_healed":0,"gold_gain":0,"player_choice":"Offered Basic","damage_taken":0,"max_hp_gain":0,"max_hp_loss":0,"event_name":"Bonfire Elementals","floor":11,"gold_loss":0}],"is_beta":true,"boss_relics":[],"items_purged_floors":[],"is_endless":false,"potions_floor_spawned":[3,4,6,10],"killed_by":"Slime Boss","ascension_level":10}}