{"host":"dowi7cgbhepuzvpj","time":1612154042,"event":{"mods":["AchievementEnabler","BaseMod","Keyboard Shortcuts","Minty Spire (QoL Compilation)","Permanent Neow","Quick Restart","StSLib","SuperFastMode"],"gold_per_floor":[17,17,17,32,57,57,82,82,136,37,37,77,77,101,101,197,197,213,237,250,268,283,283,322,322,322,355,379,304,304,342,342,435,435,450,430,446,346,568,568,603,603,603,630,653,653,27,47,70,70,70,70,70,70,70,114,114],"floor_reached":58,"language":"KOR","playtime":2060,"items_purged":["Strike_G","Poisoned Stab"],"score":2779,"play_id":"b8365753-f8fe-4e4f-a11b-bfea3d6c5ea2","local_time":"20210201133402","is_ascension_mode":true,"campfire_choices":[{"data":"Neutralize","floor":6,"key":"SMITH"},{"data":"Bouncing Flask","floor":8,"key":"SMITH"},{"data":"Bane","floor":11,"key":"SMITH"},{"data":"Corpse Explosion","floor":13,"key":"SMITH"},{"data":"Backflip","floor":15,"key":"SMITH"},{"data":"Burst","floor":23,"key":"SMITH"},{"data":"After Image","floor":30,"key":"SMITH"},{"floor":32,"key":"REST"},{"data":"Reflex","floor":40,"key":"SMITH"},{"data":"Concentrate","floor":42,"key":"SMITH"},{"data":"PiercingWail","floor":43,"key":"SMITH"},{"floor":50,"key":"RECALL"},{"data":"Footwork","floor":54,"key":"SMITH"}],"circlet_count":0,"master_deck":["AscendersBane","Survivor","Neutralize+1","Corpse Explosion+1","Deflect","Bouncing Flask+1","Backflip+1","Adrenaline","After Image+1","Blur","Cloak And Dagger","Concentrate+1","Burst+1","Reflex+1","Noxious Fumes+1","Deadly Poison","PiercingWail+1","Deadly Poison","Catalyst+1","Footwork+1","Acrobatics+1","Cloak And Dagger+1"],"relics":["Ring of the Snake","Golden Idol","Boot","Anchor","Snake Skull","Pandora\u0027s Box","Sozu","Girya","Meat on the Bone","Red Mask","HoveringKite","Art of War","CeramicFish","Mercury Hourglass","Sundial","Gambling Chip"],"acts_visited":["Exordium","TheCity","TheBeyond","TheEnding"],"potions_floor_usage":[7,57,57],"damage_taken":[{"damage":8,"enemies":"Small Slimes","floor":1,"turns":2},{"damage":0,"enemies":"Jaw Worm","floor":4,"turns":5},{"damage":3,"enemies":"Cultist","floor":5,"turns":4},{"damage":3,"enemies":"Looter","floor":7,"turns":3},{"damage":24,"enemies":"3 Sentries","floor":12,"turns":5},{"damage":0,"enemies":"3 Louse","floor":14,"turns":1},{"damage":5,"enemies":"Hexaghost","floor":16,"turns":7},{"damage":0,"enemies":"3 Byrds","floor":18,"turns":2},{"damage":0,"enemies":"2 Thieves","floor":19,"turns":2},{"damage":14,"enemies":"Snecko","floor":20,"turns":4},{"damage":1,"enemies":"3 Cultists","floor":21,"turns":3},{"damage":15,"enemies":"Cultist and Chosen","floor":22,"turns":5},{"damage":14,"enemies":"Slavers","floor":24,"turns":4},{"damage":0,"enemies":"Book of Stabbing","floor":27,"turns":4},{"damage":0,"enemies":"Snecko","floor":28,"turns":3},{"damage":18,"enemies":"Masked Bandits","floor":31,"turns":3},{"damage":1,"enemies":"Collector","floor":33,"turns":6},{"damage":0,"enemies":"3 Darklings","floor":35,"turns":2},{"damage":6,"enemies":"3 Shapes","floor":37,"turns":4},{"damage":0,"enemies":"Reptomancer","floor":41,"turns":5},{"damage":0,"enemies":"Transient","floor":45,"turns":4},{"damage":0,"enemies":"Maw","floor":48,"turns":3},{"damage":5,"enemies":"Writhing Mass","floor":49,"turns":4},{"damage":2,"enemies":"Time Eater","floor":51,"turns":4},{"damage":14,"enemies":"Donu and Deca","floor":52,"turns":5},{"damage":16,"enemies":"Shield and Spear","floor":56,"turns":4},{"damage":65,"enemies":"The Heart","floor":57,"turns":9}],"seed_played":"2684146744395242897","potions_obtained":[{"floor":4,"key":"Weak Potion"},{"floor":7,"key":"Fruit Juice"},{"floor":16,"key":"Weak Potion"}],"is_trial":false,"path_per_floor":["M","?","?","M","M","R","M","R","T","$","R","E","R","M","R","B",null,"M","M","M","M","M","R","E","?","T","E","M","?","R","?","R","B",null,"M","?","M","$","?","R","E","R","R","T","M","?","$","M","M","R","B","B",null,"R","$","E","B",null],"character_chosen":"THE_SILENT","items_purchased":["Backflip","Footwork","Mercury Hourglass","Sundial"],"campfire_rested":1,"item_purchase_floors":[10,47,47,47],"current_hp_per_floor":[51,51,51,51,48,48,50,50,50,50,50,26,26,26,26,21,54,54,54,40,39,24,24,10,10,10,10,22,22,22,16,35,34,57,57,57,51,51,51,51,51,51,51,51,51,51,51,51,46,46,44,42,59,59,59,43,38],"gold":114,"neow_bonus":"TRANSFORM_TWO_CARDS","is_daily":false,"chose_seed":false,"campfire_upgraded":11,"win_rate":0.0,"timestamp":1612154042,"path_taken":["M","?","?","M","M","R","M","R","T","$","R","E","R","M","R","BOSS","M","M","M","?","M","R","E","?","T","E","M","?","R","?","R","BOSS","M","?","?","$","?","R","E","R","R","T","M","?","$","M","M","R","BOSS","BOSS","R","$","E","BOSS"],"items_purchased_type":["Card","Card","Relic","Relic"],"build_version":"2020-12-22","purchased_purges":2,"victory":true,"max_hp_per_floor":[66,60,60,60,60,60,65,65,65,65,65,65,65,65,65,65,65,65,65,65,65,65,65,65,65,65,65,65,65,65,65,65,65,65,65,65,65,65,65,65,65,65,65,65,65,65,65,65,65,65,65,65,65,65,65,65,65],"card_choices":[{"not_picked":["Dodge and Roll","Riddle With Holes"],"picked":"Deflect","floor":1},{"not_picked":["Slice","Expertise","Outmaneuver"],"picked":"SKIP","floor":4},{"not_picked":["Quick Slash","Accuracy"],"picked":"Bouncing Flask","floor":5},{"not_picked":["Backflip","Blur"],"picked":"Bane","floor":7},{"not_picked":["Backstab","Skewer","Heel Hook"],"picked":"SKIP","floor":12},{"not_picked":["Accuracy","Flying Knee","Dagger Spray"],"picked":"SKIP","floor":14},{"not_picked":["Storm of Steel","Unload"],"picked":"Adrenaline","floor":16},{"not_picked":["Dagger Throw","Masterful Stab"],"picked":"Noxious Fumes+1","floor":18},{"not_picked":["Bane","Acrobatics","Endless Agony"],"picked":"SKIP","floor":19},{"not_picked":["Calculated Gamble","Skewer+1","Setup"],"picked":"SKIP","floor":20},{"not_picked":["Prepared","Expertise"],"picked":"Deadly Poison","floor":21},{"not_picked":["Flechettes+1","Dash","Heel Hook"],"picked":"SKIP","floor":22},{"not_picked":["Poisoned Stab","Reflex"],"picked":"PiercingWail","floor":24},{"not_picked":["Slice","Flying Knee","Cloak And Dagger"],"picked":"SKIP","floor":27},{"not_picked":["Accuracy","Acrobatics","Deadly Poison"],"picked":"SKIP","floor":28},{"not_picked":["Blade Dance","Bouncing Flask"],"picked":"Catalyst+1","floor":31},{"not_picked":["Bouncing Flask","PiercingWail"],"picked":"Tactician","floor":35},{"not_picked":["Blade Dance","Bouncing Flask+1","Dagger Spray"],"picked":"SKIP","floor":37},{"not_picked":["Sucker Punch","Expertise","Underhanded Strike+1"],"picked":"SKIP","floor":41},{"not_picked":["Flechettes","Dodge and Roll+1","Slice+1"],"picked":"SKIP","floor":45},{"not_picked":["Infinite Blades","Distraction+1","Quick Slash+1"],"picked":"SKIP","floor":48},{"not_picked":["Dagger Throw","Infinite Blades"],"picked":"Acrobatics+1","floor":49},{"not_picked":["Sucker Punch","Riddle With Holes"],"picked":"Cloak And Dagger+1","floor":56}],"player_experience":863769,"relics_obtained":[{"floor":9,"key":"Anchor"},{"floor":24,"key":"Girya"},{"floor":27,"key":"Meat on the Bone"},{"floor":31,"key":"Red Mask"},{"floor":41,"key":"Art of War"},{"floor":44,"key":"CeramicFish"},{"floor":56,"key":"Gambling Chip"}],"event_choices":[{"damage_healed":0,"gold_gain":0,"player_choice":"Lose Max HP","damage_taken":0,"relics_obtained":["Golden Idol"],"max_hp_gain":0,"max_hp_loss":6,"event_name":"Golden Idol","floor":2,"gold_loss":0},{"cards_removed":["Poisoned Stab"],"damage_healed":0,"gold_gain":0,"player_choice":"Gave Card","damage_taken":0,"relics_obtained":["Boot"],"max_hp_gain":0,"max_hp_loss":0,"event_name":"WeMeetAgain","floor":3,"gold_loss":0},{"damage_healed":0,"gold_gain":0,"player_choice":"Read","damage_taken":0,"max_hp_gain":0,"max_hp_loss":0,"event_name":"The Library","floor":25,"gold_loss":0,"cards_obtained":["Deadly Poison"]},{"cards_removed":["Bane"],"damage_healed":0,"gold_gain":0,"player_choice":"Gave Gold","damage_taken":0,"max_hp_gain":0,"max_hp_loss":0,"event_name":"Beggar","floor":29,"gold_loss":75},{"damage_healed":0,"gold_gain":0,"player_choice":"Fought Bandits","damage_taken":0,"max_hp_gain":0,"max_hp_loss":0,"event_name":"Masked Bandits","floor":31,"gold_loss":0},{"damage_healed":0,"gold_gain":0,"player_choice":"Bought 1 Potion","damage_taken":0,"max_hp_gain":0,"max_hp_loss":0,"event_name":"The Woman in Blue","floor":36,"gold_loss":0},{"damage_healed":0,"gold_gain":222,"player_choice":"Wore Mask","damage_taken":0,"max_hp_gain":0,"max_hp_loss":0,"event_name":"Tomb of Lord Red Mask","floor":39,"gold_loss":0},{"cards_removed":["Tactician"],"damage_healed":0,"gold_gain":0,"player_choice":"Purged","damage_taken":0,"max_hp_gain":0,"max_hp_loss":0,"event_name":"Purifier","floor":46,"gold_loss":0}],"is_beta":false,"boss_relics":[{"not_picked":["SacredBark","WristBlade"],"picked":"Pandora\u0027s Box"},{"not_picked":["Astrolabe","Coffee Dripper"],"picked":"HoveringKite"}],"items_purged_floors":[10,38],"is_endless":false,"potions_floor_spawned":[4,7,16,19,22,24,33,41,49],"ascension_level":20}}