{"host":"5jyeqch4fosnsiz2","time":1612204901,"event":{"mods":["BaseMod","Bestiary","Colored Map","Colored Powertips","Filter the Spire","Minty Spire (QoL Compilation)","Relic Stats","StSLib","Waifu the Spire","ojb\u0027s Better Paths Mod","ojb\u0027s Info Mod"],"gold_per_floor":[118,46,116,135,135,162,162,181,181,193,210,210,221,221,221,320,320,335,260,260,175,175,175,200,200,200],"floor_reached":25,"language":"ENG","playtime":836,"items_purged":[],"score":219,"play_id":"91a37912-c08c-4251-8a11-5eb700a13227","local_time":"20210201134141","is_ascension_mode":false,"campfire_choices":[{"data":"Dropkick","floor":7,"key":"SMITH"},{"data":"Bash","floor":12,"key":"SMITH"},{"data":"Rage","floor":15,"key":"SMITH"},{"data":"Double Tap","floor":23,"key":"SMITH"}],"circlet_count":0,"master_deck":["Strike_R","Strike_R","Strike_R","Defend_R","Defend_R","Bash+1","Dropkick+1","Armaments+1","Rage+1","Battle Trance","Cleave","Double Tap+1","Clash+1","Seeing Red"],"relics":["SacredBark","Question Card","Bottled Lightning","Anchor","Empty Cage","Shuriken","MutagenicStrength","Red Skull"],"acts_visited":["Exordium","TheCity"],"potions_floor_usage":[6,6,10,16,16,24],"damage_taken":[{"damage":13,"enemies":"Cultist","floor":1,"turns":5},{"damage":5,"enemies":"Jaw Worm","floor":4,"turns":4},{"damage":1,"enemies":"3 Sentries","floor":6,"turns":4},{"damage":0,"enemies":"Small Slimes","floor":8,"turns":4},{"damage":0,"enemies":"Looter","floor":10,"turns":2},{"damage":5,"enemies":"2 Fungi Beasts","floor":11,"turns":3},{"damage":5,"enemies":"Exordium Wildlife","floor":13,"turns":3},{"damage":23,"enemies":"The Guardian","floor":16,"turns":7},{"damage":7,"enemies":"Shell Parasite","floor":18,"turns":4},{"damage":69,"enemies":"Slavers","floor":24,"turns":11},{"damage":4,"enemies":"3 Byrds","floor":25,"turns":2}],"seed_played":"6158358342613559145","potions_obtained":[{"floor":4,"key":"Fire Potion"},{"floor":6,"key":"AttackPotion"},{"floor":10,"key":"ColorlessPotion"},{"floor":11,"key":"CultistPotion"},{"floor":18,"key":"Swift Potion"}],"is_trial":false,"path_per_floor":["M","$","T","M","?","E","R","M","T","M","M","R","M","?","R","B",null,"M","?","?","?","?","R","E","M"],"character_chosen":"IRONCLAD","items_purchased":["Armaments","Fire Potion"],"campfire_rested":0,"item_purchase_floors":[2,2],"current_hp_per_floor":[67,67,67,62,62,61,61,61,61,61,56,56,51,44,44,21,80,73,73,73,73,73,73,4,0,0],"gold":200,"neow_bonus":"BOSS_RELIC","is_daily":false,"chose_seed":false,"campfire_upgraded":4,"win_rate":0.0,"timestamp":1612204901,"path_taken":["M","$","?","?","?","E","R","M","T","M","?","R","M","?","R","BOSS","M","?","?","?","?","R","E","M"],"items_purchased_type":["Card","Potion"],"build_version":"2020-12-22","purchased_purges":0,"victory":false,"max_hp_per_floor":[80,80,80,80,80,80,80,80,80,80,80,80,80,80,80,80,80,80,80,80,80,80,80,80,80,80],"relic_stats":{"counters":[11,49],"Shuriken":[2],"Question Card":7,"obtain_stats":[{"Anchor":14,"Shuriken":21,"SacredBark":0,"MutagenicStrength":22,"Bottled Lightning":9,"Question Card":6,"Empty Cage":17,"Burning Blood":0,"Red Skull":24},{"Anchor":7,"Shuriken":9,"SacredBark":0,"MutagenicStrength":9,"Bottled Lightning":4,"Question Card":3,"Empty Cage":8,"Burning Blood":0,"Red Skull":10},{"Anchor":25,"Shuriken":36,"SacredBark":0,"MutagenicStrength":36,"Bottled Lightning":17,"Question Card":13,"Empty Cage":32,"Burning Blood":0,"Red Skull":47}]},"card_choices":[{"not_picked":["Headbutt","Anger"],"picked":"Dropkick","floor":1},{"not_picked":["Thunderclap","Perfected Strike"],"picked":"Rage","floor":4},{"not_picked":["Dark Embrace","Warcry","Sentinel"],"picked":"SKIP","floor":6},{"not_picked":["Sentinel","Blood for Blood","Sword Boomerang","Evolve"],"picked":"SKIP","floor":8},{"not_picked":["Sword Boomerang","Havoc","Combust"],"picked":"Battle Trance","floor":10},{"not_picked":["Anger","True Grit","Heavy Blade","Perfected Strike"],"picked":"SKIP","floor":11},{"not_picked":["Metallicize","Pommel Strike","Fire Breathing"],"picked":"Cleave","floor":13},{"not_picked":["Berserk","Corruption","Barricade"],"picked":"Double Tap","floor":16},{"not_picked":["True Grit+1","Anger","Perfected Strike"],"picked":"Clash+1","floor":18},{"not_picked":["Warcry+1","Combust","Thunderclap+1"],"picked":"Seeing Red","floor":24}],"player_experience":370351,"relics_obtained":[{"floor":6,"key":"Question Card"},{"floor":9,"key":"Bottled Lightning"},{"floor":24,"key":"Red Skull"}],"event_choices":[{"damage_healed":0,"gold_gain":0,"player_choice":"Forge","damage_taken":0,"max_hp_gain":0,"max_hp_loss":0,"event_name":"Accursed Blacksmith","floor":5,"gold_loss":0,"cards_upgraded":["Armaments"]},{"damage_healed":0,"gold_gain":0,"player_choice":"Success","damage_taken":7,"relics_obtained":["Anchor"],"max_hp_gain":0,"max_hp_loss":0,"event_name":"Scrap Ooze","floor":14,"gold_loss":0},{"cards_removed":["Strike_R"],"damage_healed":0,"gold_gain":0,"player_choice":"Gave Gold","damage_taken":0,"max_hp_gain":0,"max_hp_loss":0,"event_name":"Beggar","floor":19,"gold_loss":75},{"cards_removed":["Defend_R"],"damage_healed":0,"gold_gain":0,"player_choice":"Elegance","damage_taken":0,"max_hp_gain":0,"max_hp_loss":0,"event_name":"Back to Basics","floor":20,"gold_loss":0},{"damage_healed":0,"gold_gain":0,"player_choice":"Obtained Relic","damage_taken":0,"relics_obtained":["Shuriken"],"max_hp_gain":0,"max_hp_loss":0,"event_name":"Addict","floor":21,"gold_loss":85},{"damage_healed":0,"gold_gain":0,"player_choice":"Inject Mutagens","damage_taken":0,"relics_obtained":["MutagenicStrength"],"max_hp_gain":0,"max_hp_loss":0,"event_name":"Drug Dealer","floor":22,"gold_loss":0}],"is_beta":false,"boss_relics":[{"not_picked":["Sozu","Velvet Choker"],"picked":"Empty Cage"}],"items_purged_floors":[],"is_endless":false,"potions_floor_spawned":[4,6,10,11,18],"killed_by":"3 Byrds","ascension_level":0}}