{"host":"cz96naaoibjp08st","time":1612191930,"event":{"mods":["Act Like it!","BaseMod","BetterRewards","Downfall","Duelist Mod","GifTheSpireLib","Hermit","Minty Spire (QoL Compilation)","Quick Restart","READ ME - Guardian Mod","Replay The Spire","Robot Space Explorer","Shop Mod","StSLib","Stuff the Spire","SuperFastMode"],"gold_per_floor":[99,111,130,142,52,65,65,65,85,85,85,85,85,105,122,122,122,122],"floor_reached":16,"language":"ZHS","playtime":501,"items_purged":["theDuelist:Nameless:War:BlueEyes"],"score":94,"play_id":"34cf2142-b57c-4b5d-94e8-84b86361e1f5","local_time":"20210201230530","is_ascension_mode":false,"campfire_choices":[{"data":"sneckomod:SnekBite","floor":8,"key":"SMITH"},{"data":"sneckomod:WideSting","floor":10,"key":"SMITH"},{"data":"sneckomod:WideSting","floor":12,"key":"SMITH"}],"circlet_count":0,"master_deck":["sneckomod:Strike","sneckomod:Strike","sneckomod:Defend","sneckomod:Defend","sneckomod:Defend","sneckomod:TailWhip","sneckomod:SnekBite+1","sneckomod:Unknown","sneckomod:WideSting+1","sneckomod:RainOfDice","sneckomod:WideSting+1","sneckomod:DiceBlock","sneckomod:Unknown1Cost","sneckomod:UnknownBlock","sneckomod:QuickMove","sneckomod:UnknownUncommonAttack"],"relics":["sneckomod:SneckoSoul","StuffTheSpire:Experiment12"],"acts_visited":["Exordium"],"potions_floor_usage":[14],"damage_taken":[{"damage":0,"enemies":"Cultist","floor":2,"turns":2},{"damage":8,"enemies":"Small Slimes","floor":3,"turns":3},{"damage":6,"enemies":"Jaw Worm","floor":4,"turns":2},{"damage":0,"enemies":"downfall:FleeingMerchant","floor":5,"turns":4},{"damage":12,"enemies":"Blue Slaver","floor":6,"turns":5},{"damage":10,"enemies":"Lots of Slimes","floor":9,"turns":2},{"damage":0,"enemies":"Gremlin Gang","floor":14,"turns":2},{"damage":0,"enemies":"2 Fungi Beasts","floor":15,"turns":2},{"damage":83,"enemies":"SI_SHIV_ARCHETYPE","floor":16,"turns":10}],"seed_played":"-3444109323148251048","potions_obtained":[{"floor":2,"key":"ColorlessPotion"},{"floor":3,"key":"Guardian:BlockOnCardUsePotion"},{"floor":14,"key":"Swift Potion"}],"is_trial":false,"path_per_floor":["R","M","M","M","$","M","T","R","M","R","?","R","?","M","M","B"],"character_chosen":"THE_SNECKO","items_purchased":[],"campfire_rested":0,"item_purchase_floors":[],"current_hp_per_floor":[99,99,91,85,85,73,73,73,63,63,78,78,78,78,78,0,0,0],"gold":122,"neow_bonus":"TEN_PERCENT_HP_BONUS","is_daily":false,"chose_seed":false,"campfire_upgraded":3,"win_rate":0.0,"timestamp":1612191930,"path_taken":["R","M","M","?","$","M","T","R","M","R","?","R","?","M","M","BOSS"],"items_purchased_type":[],"build_version":"2020-12-22","purchased_purges":1,"victory":false,"max_hp_per_floor":[99,99,99,99,99,99,99,99,99,99,99,99,99,99,99,99,99,99],"card_choices":[{"not_picked":["sneckomod:UnknownUncommonSkill","sneckomod:SoulCleanse"],"picked":"sneckomod:WideSting","floor":2},{"not_picked":["sneckomod:Unknown1Cost","sneckomod:Nope"],"picked":"sneckomod:RainOfDice","floor":3},{"not_picked":["sneckomod:SoulRoll","sneckomod:UnknownBlock"],"picked":"sneckomod:WideSting","floor":4},{"not_picked":["sneckomod:Unknown3Cost","sneckomod:DiceCrush"],"picked":"sneckomod:DiceBlock","floor":5},{"not_picked":["sneckomod:WideSting","sneckomod:Nope"],"picked":"sneckomod:Unknown1Cost","floor":6},{"not_picked":["sneckomod:SoulRoll","sneckomod:UnknownDraw"],"picked":"sneckomod:UnknownBlock","floor":9},{"not_picked":["sneckomod:UnknownDraw","sneckomod:Unknown2Cost"],"picked":"sneckomod:QuickMove","floor":14},{"not_picked":["sneckomod:RainOfDice","sneckomod:SlitherStrike"],"picked":"sneckomod:UnknownUncommonAttack","floor":15}],"player_experience":288650,"relics_obtained":[{"floor":7,"key":"StuffTheSpire:Experiment12"}],"event_choices":[],"is_beta":false,"boss_relics":[],"items_purged_floors":[5],"is_endless":false,"potions_floor_spawned":[2,3,14],"killed_by":"SI_SHIV_ARCHETYPE","ascension_level":0}}