{"host":"8g198xe1n7br41jb","time":1612212813,"event":{"mods":["BaseMod","Downfall","Minty Spire (QoL Compilation)","StSLib","SuperFastMode"],"gold_per_floor":[99,134,155,155,191,217,217,253,33,57,57,71,71,71,90,134,134,134],"floor_reached":16,"language":"ENG","playtime":1235,"items_purged":[],"score":107,"play_id":"c8625c41-c805-481c-99dc-eb22f876bb14","local_time":"20210201215333","is_ascension_mode":true,"campfire_choices":[{"data":"sneckomod:GlitteringGambit","floor":1.0,"key":"SMITH"},{"floor":13.0,"key":"RECALL"}],"circlet_count":0,"master_deck":["sneckomod:Strike","sneckomod:Strike","sneckomod:Strike","sneckomod:Defend","sneckomod:Defend","sneckomod:Defend","sneckomod:TailWhip","sneckomod:SnekBite","sneckomod:Unknown","sneckomod:Unknown","sneckomod:GlitteringGambit+1","sneckomod:Rotation+1","sneckomod:SoulDraw+1","Regret","sneckomod:WideSting","sneckomod:QuickBite","sneckomod:UnknownRarePower","sneckomod:UnknownCommonAttack+1","sneckomod:QuickBite+1","sneckomod:Unknown1Cost","Parasite","sneckomod:UnknownColorless","sneckomod:IronFang+1","sneckomod:Unknown1Cost"],"relics":["sneckomod:SneckoSoul","Molten Egg 2","MealTicket"],"acts_visited":["Exordium"],"potions_floor_usage":[16,16],"damage_taken":[{"damage":0.0,"enemies":"2 Louse","floor":2.0,"turns":2.0},{"damage":1.0,"enemies":"Cultist","floor":3.0,"turns":3.0},{"damage":9.0,"enemies":"Jaw Worm","floor":5.0,"turns":3.0},{"damage":10.0,"enemies":"Exordium Thugs","floor":6.0,"turns":4.0},{"damage":2.0,"enemies":"Gremlin Nob","floor":8.0,"turns":3.0},{"damage":9.0,"enemies":"downfall:FleeingMerchant","floor":9.0,"turns":4.0},{"damage":10.0,"enemies":"Large Slime","floor":10.0,"turns":4.0},{"damage":17.0,"enemies":"downfall:FleeingMerchant","floor":12.0,"turns":4.0},{"damage":15.0,"enemies":"downfall:FleeingMerchant","floor":14.0,"turns":4.0},{"damage":1.0,"enemies":"Lots of Slimes","floor":15.0,"turns":4.0},{"damage":48,"enemies":"DF_ARCHETYPE_STREAMLINE","floor":16,"turns":6}],"seed_played":"3924892098000093737","potions_obtained":[{"floor":3.0,"key":"sneckomod:DiceRollPotion"},{"floor":8.0,"key":"LiquidMemories"},{"floor":10.0,"key":"Block Potion"},{"floor":15,"key":"Strength Potion"}],"is_trial":false,"path_per_floor":["R","M","M","?","M","M","T","E","$","M","?","$","R","$","M","B"],"character_chosen":"THE_SNECKO","items_purchased":["MealTicket","sneckomod:QuickBite+1"],"campfire_rested":0,"item_purchase_floors":[9,9],"current_hp_per_floor":[63,63,62,62,53,43,43,41,32,22,44,42,42,42,41,0,0,0],"gold":134,"neow_bonus":"THREE_RARE_CARDS","is_daily":false,"chose_seed":false,"campfire_upgraded":1,"win_rate":0.0,"timestamp":1612212813,"path_taken":["R","M","M","?","M","?","T","E","$","?","?","?","R","$","M","BOSS"],"items_purchased_type":["Relic","Card"],"build_version":"2020-12-22","purchased_purges":0,"victory":false,"max_hp_per_floor":[90,90,90,90,90,90,90,90,90,90,90,90,90,90,90,90,90,90],"card_choices":[{"not_picked":["sneckomod:Mudshield","sneckomod:UnknownRarePower"],"picked":"sneckomod:GlitteringGambit","floor":0.0},{"not_picked":["sneckomod:UnknownCommonAttack","sneckomod:DefensiveFlair"],"picked":"sneckomod:Rotation","floor":2.0},{"not_picked":["sneckomod:UnknownDraw","sneckomod:UnknownCommonSkill"],"picked":"sneckomod:SoulDraw","floor":3.0},{"not_picked":["sneckomod:DiceCrush","sneckomod:Unknown2Cost"],"picked":"sneckomod:WideSting","floor":5.0},{"not_picked":["sneckomod:UnknownDraw","sneckomod:DiceCrush"],"picked":"sneckomod:QuickBite","floor":6.0},{"not_picked":["sneckomod:Unknown1Cost","sneckomod:UnknownCommonAttack+1"],"picked":"sneckomod:UnknownRarePower","floor":8.0},{"not_picked":["sneckomod:MixItUp+1","sneckomod:DiceBoulder+1"],"picked":"sneckomod:UnknownCommonAttack+1","floor":9.0},{"not_picked":["sneckomod:RainOfDice+1","sneckomod:DiceCrush+1"],"picked":"sneckomod:Unknown1Cost","floor":10.0},{"not_picked":["sneckomod:UnknownX","sneckomod:SoulDraw"],"picked":"sneckomod:UnknownColorless","floor":12.0},{"not_picked":["sneckomod:UnknownDexterity","sneckomod:UnknownCommonSkill"],"picked":"sneckomod:IronFang+1","floor":14.0},{"not_picked":["sneckomod:UnknownClassGUARDIAN","sneckomod:SoulDraw"],"picked":"sneckomod:Unknown1Cost","floor":15}],"player_experience":1248457,"relics_obtained":[{"floor":8.0,"key":"Molten Egg 2"}],"event_choices":[{"damage_healed":22.0,"max_hp_gain":0.0,"max_hp_loss":0.0,"gold_gain":0.0,"event_name":"Mushrooms","player_choice":"Healed and dodged fight","floor":11.0,"gold_loss":0.0,"damage_taken":0.0,"cards_obtained":["Parasite"]}],"is_beta":false,"boss_relics":[],"items_purged_floors":[],"is_endless":false,"potions_floor_spawned":[3,8,10,15],"killed_by":"DF_ARCHETYPE_STREAMLINE","ascension_level":1}}