{"host":"qy1e0kd24tpj3i2m","time":1612216840,"event":{"mods":["Act Like it!","Alarm Clock","BaseMod","Better Skull","Better Vampires","Colored Map","Colored Powertips","Custom Start","Faster Ascension Climbing","Friendly Minions","GifTheSpireLib","Gremlin Skip","Highlight Path","Minty Spire (QoL Compilation)","Permanent Neow","Poor People Problems","Quick Restart","Red Circlet Mod","Relic Filter Mod","Relic Sorter","Reorder Act Four","SacredBarkPlus","Shop Mod","StSLib","SuperFastMode","Transform Curses","没有小屋子和绿帽子啦"],"gold_per_floor":[112,92,105,105,30,30,62,82,108,108,125,142,142,42,42,121,121,134,134,164,181,195,195,120,120,147,147,147,147,62,62,62],"floor_reached":31,"language":"ZHS","playtime":634,"items_purged":["Bash","Defend_R"],"score":462,"play_id":"72865398-07b9-40f1-8f88-75d024c24f0e","local_time":"20210202070040","is_ascension_mode":true,"campfire_choices":[{"floor":6.0,"key":"DIG"},{"floor":10.0,"key":"DIG"},{"floor":13.0,"key":"DIG"},{"floor":15.0,"key":"DIG"},{"floor":23,"key":"DIG"},{"floor":25,"key":"DIG"},{"floor":28,"key":"DIG"}],"circlet_count":0,"master_deck":["AscendersBane","Strike_R","Strike_R","Strike_R","Defend_R","Defend_R+1","Defend_R","Carnage","Reckless Charge","Iron Wave","Shrug It Off","Evolve","Berserk","Fire Breathing","Barricade","Shrug It Off+1","Thunderclap","Wild Strike","Decay"],"relics":["Burning Blood","Shovel","FaceOfCleric","Orichalcum","Ornamental Fan","Akabeko","Bronze Scales","Toy Ornithopter","Cursed Key","Red Mask","War Paint","Dream Catcher","Juzu Bracelet","Pen Nib","Ancient Tea Set"],"acts_visited":["Exordium","TheCity"],"potions_floor_usage":[20,22],"damage_taken":[{"damage":7.0,"enemies":"2 Louse","floor":1.0,"turns":4.0},{"damage":1.0,"enemies":"Cultist","floor":3.0,"turns":3.0},{"damage":23.0,"enemies":"Lagavulin","floor":7.0,"turns":7.0},{"damage":0.0,"enemies":"Small Slimes","floor":8.0,"turns":2.0},{"damage":2.0,"enemies":"3 Louse","floor":11.0,"turns":3.0},{"damage":9.0,"enemies":"Large Slime","floor":12.0,"turns":5.0},{"damage":33.0,"enemies":"Slime Boss","floor":16.0,"turns":7.0},{"damage":23.0,"enemies":"Spheric Guardian","floor":18.0,"turns":4.0},{"damage":34,"enemies":"Masked Bandits","floor":20,"turns":5},{"damage":8,"enemies":"3 Byrds","floor":21,"turns":3},{"damage":18,"enemies":"3 Cultists","floor":22,"turns":5},{"damage":15,"enemies":"Sentry and Sphere","floor":31,"turns":5}],"seed_played":"2328773222481741675","potions_obtained":[{"floor":1.0,"key":"DistilledChaos"},{"floor":2.0,"key":"Fire Potion"},{"floor":3.0,"key":"PowerPotion"},{"floor":8.0,"key":"Dexterity Potion"},{"floor":11.0,"key":"CultistPotion"},{"floor":18.0,"key":"FearPotion"},{"floor":21,"key":"BlessingOfTheForge"}],"is_trial":false,"path_per_floor":["M","?","M","?","$","R","E","M","T","R","M","M","R","$","R","B",null,"M","?","?","M","M","R","?","R","T","?","R","?","?","M"],"character_chosen":"IRONCLAD","items_purchased":[],"campfire_rested":0,"item_purchase_floors":[],"current_hp_per_floor":[67,67,68,68,68,68,52,59,59,59,64,62,62,62,62,41,65,49,49,27,26,20,20,20,20,20,20,20,20,20,5,5],"gold":62,"neow_bonus":"ONE_RARE_RELIC","is_daily":false,"chose_seed":false,"campfire_upgraded":0,"win_rate":0.0,"timestamp":1612216840,"path_taken":["M","?","?","?","$","R","E","M","T","R","M","?","R","$","R","BOSS","M","?","?","M","M","R","?","R","T","?","R","?","?","M"],"items_purchased_type":[],"build_version":"2020-12-22","purchased_purges":2,"victory":false,"max_hp_per_floor":[68,68,68,68,68,68,69,70,70,70,71,72,72,72,72,73,73,74,74,75,76,77,77,77,77,77,74,74,74,74,74,74],"card_choices":[{"not_picked":["Second Wind","Clash"],"picked":"Carnage","floor":1.0},{"not_picked":["Infernal Blade","Second Wind"],"picked":"Reckless Charge","floor":3.0},{"not_picked":["Heavy Blade","Sword Boomerang"],"picked":"Iron Wave","floor":7.0},{"not_picked":["Clash","Havoc"],"picked":"Shrug It Off","floor":8.0},{"not_picked":["Armaments","Flex","Anger"],"picked":"SKIP","floor":11.0},{"not_picked":["Seeing Red","Blood for Blood"],"picked":"Evolve","floor":12.0},{"not_picked":["Double Tap","Corruption"],"picked":"Berserk","floor":16.0},{"not_picked":["Armaments","Cleave","Twin Strike"],"picked":"SKIP","floor":18.0},{"not_picked":["Searing Blow","Flex"],"picked":"Barricade","floor":21},{"not_picked":["Heavy Blade","Cleave"],"picked":"Shrug It Off","floor":22}],"player_experience":976656,"relics_obtained":[{"floor":6.0,"key":"Orichalcum"},{"floor":7.0,"key":"Ornamental Fan"},{"floor":10.0,"key":"Akabeko"},{"floor":13.0,"key":"Bronze Scales"},{"floor":15.0,"key":"Toy Ornithopter"},{"floor":20,"key":"Red Mask"},{"floor":23,"key":"War Paint"},{"floor":25,"key":"Dream Catcher"},{"floor":26,"key":"Juzu Bracelet"},{"floor":28,"key":"Pen Nib"}],"event_choices":[{"damage_healed":0.0,"max_hp_gain":0.0,"max_hp_loss":0.0,"gold_gain":0.0,"event_name":"The Woman in Blue","player_choice":"Bought 1 Potion","floor":2.0,"gold_loss":0.0,"damage_taken":0.0},{"damage_healed":0.0,"max_hp_gain":0.0,"max_hp_loss":0.0,"gold_gain":0.0,"event_name":"FaceTrader","player_choice":"Trade","floor":4.0,"gold_loss":0.0,"damage_taken":0.0,"relics_obtained":["FaceOfCleric"]},{"damage_healed":0.0,"max_hp_gain":0.0,"max_hp_loss":0.0,"gold_gain":0.0,"event_name":"The Library","player_choice":"Read","floor":19.0,"gold_loss":0.0,"damage_taken":0.0,"cards_obtained":["Fire Breathing"]},{"damage_healed":0,"gold_gain":0,"player_choice":"Fought Bandits","damage_taken":0,"max_hp_gain":0,"max_hp_loss":0,"event_name":"Masked Bandits","floor":20,"gold_loss":0},{"cards_removed":["Strike_R"],"damage_healed":0,"gold_gain":0,"player_choice":"Gave Gold","damage_taken":0,"max_hp_gain":0,"max_hp_loss":0,"event_name":"Beggar","floor":24,"gold_loss":75},{"damage_healed":0,"gold_gain":0,"cards_transformed":["Parasite","Strike_R"],"player_choice":"Became Test Subject","damage_taken":0,"max_hp_gain":0,"max_hp_loss":0,"event_name":"Drug Dealer","floor":27,"gold_loss":0,"cards_obtained":["Thunderclap","Wild Strike"]},{"damage_healed":0,"gold_gain":0,"player_choice":"Smashed Altar","damage_taken":0,"max_hp_gain":0,"max_hp_loss":0,"event_name":"Forgotten Altar","floor":29,"gold_loss":0,"cards_obtained":["Decay"]},{"damage_healed":0,"gold_gain":0,"player_choice":"Obtained Relic","damage_taken":0,"relics_obtained":["Ancient Tea Set"],"max_hp_gain":0,"max_hp_loss":0,"event_name":"Addict","floor":30,"gold_loss":85}],"is_beta":false,"boss_relics":[{"not_picked":["Pandora\u0027s Box","Astrolabe"],"picked":"Cursed Key"}],"items_purged_floors":[5,14],"is_endless":false,"potions_floor_spawned":[1,3,8,11,18,21],"killed_by":"Sentry and Sphere","ascension_level":20}}