{"host":"2se5dq1do2gp0x9k","time":1612156207,"event":{"mods":["AchievementEnabler","BaseMod","Block Reminder","Colored Map","Colored Powertips","Minty Spire (QoL Compilation)","Relic Stats","StSLib","SuperFastMode"],"gold_per_floor":[112,112,122,139,159,159,189,201,213,258,270,310,322,353,365,450,462,484,507,22,72,72,72],"floor_reached":22,"language":"ENG","playtime":825,"items_purged":["Strike_G"],"score":458,"play_id":"c968f5bc-9c4b-4077-9988-daa0ace3c492","local_time":"20210131211007","is_ascension_mode":true,"campfire_choices":[{"data":"Dagger Spray","floor":6.0,"key":"SMITH"},{"data":"Blade Dance","floor":8.0,"key":"SMITH"},{"data":"Leg Sweep","floor":11,"key":"SMITH"},{"data":"Neutralize","floor":13,"key":"SMITH"},{"data":"Deflect","floor":15,"key":"SMITH"}],"circlet_count":0,"master_deck":["AscendersBane","Strike_G","Defend_G","Defend_G","Defend_G","Defend_G","Survivor","Neutralize+1","Choke+1","Corpse Explosion+1","Prepared+1","Blade Dance+1","Deflect+1","Sucker Punch","Dagger Spray+1","Leg Sweep+1","Heel Hook","Die Die Die","Cloak And Dagger","Footwork","Deadly Poison"],"relics":["Astrolabe","MawBank","Letter Opener","Ninja Scroll","Darkstone Periapt","SlaversCollar","Meat on the Bone"],"acts_visited":["Exordium","TheCity"],"potions_floor_usage":[10,18,18,19,22],"damage_taken":[{"damage":0.0,"enemies":"Small Slimes","floor":1.0,"turns":2.0},{"damage":1.0,"enemies":"Cultist","floor":3.0,"turns":3.0},{"damage":0.0,"enemies":"2 Louse","floor":4.0,"turns":3.0},{"damage":0.0,"enemies":"Looter","floor":5.0,"turns":4.0},{"damage":22.0,"enemies":"3 Sentries","floor":7.0,"turns":6.0},{"damage":1,"enemies":"Lagavulin","floor":10,"turns":6},{"damage":0,"enemies":"Gremlin Nob","floor":12,"turns":3},{"damage":0,"enemies":"Blue Slaver","floor":14,"turns":1},{"damage":17,"enemies":"The Guardian","floor":16,"turns":13},{"damage":22,"enemies":"Spheric Guardian","floor":18,"turns":7},{"damage":18,"enemies":"Chosen","floor":19,"turns":4},{"damage":8,"enemies":"Snake Plant","floor":22,"turns":3}],"seed_played":"1537214123427045113","potions_obtained":[{"floor":3.0,"key":"EntropicBrew"},{"floor":4.0,"key":"PowerPotion"},{"floor":18,"key":"PowerPotion"},{"floor":19,"key":"Explosive Potion"}],"is_trial":false,"path_per_floor":["M","?","M","M","M","R","E","R","T","E","R","E","R","M","R","B",null,"M","M","$","?","M"],"character_chosen":"THE_SILENT","items_purchased":["Footwork","Meat on the Bone","Deadly Poison"],"campfire_rested":0,"item_purchase_floors":[20,20,20],"current_hp_per_floor":[59,59,58,58,58,58,36,36,36,35,35,35,35,35,35,18,54,32,14,14,14,6,6],"gold":72,"neow_bonus":"BOSS_RELIC","is_daily":false,"chose_seed":false,"campfire_upgraded":5,"win_rate":0.0,"timestamp":1612156207,"path_taken":["M","?","M","M","?","R","E","R","T","E","R","E","R","M","R","BOSS","M","?","$","?","M"],"items_purchased_type":["Card","Relic","Card"],"build_version":"2020-12-22","purchased_purges":1,"victory":false,"max_hp_per_floor":[66,66,66,66,66,66,66,66,66,66,66,66,66,66,66,66,66,66,66,66,66,66,66],"relic_stats":{"Darkstone Periapt":0,"counters":[12,55],"Astrolabe":["Choke","Corpse Explosion","Prepared"],"Letter Opener":[32],"MawBank":156,"obtain_stats":[{"Darkstone Periapt":12,"SlaversCollar":17,"Ninja Scroll":10,"Astrolabe":0,"Letter Opener":9,"MawBank":7,"Ring of the Snake":0,"Meat on the Bone":20},{"Darkstone Periapt":7,"SlaversCollar":9,"Ninja Scroll":6,"Astrolabe":0,"Letter Opener":5,"MawBank":5,"Ring of the Snake":0,"Meat on the Bone":11},{"Darkstone Periapt":27,"SlaversCollar":41,"Ninja Scroll":24,"Astrolabe":0,"Letter Opener":18,"MawBank":18,"Ring of the Snake":0,"Meat on the Bone":52}],"Meat on the Bone":0},"card_choices":[{"not_picked":["Backflip","Noxious Fumes"],"picked":"Blade Dance","floor":1.0},{"not_picked":["Slice","Expertise"],"picked":"Deflect","floor":3.0},{"not_picked":["Predator","Accuracy"],"picked":"Sucker Punch","floor":4.0},{"not_picked":["Eviscerate","Setup"],"picked":"Dagger Spray","floor":5.0},{"not_picked":["Concentrate","Terror"],"picked":"Leg Sweep","floor":7.0},{"not_picked":["Underhanded Strike","Flechettes","Poisoned Stab"],"picked":"SKIP","floor":10},{"not_picked":["Bane","Underhanded Strike"],"picked":"Heel Hook","floor":12},{"not_picked":["Catalyst","Infinite Blades","Dodge and Roll"],"picked":"SKIP","floor":14},{"not_picked":["Glass Knife","Phantasmal Killer"],"picked":"Die Die Die","floor":16},{"not_picked":["Dagger Spray","Flechettes","Poisoned Stab"],"picked":"SKIP","floor":18},{"not_picked":["Expertise","Finisher"],"picked":"Cloak And Dagger","floor":19}],"player_experience":4035724,"relics_obtained":[{"floor":7.0,"key":"MawBank"},{"floor":9.0,"key":"Letter Opener"},{"floor":10,"key":"Ninja Scroll"},{"floor":12,"key":"Darkstone Periapt"}],"event_choices":[{"cards_removed":["Strike_G"],"damage_healed":0.0,"max_hp_gain":0.0,"max_hp_loss":0.0,"gold_gain":0.0,"event_name":"Purifier","player_choice":"Purged","floor":2.0,"gold_loss":0.0,"damage_taken":0.0},{"damage_healed":0,"gold_gain":50,"player_choice":"Stole From Cult","damage_taken":0,"max_hp_gain":0,"max_hp_loss":0,"event_name":"Nest","floor":21,"gold_loss":0}],"is_beta":false,"boss_relics":[{"not_picked":["Runic Dome","Busted Crown"],"picked":"SlaversCollar"}],"items_purged_floors":[20],"is_endless":false,"potions_floor_spawned":[3,4,7,18,19],"killed_by":"Snake Plant","ascension_level":20}}