{"host":"eemx8njkng76fu5x","time":1612211585,"event":{"mods":["2.2 Compatiblity","BaseMod","Colored Map","Downfall","Minty Spire (QoL Compilation)","Permanent Neow","StSLib","Unceasing Turn Reminder","Unknown Chances"],"gold_per_floor":[349,360,371,387,401,413,413,14,41,51,51,86,103,121,138,138,138,138],"floor_reached":16,"language":"ENG","playtime":738,"items_purged":["Guardian:Strike_Guardian"],"score":167,"play_id":"402de40f-3808-48aa-85c6-eadc1de209f1","local_time":"20210202043305","is_ascension_mode":true,"campfire_choices":[{"floor":1,"key":"RECALL"}],"circlet_count":0,"master_deck":["AscendersBane","Guardian:Strike_Guardian","Guardian:Strike_Guardian","Guardian:Strike_Guardian","Guardian:Defend_Guardian","Guardian:Defend_Guardian","Guardian:Defend_Guardian","Guardian:Defend_Guardian","Guardian:CurlUp","Guardian:TwinSlam","Guardian:PiercingHide","Guardian:Preprogram","Guardian:PiercingHide","Guardian:ShieldCharger","Guardian:PrismaticBarrier+1","Guardian:PiercingHide+1","Guardian:Gem_Orange","Guardian:Gem_Lightblue","Guardian:StasisEngine","Guardian:RollAttack","Guardian:Gem_Fragmented","Guardian:Gem_Red"],"relics":["Guardian:ModeShifter","Toxic Egg 2","Guardian:PickAxe","Guardian:BottledStasis","Bronze Scales","Bottled Lightning"],"acts_visited":["Exordium"],"potions_floor_usage":[13,16,16],"damage_taken":[{"damage":1,"enemies":"Cultist","floor":2,"turns":4},{"damage":2,"enemies":"Jaw Worm","floor":3,"turns":4},{"damage":12,"enemies":"Small Slimes","floor":4,"turns":5},{"damage":9,"enemies":"Blue Slaver","floor":5,"turns":5},{"damage":2,"enemies":"2 Fungi Beasts","floor":6,"turns":5},{"damage":0,"enemies":"downfall:FleeingMerchant","floor":8,"turns":4},{"damage":2,"enemies":"Exordium Thugs","floor":10,"turns":8},{"damage":20,"enemies":"Lagavulin","floor":12,"turns":12},{"damage":0,"enemies":"Lots of Slimes","floor":13,"turns":2},{"damage":0,"enemies":"Blue Slaver","floor":14,"turns":4},{"damage":0,"enemies":"Exordium Thugs","floor":15,"turns":6},{"damage":4,"enemies":"WA_ARCHETYPE_RETAIN","floor":16,"turns":5}],"seed_played":"-5886711447632819212","potions_obtained":[{"floor":3,"key":"FearPotion"},{"floor":4,"key":"LiquidBronze"},{"floor":6,"key":"Explosive Potion"},{"floor":13,"key":"BlessingOfTheForge"},{"floor":14,"key":"ColorlessPotion"}],"is_trial":false,"path_per_floor":["R","M","M","M","M","M","T","$","T","M","R","E","M","M","M","B"],"character_chosen":"GUARDIAN","items_purchased":["Guardian:PickAxe","Guardian:BottledStasis"],"campfire_rested":0,"item_purchase_floors":[8,8],"current_hp_per_floor":[51,50,48,36,27,25,25,25,25,23,23,3,3,3,3,0,0,0],"gold":138,"neow_bonus":"TWO_FIFTY_GOLD","is_daily":false,"chose_seed":false,"campfire_upgraded":0,"win_rate":0.0,"timestamp":1612211585,"path_taken":["R","M","M","?","M","M","T","?","?","M","R","E","M","?","M","BOSS"],"items_purchased_type":["Relic","Relic"],"build_version":"2020-12-22","purchased_purges":1,"victory":false,"max_hp_per_floor":[80,80,80,80,80,80,80,80,80,80,80,80,80,80,80,80,80,80],"card_choices":[{"not_picked":["Guardian:BronzeArmor","Guardian:TimeCapacitor"],"picked":"Guardian:PiercingHide","floor":2},{"not_picked":["Guardian:Gem_Red","Guardian:Planning"],"picked":"Guardian:Gem_Yellow","floor":3},{"not_picked":["Guardian:Gem_Cyan","Guardian:Reroute"],"picked":"Guardian:Preprogram","floor":4},{"not_picked":["Guardian:Reroute","Guardian:Incinerate"],"picked":"Guardian:PiercingHide","floor":5},{"not_picked":["Guardian:Gem_Red","Guardian:MultiBeam"],"picked":"Guardian:ShieldCharger","floor":6},{"not_picked":["Guardian:CompilePackage+1","Guardian:Gem_Cyan"],"picked":"Guardian:PrismaticBarrier+1","floor":8},{"not_picked":["Guardian:Gem_Lightblue","Guardian:VentSteam+1"],"picked":"Guardian:PiercingHide+1","floor":10},{"not_picked":["Guardian:RollAttack","Guardian:Repulse"],"picked":"Guardian:StasisEngine","floor":12},{"not_picked":["Guardian:TemporalStrike","Guardian:CrystalBeam"],"picked":"Guardian:RollAttack","floor":13},{"not_picked":["Guardian:Incinerate","Guardian:GuardianWhirl"],"picked":"Guardian:Gem_Fragmented","floor":14},{"not_picked":["Guardian:ChargeCore","Guardian:EvasiveProtocol"],"picked":"Guardian:Gem_Red","floor":15}],"player_experience":527993,"relics_obtained":[{"floor":7,"key":"Toxic Egg 2"},{"floor":9,"key":"Bronze Scales"},{"floor":12,"key":"Bottled Lightning"}],"event_choices":[],"is_beta":false,"boss_relics":[],"items_purged_floors":[8],"is_endless":false,"potions_floor_spawned":[3,4,6,12,13,14],"killed_by":"WA_ARCHETYPE_RETAIN","ascension_level":11}}