{"host":"3qkmyeoym75lj4wn","time":1612203233,"event":{"mods":["2.2 Compatiblity","BaseMod","Block Reminder","Colored Powertips","Highlight Path","Minty Spire (QoL Compilation)","Permanent Neow","Potion Indicator Mod","Rare Cards Sparkle","Relic Stats","StSLib","Unceasing Turn Reminder"],"gold_per_floor":[117,117,136,149,167,201,201,230,230,230,81,93,93,121,121,194,194,209,228,7,21,21,21,21],"floor_reached":23,"language":"ENG","playtime":1866,"items_purged":[],"score":422,"play_id":"6ffdb6e7-794f-4566-8fcc-b65a478196ae","local_time":"20210201181353","is_ascension_mode":true,"campfire_choices":[{"data":"Thunderclap","floor":13,"key":"SMITH"},{"data":"Spot Weakness","floor":15,"key":"SMITH"}],"circlet_count":0,"master_deck":["AscendersBane","Strike_R","Strike_R","Strike_R","Strike_R","Strike_R","Defend_R","Defend_R","Defend_R","Defend_R","Bash+1","Clothesline+1","Shrug It Off","Cleave","Thunderclap+1","Dropkick","Evolve","Good Instincts","Spot Weakness+1","Feed","CurseOfTheBell","Armaments+1","Ghostly Armor","Blood for Blood"],"relics":["Burning Blood","MealTicket","Peace Pipe","StoneCalendar","Magic Flower","Strawberry","Calling Bell","Akabeko","InkBottle","Ice Cream","PreservedInsect"],"acts_visited":["Exordium","TheCity"],"potions_floor_usage":[3,5,6,8,14,21,23,23],"damage_taken":[{"damage":4,"enemies":"Jaw Worm","floor":1,"turns":5},{"damage":4,"enemies":"Cultist","floor":3,"turns":3},{"damage":2,"enemies":"Small Slimes","floor":4,"turns":3},{"damage":1,"enemies":"Blue Slaver","floor":5,"turns":4},{"damage":27,"enemies":"3 Sentries","floor":6,"turns":8},{"damage":31,"enemies":"Gremlin Nob","floor":8,"turns":4},{"damage":8,"enemies":"Exordium Wildlife","floor":12,"turns":4},{"damage":22,"enemies":"3 Sentries","floor":14,"turns":5},{"damage":23,"enemies":"Slime Boss","floor":16,"turns":7},{"damage":45,"enemies":"Shell Parasite","floor":18,"turns":4},{"damage":10,"enemies":"Chosen","floor":19,"turns":6},{"damage":36,"enemies":"Centurion and Healer","floor":21,"turns":7},{"damage":56,"enemies":"Book of Stabbing","floor":23,"turns":5}],"seed_played":"-7731051836025404868","potions_obtained":[{"floor":2,"key":"Swift Potion"},{"floor":2,"key":"Block Potion"},{"floor":3,"key":"DistilledChaos"},{"floor":6,"key":"Regen Potion"},{"floor":19,"key":"Weak Potion"},{"floor":21,"key":"SpeedPotion"}],"is_trial":false,"path_per_floor":["M","?","M","M","M","E","?","E","T","?","$","M","R","E","R","B",null,"M","M","$","M","?","E"],"character_chosen":"IRONCLAD","items_purchased":["Good Instincts","PowerPotion","PreservedInsect","BloodPotion"],"campfire_rested":0,"item_purchase_floors":[11,11,20,20],"current_hp_per_floor":[70,70,72,75,75,54,36,23,23,23,38,39,39,33,33,19,66,30,34,49,53,53,0,0],"gold":21,"neow_bonus":"UPGRADE_CARD","is_daily":false,"chose_seed":false,"campfire_upgraded":2,"win_rate":0.0,"timestamp":1612203233,"path_taken":["M","?","M","?","M","E","?","E","T","?","?","?","R","E","R","BOSS","M","M","$","M","?","E"],"items_purchased_type":["Card","Potion","Relic","Potion"],"build_version":"2020-12-22","purchased_purges":0,"victory":false,"max_hp_per_floor":[75,75,75,75,75,75,75,75,75,75,75,75,75,82,82,82,82,82,85,85,88,88,88,88],"relic_stats":{"Peace Pipe":0,"counters":[13,65],"Magic Flower":[31],"MealTicket":30,"StoneCalendar":[126],"PreservedInsect":43,"obtain_stats":[{"Peace Pipe":7,"Calling Bell":17,"Ice Cream":17,"Strawberry":14,"Magic Flower":9,"MealTicket":6,"StoneCalendar":8,"PreservedInsect":20,"Burning Blood":0,"Akabeko":17,"InkBottle":17},{"Peace Pipe":5,"Calling Bell":9,"Ice Cream":9,"Strawberry":8,"Magic Flower":6,"MealTicket":5,"StoneCalendar":6,"PreservedInsect":11,"Burning Blood":0,"Akabeko":9,"InkBottle":9},{"Peace Pipe":23,"Calling Bell":43,"Ice Cream":43,"Strawberry":36,"Magic Flower":27,"MealTicket":23,"StoneCalendar":27,"PreservedInsect":53,"Burning Blood":0,"Akabeko":43,"InkBottle":43}],"Burning Blood":84,"InkBottle":[6]},"card_choices":[{"not_picked":["Sword Boomerang","Shrug It Off"],"picked":"Clothesline","floor":1},{"not_picked":["Battle Trance","Wild Strike"],"picked":"Shrug It Off","floor":3},{"not_picked":["Iron Wave","Havoc"],"picked":"Cleave","floor":4},{"not_picked":["Armaments","Shrug It Off"],"picked":"Thunderclap","floor":5},{"not_picked":["Double Tap","Havoc"],"picked":"Dropkick","floor":6},{"not_picked":["Cleave","Headbutt"],"picked":"Evolve","floor":8},{"not_picked":["Twin Strike","Burning Pact","Heavy Blade"],"picked":"SKIP","floor":12},{"not_picked":["Immolate","Intimidate"],"picked":"Spot Weakness","floor":14},{"not_picked":["Brutality","Fiend Fire"],"picked":"Feed","floor":16},{"not_picked":["Shrug It Off","Power Through"],"picked":"Armaments+1","floor":18},{"not_picked":["Warcry","Headbutt"],"picked":"Ghostly Armor","floor":19},{"not_picked":["Anger","Flex"],"picked":"Blood for Blood","floor":21}],"player_experience":1722071,"relics_obtained":[{"floor":6,"key":"MealTicket"},{"floor":8,"key":"StoneCalendar"},{"floor":9,"key":"Magic Flower"},{"floor":14,"key":"Strawberry"},{"floor":17,"key":"Akabeko"},{"floor":17,"key":"InkBottle"},{"floor":17,"key":"Ice Cream"}],"event_choices":[{"damage_healed":0,"gold_gain":0,"player_choice":"Got Potions","damage_taken":0,"max_hp_gain":0,"max_hp_loss":0,"event_name":"Lab","floor":2,"gold_loss":0},{"damage_healed":0,"gold_gain":0,"player_choice":"Success","damage_taken":18,"relics_obtained":["Peace Pipe"],"max_hp_gain":0,"max_hp_loss":0,"event_name":"Scrap Ooze","floor":7,"gold_loss":0},{"damage_healed":0,"gold_gain":0,"player_choice":"Grow","damage_taken":0,"max_hp_gain":0,"max_hp_loss":0,"event_name":"Living Wall","floor":10,"gold_loss":0,"cards_upgraded":["Clothesline"]},{"damage_healed":0,"gold_gain":0,"player_choice":"Ignored","damage_taken":0,"max_hp_gain":0,"max_hp_loss":0,"event_name":"Cursed Tome","floor":22,"gold_loss":0}],"is_beta":false,"boss_relics":[{"not_picked":["SacredBark","Ectoplasm"],"picked":"Calling Bell"}],"items_purged_floors":[],"is_endless":false,"potions_floor_spawned":[3,4,6,19,21],"killed_by":"Book of Stabbing","ascension_level":20}}