{"host":"oehe2dxjvdgux73m","time":1612207865,"event":{"mods":["AchievementEnabler","BaseMod","Colored Map","Colored Powertips","DeckTracker","Keyboard Shortcuts","Minty Spire (QoL Compilation)","Permanent Neow","Quick Restart","StSLib","SuperFastMode"],"gold_per_floor":[118,132,0,0,0,32,32,52,122,122,122,137,137,169,169,243,243,260,131,131,51,51],"floor_reached":21,"language":"KOR","playtime":446,"items_purged":["Strike_G","Skewer"],"score":370,"play_id":"c402793e-598e-41dd-9ad6-c13b4a06a087","local_time":"20210202043105","is_ascension_mode":true,"campfire_choices":[{"data":"Neutralize","floor":7.0,"key":"SMITH"},{"floor":11.0,"key":"REST"},{"data":"Noxious Fumes","floor":13.0,"key":"SMITH"},{"floor":15,"key":"REST"}],"circlet_count":0,"master_deck":["AscendersBane","Survivor+1","Neutralize+1","Blade Dance","Cloak And Dagger","Blade Dance","Corpse Explosion","Noxious Fumes+1","Backflip","Bullet Time","Venomology","Tactician","Deflect","Sucker Punch","Noxious Fumes","Skewer","Dodge and Roll","Acrobatics"],"relics":["Ring of the Snake","Singing Bowl","War Paint","Pantograph","Shovel","Pandora\u0027s Box"],"acts_visited":["Exordium","TheCity"],"potions_floor_usage":[14,18],"damage_taken":[{"damage":3.0,"enemies":"2 Louse","floor":1.0,"turns":3.0},{"damage":12.0,"enemies":"Jaw Worm","floor":2.0,"turns":4.0},{"damage":11.0,"enemies":"3 Sentries","floor":6.0,"turns":9.0},{"damage":0.0,"enemies":"Small Slimes","floor":8.0,"turns":3.0},{"damage":0.0,"enemies":"3 Louse","floor":12.0,"turns":2.0},{"damage":31,"enemies":"Gremlin Nob","floor":14,"turns":4},{"damage":34,"enemies":"Hexaghost","floor":16,"turns":10},{"damage":33,"enemies":"Shell Parasite","floor":18,"turns":6},{"damage":21,"enemies":"2 Thieves","floor":21,"turns":2}],"seed_played":"-7112110186335200684","potions_obtained":[{"floor":1.0,"key":"Fire Potion"},{"floor":2.0,"key":"CunningPotion"},{"floor":8.0,"key":"SkillPotion"}],"is_trial":false,"path_per_floor":["M","M","$","?","T","E","R","M","T","?","R","M","R","E","R","B",null,"M","$","?","M"],"character_chosen":"THE_SILENT","items_purchased":["Blade Dance","Acrobatics"],"campfire_rested":2,"item_purchase_floors":[3,19],"current_hp_per_floor":[56,44,44,44,44,33,33,35,35,16,34,34,34,3,21,12,50,17,17,17,0,0],"gold":51,"neow_bonus":"REMOVE_TWO","is_daily":false,"chose_seed":false,"campfire_upgraded":2,"win_rate":0.0,"timestamp":1612207865,"path_taken":["M","M","$","?","?","E","R","M","T","?","R","M","R","E","R","BOSS","M","$","?","M"],"items_purchased_type":["Card","Card"],"build_version":"2020-12-22","purchased_purges":2,"victory":false,"max_hp_per_floor":[60,60,60,60,60,60,60,62,62,62,62,62,62,62,62,62,62,62,62,62,62,62],"card_choices":[{"not_picked":["Expertise","Dagger Spray"],"picked":"Blade Dance","floor":1.0},{"not_picked":["Underhanded Strike","Choke"],"picked":"Cloak And Dagger","floor":2.0},{"not_picked":["Dodge and Roll","Dagger Throw"],"picked":"Corpse Explosion","floor":6.0},{"not_picked":["Bane","All Out Attack","Cloak And Dagger"],"picked":"Singing Bowl","floor":8.0},{"not_picked":["Flechettes","Eviscerate"],"picked":"Noxious Fumes","floor":12.0},{"not_picked":["Cloak And Dagger","Die Die Die"],"picked":"Backflip","floor":14},{"not_picked":["Wraith Form v2","Storm of Steel"],"picked":"Bullet Time","floor":16},{"not_picked":["Caltrops","Poisoned Stab"],"picked":"Dodge and Roll","floor":18}],"player_experience":349143,"relics_obtained":[{"floor":5.0,"key":"Singing Bowl"},{"floor":6.0,"key":"War Paint"},{"floor":9.0,"key":"Pantograph"},{"floor":14,"key":"Shovel"}],"event_choices":[{"damage_healed":0.0,"max_hp_gain":0.0,"max_hp_loss":0.0,"gold_gain":0.0,"event_name":"Liars Game","player_choice":"Ignored","floor":4.0,"gold_loss":0.0,"damage_taken":0.0},{"damage_healed":0.0,"max_hp_gain":0.0,"max_hp_loss":0.0,"gold_gain":0.0,"event_name":"Shining Light","player_choice":"Entered Light","floor":10.0,"gold_loss":0.0,"damage_taken":19.0,"cards_upgraded":["Defend_G","Survivor"]},{"damage_healed":0,"gold_gain":0,"player_choice":"Ignored","damage_taken":0,"max_hp_gain":0,"max_hp_loss":0,"event_name":"Cursed Tome","floor":20,"gold_loss":0}],"is_beta":false,"boss_relics":[{"not_picked":["Runic Dome","Tiny House"],"picked":"Pandora\u0027s Box"}],"items_purged_floors":[3,19],"is_endless":false,"potions_floor_spawned":[1,2,8],"killed_by":"2 Thieves","ascension_level":20}}