{"host":"5jyeqch4fosnsiz2","time":1612203382,"event":{"mods":["BaseMod","Bestiary","Colored Map","Colored Powertips","Filter the Spire","Minty Spire (QoL Compilation)","Relic Stats","StSLib","Waifu the Spire","ojb\u0027s Better Paths Mod","ojb\u0027s Info Mod"],"gold_per_floor":[117,131,81,81,101,101,101],"floor_reached":6,"language":"ENG","playtime":234,"items_purged":[],"score":36,"play_id":"4d003a99-b997-4f7f-b733-f6c2d4d0ae22","local_time":"20210201131622","is_ascension_mode":false,"campfire_choices":[],"circlet_count":0,"master_deck":["Strike_B","Strike_B","Strike_B","Defend_B","Defend_B","Defend_B","Zap","Fusion","Coolheaded","Rebound"],"relics":["Empty Cage","Golden Idol"],"acts_visited":["Exordium"],"potions_floor_usage":[],"damage_taken":[{"damage":5,"enemies":"Small Slimes","floor":1,"turns":4},{"damage":12,"enemies":"2 Louse","floor":2,"turns":3},{"damage":13,"enemies":"Jaw Worm","floor":5,"turns":5},{"damage":45,"enemies":"3 Sentries","floor":6,"turns":7}],"seed_played":"1762768241817836318","potions_obtained":[{"floor":1,"key":"SteroidPotion"}],"is_trial":false,"path_per_floor":["M","M","?","?","M","E"],"character_chosen":"DEFECT","items_purchased":[],"campfire_rested":0,"item_purchase_floors":[],"current_hp_per_floor":[70,58,58,58,45,0,0],"gold":101,"neow_bonus":"BOSS_RELIC","is_daily":false,"chose_seed":false,"campfire_upgraded":0,"win_rate":0.0,"timestamp":1612203382,"path_taken":["M","M","?","?","M","E"],"items_purchased_type":[],"build_version":"2020-12-22","purchased_purges":0,"victory":false,"max_hp_per_floor":[75,75,75,69,69,69,69],"relic_stats":{"counters":[4,19],"Golden Idol":4,"obtain_stats":[{"Golden Idol":4,"Cracked Core":0,"Empty Cage":0},{"Golden Idol":2,"Cracked Core":0,"Empty Cage":0},{"Golden Idol":7,"Cracked Core":0,"Empty Cage":0}]},"card_choices":[{"not_picked":["Rebound","Streamline"],"picked":"Fusion","floor":1},{"not_picked":["Force Field","Sweeping Beam"],"picked":"Coolheaded","floor":2},{"not_picked":["Gash","Sweeping Beam"],"picked":"Rebound","floor":5}],"player_experience":369473,"relics_obtained":[],"event_choices":[{"cards_removed":["Dualcast"],"damage_healed":0,"gold_gain":0,"player_choice":"Card Removal","damage_taken":0,"max_hp_gain":0,"max_hp_loss":0,"event_name":"The Cleric","floor":3,"gold_loss":50},{"damage_healed":0,"gold_gain":0,"player_choice":"Lose Max HP","damage_taken":0,"relics_obtained":["Golden Idol"],"max_hp_gain":0,"max_hp_loss":6,"event_name":"Golden Idol","floor":4,"gold_loss":0}],"is_beta":false,"boss_relics":[],"items_purged_floors":[],"is_endless":false,"potions_floor_spawned":[1],"killed_by":"3 Sentries","ascension_level":0}}