{"host":"h8cdlle7aepm4d8g","time":1612222967,"event":{"mods":["AchievementEnabler","BaseMod","Colored Powertips","Minty Spire (QoL Compilation)","Quick Restart","Relic Stats","StSLib"],"gold_per_floor":[119,50,50,69,69,108,108,143,143,163,186,186,213,234,234,354,354,375,393,492,516,516,516,557,569,634,682,694,725,758,795,807,819,819],"floor_reached":33,"language":"ENG","playtime":1080,"items_purged":[],"score":515,"play_id":"b975eea9-220d-410a-a5b2-7b1a2e074ba2","local_time":"20210201154247","is_ascension_mode":true,"campfire_choices":[{"data":"Choke","floor":7.0,"key":"SMITH"},{"data":"Skewer","floor":12.0,"key":"SMITH"},{"data":"Cloak And Dagger","floor":15.0,"key":"SMITH"},{"data":"Dodge and Roll","floor":23.0,"key":"SMITH"},{"data":"Malaise","floor":25.0,"key":"SMITH"},{"floor":28.0,"key":"REST"},{"data":"Blur","floor":32.0,"key":"SMITH"}],"circlet_count":0,"master_deck":["AscendersBane","Strike_G","Strike_G","Strike_G","Strike_G","Strike_G","Defend_G","Defend_G","Defend_G+1","Defend_G","Defend_G","Survivor+1","Neutralize","Dagger Spray","Choke+1","Cloak And Dagger+1","Blur+1","Skewer+1","Footwork","Footwork","Leg Sweep+1","Phantasmal Killer","Backflip","Dodge and Roll+1","Malaise+1","Crippling Poison","Accuracy"],"relics":["Ring of the Snake","NeowsBlessing","Golden Idol","Lizard Tail","Akabeko","StrikeDummy","Bag of Marbles","Sozu","MawBank","Omamori"],"acts_visited":["Exordium","TheCity"],"potions_floor_usage":[],"damage_taken":[{"damage":0.0,"enemies":"Cultist","floor":1.0,"turns":1.0},{"damage":0.0,"enemies":"Jaw Worm","floor":4.0,"turns":1.0},{"damage":0.0,"enemies":"Gremlin Nob","floor":6.0,"turns":1.0},{"damage":20.0,"enemies":"3 Sentries","floor":8.0,"turns":10.0},{"damage":0.0,"enemies":"2 Louse","floor":10.0,"turns":1.0},{"damage":0.0,"enemies":"Exordium Wildlife","floor":11.0,"turns":2.0},{"damage":0.0,"enemies":"Blue Slaver","floor":14.0,"turns":1.0},{"damage":28.0,"enemies":"The Guardian","floor":16.0,"turns":15.0},{"damage":4.0,"enemies":"Spheric Guardian","floor":18.0,"turns":6.0},{"damage":4.0,"enemies":"Chosen","floor":19.0,"turns":2.0},{"damage":12.0,"enemies":"Shelled Parasite and Fungi","floor":21.0,"turns":6.0},{"damage":32.0,"enemies":"Slavers","floor":24.0,"turns":6.0},{"damage":5.0,"enemies":"Book of Stabbing","floor":27.0,"turns":5.0},{"damage":0.0,"enemies":"Centurion and Healer","floor":29.0,"turns":6.0},{"damage":0.0,"enemies":"Chosen and Byrds","floor":30.0,"turns":3.0},{"damage":6.0,"enemies":"Snake Plant","floor":31.0,"turns":3.0},{"damage":53,"enemies":"Champ","floor":33,"turns":14}],"seed_played":"-4771135182719940258","potions_obtained":[{"floor":4.0,"key":"BlessingOfTheForge"},{"floor":8.0,"key":"Strength Potion"},{"floor":11.0,"key":"Dexterity Potion"}],"is_trial":false,"path_per_floor":["M","$","?","M","?","E","R","E","T","M","M","R","T","M","R","B",null,"M","M","?","M","?","R","E","R","T","E","R","M","M","M","R","B"],"character_chosen":"THE_SILENT","items_purchased":["Choke"],"campfire_rested":1,"item_purchase_floors":[2],"current_hp_per_floor":[63,63,49,49,49,49,49,29,29,29,29,29,29,29,29,1,49,45,41,41,29,29,29,32,32,32,27,46,46,46,40,40,0,0],"gold":819,"neow_bonus":"THREE_ENEMY_KILL","is_daily":false,"chose_seed":false,"campfire_upgraded":6,"win_rate":0.0,"timestamp":1612222967,"path_taken":["M","?","?","?","?","E","R","E","T","M","M","R","?","M","R","BOSS","M","M","?","M","?","R","E","R","T","E","R","?","M","?","R","BOSS"],"items_purchased_type":["Card"],"build_version":"2020-12-22","purchased_purges":0,"victory":false,"max_hp_per_floor":[70,70,70,70,65,65,65,65,65,65,65,65,65,65,65,65,65,65,65,65,65,65,65,65,65,65,65,65,65,65,65,65,65,65],"relic_stats":{"Sozu":3,"Lizard Tail":32,"counters":[17,83],"Golden Idol":93,"MawBank":108,"obtain_stats":[{"Sozu":17,"Lizard Tail":6,"NeowsBlessing":0,"Golden Idol":5,"Bag of Marbles":13,"Omamori":27,"StrikeDummy":9,"MawBank":24,"Akabeko":8,"Ring of the Snake":0},{"Sozu":8,"Lizard Tail":3,"NeowsBlessing":0,"Golden Idol":2,"Bag of Marbles":6,"Omamori":13,"StrikeDummy":4,"MawBank":12,"Akabeko":4,"Ring of the Snake":0},{"Sozu":32,"Lizard Tail":3,"NeowsBlessing":0,"Golden Idol":2,"Bag of Marbles":16,"Omamori":57,"StrikeDummy":13,"MawBank":52,"Akabeko":13,"Ring of the Snake":0}],"Ring of the Snake":[34]},"card_choices":[{"not_picked":["Deadly Poison","Reflex"],"picked":"Dagger Spray","floor":1.0},{"not_picked":["Deadly Poison","Footwork"],"picked":"Cloak And Dagger","floor":4.0},{"not_picked":["Cloak And Dagger","Distraction"],"picked":"Blur","floor":6.0},{"not_picked":["Flying Knee","Heel Hook"],"picked":"Skewer","floor":8.0},{"not_picked":["Acrobatics","Grand Finale"],"picked":"Footwork","floor":10.0},{"not_picked":["Noxious Fumes","Slice"],"picked":"Footwork","floor":11.0},{"not_picked":["Bane","Footwork"],"picked":"Leg Sweep","floor":14.0},{"not_picked":["Malaise","After Image"],"picked":"Phantasmal Killer","floor":16.0},{"not_picked":["Concentrate","Poisoned Stab"],"picked":"Backflip","floor":18.0},{"not_picked":["Deadly Poison","Escape Plan"],"picked":"Dodge and Roll","floor":19.0},{"not_picked":["Setup","Poisoned Stab","Riddle With Holes+1"],"picked":"SKIP","floor":21.0},{"not_picked":["Dodge and Roll","Expertise"],"picked":"Malaise","floor":24.0},{"not_picked":["Cloak And Dagger","Flying Knee"],"picked":"Crippling Poison","floor":27.0},{"not_picked":["Poisoned Stab","Quick Slash"],"picked":"Accuracy","floor":29.0},{"not_picked":["Backflip","Dagger Throw","Reflex"],"picked":"SKIP","floor":30.0},{"not_picked":["PiercingWail","Heel Hook","Prepared"],"picked":"SKIP","floor":31.0}],"player_experience":86953,"relics_obtained":[{"floor":6.0,"key":"Lizard Tail"},{"floor":8.0,"key":"Akabeko"},{"floor":9.0,"key":"StrikeDummy"},{"floor":13.0,"key":"Bag of Marbles"},{"floor":24.0,"key":"MawBank"},{"floor":27.0,"key":"Omamori"}],"event_choices":[{"damage_healed":0.0,"max_hp_gain":0.0,"max_hp_loss":0.0,"gold_gain":0.0,"event_name":"Shining Light","player_choice":"Entered Light","floor":3.0,"gold_loss":0.0,"damage_taken":14.0,"cards_upgraded":["Survivor","Defend_G"]},{"damage_healed":0.0,"max_hp_gain":0.0,"max_hp_loss":5.0,"gold_gain":0.0,"event_name":"Golden Idol","player_choice":"Lose Max HP","floor":5.0,"gold_loss":0.0,"damage_taken":0.0,"relics_obtained":["Golden Idol"]},{"damage_healed":0.0,"max_hp_gain":0.0,"max_hp_loss":0.0,"gold_gain":99.0,"event_name":"Nest","player_choice":"Stole From Cult","floor":20.0,"gold_loss":0.0,"damage_taken":0.0},{"damage_healed":0.0,"max_hp_gain":0.0,"max_hp_loss":0.0,"gold_gain":0.0,"event_name":"Upgrade Shrine","player_choice":"Upgraded","floor":22.0,"gold_loss":0.0,"damage_taken":0.0,"cards_upgraded":["Leg Sweep"]}],"is_beta":false,"boss_relics":[{"not_picked":["SacredBark","Snecko Eye"],"picked":"Sozu"}],"items_purged_floors":[],"is_endless":false,"potions_floor_spawned":[4,8,11,19,24,30],"killed_by":"Champ","ascension_level":12}}