{"host":"po0gzr6h085cygwo","time":1612192813,"event":{"mods":["AchievementEnabler","BaseMod","Colored Map","KOR Keyword Fix","Minty Spire (QoL Compilation)","Rare Cards Sparkle","Replay The Spire","StSLib","SuperFastMode"],"gold_per_floor":[99,114,126,144,162,162,91,91,142,142,155,172,172,29,29,134,134,153,171,181,198,214,214,214,214,214,214,214,214,233,246,246,348,348,361,375,386,386,386],"floor_reached":38,"language":"KOR","playtime":1051,"items_purged":[],"score":647,"play_id":"75eb0d0c-fe15-4898-ad87-5a35828d5e7f","local_time":"20210202002013","daily_mods":["Vintage","Heirloom","Flight"],"is_ascension_mode":false,"campfire_choices":[{"data":"Searing Blow+1","floor":6.0,"key":"SMITH"},{"data":"Searing Blow+1","floor":8.0,"key":"SMITH"},{"data":"Searing Blow+2","floor":10.0,"key":"SMITH"},{"data":"Corruption","floor":13.0,"key":"SMITH"},{"data":"Searing Blow+3","floor":15.0,"key":"SMITH"},{"data":"Searing Blow+4","floor":23.0,"key":"SMITH"},{"data":"Searing Blow+5","floor":24.0,"key":"SMITH"},{"data":"Searing Blow+6","floor":25.0,"key":"SMITH"},{"data":"Searing Blow+7","floor":27.0,"key":"SMITH"},{"data":"Searing Blow+8","floor":28.0,"key":"SMITH"},{"data":"Searing Blow+8","floor":29.0,"key":"SMITH"},{"data":"Searing Blow+10","floor":32.0,"key":"SMITH"}],"circlet_count":0,"master_deck":["Searing Blow+14","Searing Blow+11","Corruption+1","LessonLearned+1","LessonLearned+1","Replay:Many Hands+1","Injury","Double Tap+1"],"relics":["Unceasing Top","Lizard Tail","Art of War","ReplayFunnel","Black Blood","Anchor","Centennial Puzzle","ReplayTheSpireMod:Lightbulb","Incense Burner","ReplayTheSpireMod:Spearhead","Membership Card","Replay:Ancient Bell","Omamori","White Beast Statue","Pondfish Scales","Thread and Needle","CaptainsWheel","Blood Vial","Mercury Hourglass","Toxic Egg 2","ReplayTheSpireMod:Ninjato","Red Skull","Chameleon Ring","Philosopher\u0027s Stone","Replay:Bottled Eggs","Darkstone Periapt","HornCleat"],"acts_visited":["Exordium","TheCity","TheBeyond"],"potions_floor_usage":[],"damage_taken":[{"damage":7.0,"enemies":"2 Louse","floor":2.0,"turns":2.0},{"damage":18.0,"enemies":"Jaw Worm","floor":3.0,"turns":3.0},{"damage":7.0,"enemies":"Cultist","floor":4.0,"turns":4.0},{"damage":11.0,"enemies":"3 Louse","floor":5.0,"turns":5.0},{"damage":6.0,"enemies":"Looter","floor":11.0,"turns":3.0},{"damage":3.0,"enemies":"Blue Slaver","floor":12.0,"turns":3.0},{"damage":61.0,"enemies":"The Guardian","floor":16.0,"turns":9.0},{"damage":9.0,"enemies":"Chosen","floor":18.0,"turns":5.0},{"damage":56.0,"enemies":"3 Byrds","floor":19.0,"turns":5.0},{"damage":0.0,"enemies":"Snecko","floor":20.0,"turns":3.0},{"damage":18.0,"enemies":"Shelled Parasite and Fungi","floor":21.0,"turns":6.0},{"damage":2.0,"enemies":"Centurion and Healer","floor":22.0,"turns":4.0},{"damage":0.0,"enemies":"Cultist and Chosen","floor":30.0,"turns":3.0},{"damage":0.0,"enemies":"Snecko","floor":31.0,"turns":2.0},{"damage":0.0,"enemies":"Champ","floor":33.0,"turns":4.0},{"damage":2.0,"enemies":"3 Darklings","floor":35.0,"turns":5.0},{"damage":0.0,"enemies":"Orb Walker","floor":36.0,"turns":1.0},{"damage":0.0,"enemies":"Spire Growth","floor":37.0,"turns":3.0},{"damage":0,"enemies":"Sphere and 2 Shapes","floor":38,"turns":1}],"seed_played":"4924051763761114956","potions_obtained":[{"floor":4.0,"key":"PowerPotion"},{"floor":5.0,"key":"FairyPotion"},{"floor":16.0,"key":"ElixirPotion"},{"floor":19.0,"key":"Doom Potion"}],"is_trial":true,"path_per_floor":["?","M","M","M","M","R","$","R","T","R","M","M","R","$","R","B",null,"M","M","M","M","M","R","R","R","T","R","R","R","M","M","R","B",null,"M","M","M","M"],"character_chosen":"IRONCLAD","items_purchased":["Corruption","Membership Card"],"campfire_rested":0,"item_purchase_floors":[7,14],"current_hp_per_floor":[80,73,55,60,61,61,61,61,61,61,67,76,76,76,76,27,80,80,36,48,44,56,56,56,56,56,56,56,56,70,80,80,80,80,80,80,80,80,80],"gold":386,"neow_bonus":"","is_daily":false,"chose_seed":false,"campfire_upgraded":12,"win_rate":0.0,"timestamp":1612192813,"path_taken":["?","M","M","M","M","R","$","R","T","R","M","M","R","$","R","BOSS","M","M","M","M","M","R","R","R","T","R","R","R","M","M","R","BOSS","M","M","M","M"],"items_purchased_type":["Card","Relic"],"build_version":"2020-12-22","purchased_purges":0,"victory":false,"max_hp_per_floor":[80,80,80,80,80,80,80,80,80,80,80,80,80,80,80,80,80,80,80,80,80,80,80,80,80,80,80,80,80,80,80,80,80,80,80,80,80,80,80],"card_choices":[{"not_picked":["Reaper","Juggernaut"],"picked":"Replay:Many Hands","floor":16.0},{"not_picked":["ReplayTheSpireMod:Splinters","Shame"],"picked":"Doubt","floor":17.0},{"not_picked":["ReplayTheSpireMod:IOU","ReplayTheSpireMod:Faulty Equipment"],"picked":"Writhe","floor":17.0},{"not_picked":["ReplayTheSpireMod:IOU","Languid"],"picked":"Injury","floor":17.0},{"not_picked":["Brutality","Demonic Infusion+1"],"picked":"Double Tap+1","floor":33.0}],"player_experience":87382,"relics_obtained":[{"floor":2.0,"key":"Art of War"},{"floor":3.0,"key":"ReplayFunnel"},{"floor":4.0,"key":"Anchor"},{"floor":5.0,"key":"Centennial Puzzle"},{"floor":9.0,"key":"ReplayTheSpireMod:Lightbulb"},{"floor":11.0,"key":"Incense Burner"},{"floor":12.0,"key":"ReplayTheSpireMod:Spearhead"},{"floor":18.0,"key":"Thread and Needle"},{"floor":19.0,"key":"CaptainsWheel"},{"floor":20.0,"key":"Blood Vial"},{"floor":21.0,"key":"Mercury Hourglass"},{"floor":22.0,"key":"Toxic Egg 2"},{"floor":26.0,"key":"ReplayTheSpireMod:Ninjato"},{"floor":30.0,"key":"Red Skull"},{"floor":31.0,"key":"Chameleon Ring"},{"floor":35.0,"key":"Replay:Bottled Eggs"},{"floor":36.0,"key":"Darkstone Periapt"},{"floor":37.0,"key":"HornCleat"}],"event_choices":[],"is_beta":false,"boss_relics":[{"not_picked":["Abe\u0027s Treasure","Astrolabe"],"picked":"Replay:Ancient Bell"},{"not_picked":["Happy Flower","MealTicket"],"picked":"Omamori"},{"not_picked":["Eternal Feather","Replay:Accelerometer"],"picked":"White Beast Statue"},{"not_picked":["Gambling Chip","Calipers"],"picked":"Pondfish Scales"},{"not_picked":["Runic Cube","Snecko Heart"],"picked":"Philosopher\u0027s Stone"}],"items_purged_floors":[],"is_endless":true,"potions_floor_spawned":[4,5,16,18,19,20,21,22,30,31,33,35,36,37],"killed_by":"Sphere and 2 Shapes","ascension_level":0}}