{"host":"87mnajev72vv2sjg","time":1612141854,"event":{"mods":["BaseMod","BetterRewards","Colored Map","Curses Come First","Infinite Spire","Minty Spire (QoL Compilation)","Shop Mod","StSLib","SuperFastMode","The Gatherer"],"gold_per_floor":[115,127,141,154,329,329,358,369,369,396,120,147,147,165,165,261,261,261,272,272,371,371,371,371,371,371,371,371,394,406,431,431,538,588,604,630,656,656,669,696,712,60,112,147,163,163,163,177,177,177],"floor_reached":51,"language":"ENG","playtime":2126,"items_purged":["Doubt","Gatherer:GlowingPlant","Gatherer:Strike_Gatherer+1","Gatherer:Strike_Gatherer+1"],"score":911,"play_id":"fddc63af-83a2-415c-bb5d-54b5de202c59","local_time":"20210131201054","is_ascension_mode":true,"metric_token":657,"campfire_choices":[{"data":"Gatherer:Centralize","floor":6,"key":"SMITH"},{"floor":13,"key":"REST"},{"floor":15,"key":"REST"},{"data":"infinitespire:NeuralNetwork","floor":23,"key":"SMITH"},{"floor":25,"key":"REST"},{"data":"Gatherer:Liquidism","floor":27,"key":"SMITH"},{"floor":32,"key":"REST"},{"floor":49,"key":"REST"}],"circlet_count":0,"master_deck":["Gatherer:Strike_Gatherer+1","Gatherer:Strike_Gatherer+1","Gatherer:Defend_Gatherer+1","Gatherer:Defend_Gatherer+1","Gatherer:Defend_Gatherer+1","Gatherer:Defend_Gatherer+1","Gatherer:Defend_Gatherer+1","Gatherer:Centralize+1","Gatherer:FlowerWhip+1","Gatherer:Shadow","Gatherer:Light","Gatherer:ScherryThrow","Gatherer:FlowerBeam","Gatherer:BomberForm","Gatherer:Snatch","Gatherer:AlchemyTrial","Bandage Up","Gatherer:Liquidism+1","Gatherer:MindSearch","Gatherer:AlchemyTrial","infinitespire:NeuralNetwork+1","infinitespire:FutureSight","Gatherer:AlchemyTrial","Gatherer:MindSearch","Gatherer:AlchemyTrial","Gatherer:SaveValuables","Gatherer:RecipeChange"],"relics":["Gatherer:MiracleBag","NeowsBlessing","Dream Catcher","infinitespire:Lychee Nut","infinitespire:BottledMercury","Gatherer:Leftovers","Gatherer:ExplorersPath","Singing Bowl","Bottled Tornado","Lantern","CeramicFish","Tiny House","Vajra","Prayer Wheel","MerchantsRug","Chemical X","Smiling Mask","Pocketwatch"],"acts_visited":["Exordium","TheCity","TheBeyond"],"potions_floor_usage":[10,12,14,14,14,14,16,18,19,30,33,36,36,36,37,37,39,41,44,45,46,48,50],"damage_taken":[{"damage":0,"enemies":"Jaw Worm","floor":1,"turns":1},{"damage":0,"enemies":"Small Slimes","floor":2,"turns":1},{"damage":0,"enemies":"2 Louse","floor":3,"turns":1},{"damage":2,"enemies":"Large Slime","floor":4,"turns":8},{"damage":15,"enemies":"Gremlin Nob","floor":7,"turns":4},{"damage":5,"enemies":"Looter","floor":8,"turns":3},{"damage":19,"enemies":"3 Sentries","floor":10,"turns":6},{"damage":34,"enemies":"Gremlin Nob","floor":12,"turns":5},{"damage":0,"enemies":"3 Louse","floor":14,"turns":1},{"damage":52,"enemies":"Slime Boss","floor":16,"turns":10},{"damage":0,"enemies":"3 Byrds","floor":18,"turns":1},{"damage":5,"enemies":"Chosen","floor":19,"turns":4},{"damage":26,"enemies":"Shelled Parasite and Fungi","floor":30,"turns":5},{"damage":40,"enemies":"Book of Stabbing","floor":31,"turns":4},{"damage":0,"enemies":"Collector","floor":33,"turns":5},{"damage":15,"enemies":"Orb Walker","floor":35,"turns":4},{"damage":3,"enemies":"3 Shapes","floor":36,"turns":4},{"damage":9,"enemies":"Spire Growth","floor":37,"turns":5},{"damage":16,"enemies":"Jaw Worm Horde","floor":39,"turns":3},{"damage":28,"enemies":"Giant Head","floor":40,"turns":8},{"damage":1,"enemies":"4 Shapes","floor":41,"turns":5},{"damage":18,"enemies":"Nemesis","floor":44,"turns":7},{"damage":32,"enemies":"Sphere and 2 Shapes","floor":45,"turns":6},{"damage":0,"enemies":"Writhing Mass","floor":46,"turns":1},{"damage":9,"enemies":"Spire Growth","floor":48,"turns":5},{"damage":46,"enemies":"Time Eater","floor":50,"turns":6}],"seed_played":"4906788694188415465","potions_obtained":[{"floor":3,"key":"GamblersBrew"},{"floor":4,"key":"Ancient Potion"},{"floor":8,"key":"CultistPotion"},{"floor":10,"key":"PowerPotion"},{"floor":12,"key":"EntropicBrew"},{"floor":31,"key":"SteroidPotion"},{"floor":34,"key":"LiquidBronze"},{"floor":37,"key":"LiquidBronze"},{"floor":44,"key":"FearPotion"},{"floor":48,"key":"LiquidBronze"}],"is_trial":false,"path_per_floor":["M","M","M","M","?","R","E","M","T","E","$","E","R","M","R","B",null,"M","M","?","?","AVR","R","?","R","T","R","?","T","M","E","R","B",null,"M","M","M","AVR","M","E","M","$","T","E","M","M","?","M","R","B",null],"character_chosen":"THE_GATHERER","items_purchased":["Gatherer:Snatch","Gatherer:AlchemyTrial","Bandage Up","Gatherer:RecipeChange","Prayer Wheel","MerchantsRug","Chemical X"],"campfire_rested":5,"item_purchase_floors":[11,11,11,42,42,42,42],"current_hp_per_floor":[72,72,72,70,70,70,55,50,50,36,36,12,28,31,47,2,54,54,49,36,36,36,36,36,54,54,54,54,54,39,11,31,41,69,63,66,65,65,56,40,51,51,51,45,27,27,27,32,60,24],"gold":177,"neow_bonus":"THREE_ENEMY_KILL","is_daily":false,"chose_seed":false,"campfire_upgraded":3,"win_rate":0.0,"timestamp":1612141854,"path_taken":["M","M","M","M","?","R","E","M","T","E","$","E","R","M","R","BOSS","M","M","?","?","AVR","R","?","R","T","R","?","?","?","E","R","BOSS","M","M","M","AVR","M","E","M","$","T","E","M","M","?","M","R","BOSS"],"items_purchased_type":["Card","Card","Card","Card","Relic","Relic","Relic"],"build_version":"2020-12-22","purchased_purges":4,"victory":true,"max_hp_per_floor":[72,72,72,72,72,72,72,72,54,54,54,54,54,54,54,54,54,54,54,54,54,54,54,54,56,56,56,56,56,58,60,62,62,69,71,71,71,71,73,75,77,77,77,79,83,83,83,87,89,89],"card_choices":[{"not_picked":["Gatherer:WoolGloves","Gatherer:Duplicator","Gatherer:PotentialSlash"],"picked":"SKIP","floor":1},{"not_picked":["Gatherer:SaveValuables","Gatherer:WoolGloves","Gatherer:Polymorphism"],"picked":"SKIP","floor":2},{"not_picked":["Gatherer:FragileHammer","Gatherer:Overflowing"],"picked":"Gatherer:GlowingPlant","floor":3},{"not_picked":["Gatherer:OddSpoils","Gatherer:WoolGloves"],"picked":"Gatherer:ScherryThrow","floor":4},{"not_picked":["Gatherer:FragileHammer","Gatherer:EnergyBasket"],"picked":"Gatherer:FlowerBeam","floor":7},{"not_picked":["Gatherer:Duality","Gatherer:EnergyBasket","Gatherer:SmartManeuver"],"picked":"SKIP","floor":8},{"not_picked":["Gatherer:SaveValuables","Gatherer:CarefulStrike"],"picked":"Gatherer:BomberForm","floor":10},{"not_picked":["Gatherer:Frenzy","Gatherer:SealedBomb","Gatherer:FlowerShield"],"picked":"SKIP","floor":12},{"not_picked":["Gatherer:SealedBomb","Gatherer:CollectorsShot","Gatherer:PotentialSlash"],"picked":"SKIP","floor":14},{"not_picked":["Gatherer:UpgradeBag","Gatherer:FlowerBeam"],"picked":"Gatherer:Liquidism","floor":15},{"not_picked":["Gatherer:ColorfulGarden","Gatherer:LuckyClover"],"picked":"Gatherer:MindSearch","floor":16},{"not_picked":["Gatherer:Convert+1","Gatherer:EchoOfNature"],"picked":"Gatherer:AlchemyTrial","floor":19},{"not_picked":["infinitespire:FinalStrike","infinitespire:FutureSight"],"picked":"infinitespire:NeuralNetwork","floor":20},{"not_picked":["Gatherer:BambuSword","Gatherer:GatherMaterial","Gatherer:TacticalStrike"],"picked":"Singing Bowl","floor":25},{"not_picked":["Gatherer:MiningStrike","Gatherer:WoolGloves+1","Gatherer:BigPouch"],"picked":"Singing Bowl","floor":30},{"not_picked":["Gatherer:FlowerBeam","Gatherer:Transmute+1","Gatherer:ScrollOfWall"],"picked":"Singing Bowl","floor":31},{"not_picked":["Gatherer:FlowerShield+1","Gatherer:FruitForce","Gatherer:CarefulStrike"],"picked":"Singing Bowl","floor":32},{"not_picked":["Gatherer:FinishingStrike","Gatherer:Photoscythe"],"picked":"Gatherer:MindSearch","floor":33},{"not_picked":["Gatherer:OddSpoils","Gatherer:CarefulStrike","Gatherer:WoolGloves"],"picked":"Singing Bowl","floor":34},{"not_picked":["Gatherer:EchoOfNature+1","Gatherer:FragileHammer","Gatherer:Pollute+1"],"picked":"Singing Bowl","floor":35},{"not_picked":["Gatherer:ScentOfRosmari+1","Gatherer:TreeGrowth"],"picked":"Gatherer:AlchemyTrial","floor":36},{"not_picked":["Gatherer:FragileHammer","Gatherer:VenomBarrier+1"],"picked":"Gatherer:SaveValuables","floor":37},{"not_picked":["Gatherer:BlackTea","Gatherer:VenomBarrier+1","Gatherer:FlowerPower+1"],"picked":"Singing Bowl","floor":39},{"not_picked":["Gatherer:FlowerShield","Gatherer:GatherMaterial+1","Gatherer:Frenzy+1"],"picked":"Singing Bowl","floor":40},{"not_picked":["Gatherer:FlowerFalling+1","Gatherer:FragileHammer","Gatherer:BambuSword+1"],"picked":"Singing Bowl","floor":41},{"not_picked":["Gatherer:CarefulStrike","Gatherer:ScentOfRosmari+1","Gatherer:ScherryThrow+1"],"picked":"Singing Bowl","floor":44},{"not_picked":["Gatherer:Convert+1","Gatherer:DrugPower","Gatherer:Misfortune+1"],"picked":"Singing Bowl","floor":45},{"not_picked":["Gatherer:PotentialSlash+1","Gatherer:ColorfulGarden","Gatherer:TreeGrowth+1"],"picked":"Singing Bowl","floor":45},{"not_picked":["Gatherer:ScrollOfWall","Gatherer:FlowerFalling+1","Gatherer:Duplicator+1"],"picked":"Singing Bowl","floor":48},{"not_picked":["Gatherer:DrugPower+1","Gatherer:Duplicator","Gatherer:VenomBarrier"],"picked":"Singing Bowl","floor":48},{"not_picked":["Gatherer:FeelingFine","Gatherer:RecoveryHerb","Gatherer:Enchant+1"],"picked":"Singing Bowl","floor":49}],"player_experience":334722,"relics_obtained":[{"floor":7,"key":"Dream Catcher"},{"floor":9,"key":"infinitespire:Lychee Nut"},{"floor":10,"key":"infinitespire:BottledMercury"},{"floor":12,"key":"Gatherer:Leftovers"},{"floor":26,"key":"Bottled Tornado"},{"floor":29,"key":"Lantern"},{"floor":31,"key":"CeramicFish"},{"floor":40,"key":"Vajra"},{"floor":43,"key":"Smiling Mask"},{"floor":44,"key":"Pocketwatch"}],"event_choices":[{"damage_healed":0,"gold_gain":175,"player_choice":"AGREE","damage_taken":0,"max_hp_gain":0,"max_hp_loss":0,"event_name":"Liars Game","floor":5,"gold_loss":0,"cards_obtained":["Doubt"]},{"damage_healed":0,"gold_gain":99,"player_choice":"Stole From Cult","damage_taken":0,"max_hp_gain":0,"max_hp_loss":0,"event_name":"Nest","floor":21,"gold_loss":0},{"damage_healed":0,"gold_gain":0,"player_choice":"Simplicity","damage_taken":0,"max_hp_gain":0,"max_hp_loss":0,"event_name":"Back to Basics","floor":24,"gold_loss":0,"cards_upgraded":["Gatherer:Strike_Gatherer","Gatherer:Strike_Gatherer","Gatherer:Strike_Gatherer","Gatherer:Strike_Gatherer","Gatherer:Strike_Gatherer","Gatherer:Defend_Gatherer","Gatherer:Defend_Gatherer","Gatherer:Defend_Gatherer","Gatherer:Defend_Gatherer","Gatherer:Defend_Gatherer"]},{"damage_healed":0,"gold_gain":0,"player_choice":"Read","damage_taken":0,"max_hp_gain":0,"max_hp_loss":0,"event_name":"The Library","floor":28,"gold_loss":0,"cards_obtained":["Gatherer:AlchemyTrial"]},{"cards_removed":["Gatherer:Strike_Gatherer"],"damage_healed":0,"gold_gain":0,"player_choice":"Removed Attack","damage_taken":0,"max_hp_gain":0,"max_hp_loss":0,"event_name":"Falling","floor":47,"gold_loss":0}],"is_beta":false,"boss_relics":[{"not_picked":["Pandora\u0027s Box","Empty Cage"],"picked":"Gatherer:MiracleBag"},{"not_picked":["Velvet Choker","Snecko Eye"],"picked":"Tiny House"}],"items_purged_floors":[11,22,38,42],"is_endless":false,"potions_floor_spawned":[3,4,8,10,12,18,31,35,37,44,46,48],"ascension_level":1}}