{"host":"vex7walpoxzv48nx","time":1612203788,"event":{"mods":["AchievementEnabler","BaseMod","Bestiary","Minty Spire (QoL Compilation)","Permanent Neow","Quick Restart","Relic Stats","UnlockEverythingMod"],"gold_per_floor":[116,116,128,193,34,34,68,78,78,91,103,103,103,103,103],"floor_reached":14,"language":"ENG","playtime":816,"items_purged":["Strike_P"],"score":180,"play_id":"8e94331d-6df3-428a-88d2-07136ada9ed9","local_time":"20210201192308","daily_mods":["Heirloom","Uncertain Future","Terminal"],"is_ascension_mode":true,"campfire_choices":[{"data":"BattleHymn","floor":6.0,"key":"SMITH"},{"data":"Defend_P","floor":12,"key":"PURGE"}],"circlet_count":0,"master_deck":["AscendersBane","Strike_P","Strike_P","Strike_P","Defend_P","Defend_P","Defend_P+1","Eruption+1","Vigilance+1","WheelKick+1","SashWhip","BattleHymn+1","LessonLearned","FlyingSleeves","ThirdEye","Crescendo"],"relics":["PureWater","Peace Pipe","Ginger","Sundial"],"acts_visited":["Exordium"],"potions_floor_usage":[10,14,14],"damage_taken":[{"damage":0.0,"enemies":"Small Slimes","floor":1.0,"turns":3.0},{"damage":0.0,"enemies":"2 Louse","floor":3.0,"turns":2.0},{"damage":11,"enemies":"Gremlin Nob","floor":7,"turns":3},{"damage":5,"enemies":"Jaw Worm","floor":8,"turns":3},{"damage":0,"enemies":"Blue Slaver","floor":10,"turns":3},{"damage":10,"enemies":"Looter","floor":11,"turns":2},{"damage":0,"enemies":"Lagavulin","floor":14,"turns":2}],"seed_played":"-7592125392405670566","potions_obtained":[{"floor":1.0,"key":"StancePotion"},{"floor":8,"key":"FearPotion"},{"floor":10,"key":"Regen Potion"}],"is_trial":true,"path_per_floor":["M","?","M","?","$","R","E","M","T","M","M","R","?","E"],"character_chosen":"WATCHER","items_purchased":["BattleHymn"],"campfire_rested":0,"item_purchase_floors":[5],"current_hp_per_floor":[61,61,61,61,61,61,50,45,45,45,35,35,40,45,45],"gold":103,"neow_bonus":"","is_daily":false,"chose_seed":false,"campfire_upgraded":1,"win_rate":0.0,"timestamp":1612203788,"path_taken":["M","?","M","?","$","R","E","M","T","M","M","R","?","E"],"items_purchased_type":["Card"],"build_version":"2020-12-22","purchased_purges":1,"victory":false,"max_hp_per_floor":[66,65,64,63,62,61,60,59,58,57,56,55,59,59,59],"relic_stats":{"Peace Pipe":1,"counters":[7,18],"Sundial":[0],"Ginger":[0],"obtain_stats":[{"Peace Pipe":0,"Sundial":9,"Ginger":7,"PureWater":0},{"Peace Pipe":0,"Sundial":4,"Ginger":3,"PureWater":0},{"Peace Pipe":0,"Sundial":11,"Ginger":8,"PureWater":0}]},"card_choices":[{"not_picked":["JustLucky","SashWhip"],"picked":"WheelKick","floor":1.0},{"not_picked":["CrushJoints","FollowUp"],"picked":"SashWhip","floor":3.0},{"not_picked":["EmptyBody","JustLucky"],"picked":"LessonLearned","floor":7},{"not_picked":["EmptyFist","Collect"],"picked":"FlyingSleeves","floor":8},{"not_picked":["BowlingBash","SashWhip"],"picked":"ThirdEye","floor":10},{"not_picked":["ThirdEye","Perseverance"],"picked":"Crescendo","floor":11}],"player_experience":255055,"relics_obtained":[{"floor":7,"key":"Ginger"},{"floor":9,"key":"Sundial"}],"event_choices":[{"damage_healed":0.0,"max_hp_gain":0.0,"max_hp_loss":0.0,"gold_gain":0.0,"event_name":"Living Wall","player_choice":"Grow","floor":2.0,"gold_loss":0.0,"damage_taken":0.0,"cards_upgraded":["WheelKick"]},{"damage_healed":0.0,"max_hp_gain":0.0,"max_hp_loss":0.0,"gold_gain":65.0,"event_name":"Golden Wing","player_choice":"Gained Gold","floor":4.0,"gold_loss":0.0,"damage_taken":0.0},{"damage_healed":0,"gold_gain":0,"player_choice":"Donut","damage_taken":0,"max_hp_gain":5,"max_hp_loss":0,"event_name":"Big Fish","floor":13,"gold_loss":0}],"is_beta":false,"boss_relics":[],"items_purged_floors":[5],"is_endless":false,"potions_floor_spawned":[1,8,10,11],"killed_by":"Lagavulin","ascension_level":20}}