{"host":"qy1e0kd24tpj3i2m","time":1612215071,"event":{"mods":["Act Like it!","Alarm Clock","BaseMod","Better Skull","Better Vampires","Colored Map","Colored Powertips","Custom Start","Faster Ascension Climbing","Friendly Minions","GifTheSpireLib","Gremlin Skip","Highlight Path","Minty Spire (QoL Compilation)","Permanent Neow","Poor People Problems","Quick Restart","Red Circlet Mod","Relic Filter Mod","Relic Sorter","Reorder Act Four","SacredBarkPlus","Shop Mod","StSLib","SuperFastMode","Transform Curses","没有小屋子和绿帽子啦"],"gold_per_floor":[113,125,50,200,125,125,138,138,138,153,153,186,198,232,232,306,306,319,369,388,50,50,79,79,114,114,131,81,81,81],"floor_reached":29,"language":"ZHS","playtime":778,"items_purged":["Strike_R","Strike_R"],"score":542,"play_id":"3b776221-737a-4f8f-88fb-978420645834","local_time":"20210202063111","is_ascension_mode":true,"campfire_choices":[{"data":"Demon Form","floor":6.0,"key":"SMITH"},{"data":"Sword Boomerang","floor":8.0,"key":"SMITH"},{"data":"Power Through","floor":11.0,"key":"SMITH"},{"data":"Uppercut","floor":15.0,"key":"SMITH"},{"data":"Demon Form","floor":24.0,"key":"SMITH"}],"circlet_count":0,"master_deck":["AscendersBane","Strike_R","Strike_R","Strike_R","Defend_R","Defend_R","Defend_R","Defend_R","Demon Form+1","Sword Boomerang+1","Fire Breathing","Power Through+1","Uppercut+1","Pommel Strike","Demon Form+1","Uppercut","Evolve","Ghostly Armor","Feel No Pain"],"relics":["Burning Blood","Blood Vial","Centennial Puzzle","HornCleat","Sozu","Vajra","Nunchaku","MutagenicStrength","Pantograph","Smiling Mask"],"acts_visited":["Exordium","TheCity"],"potions_floor_usage":[],"damage_taken":[{"damage":7.0,"enemies":"Cultist","floor":1.0,"turns":4.0},{"damage":4.0,"enemies":"2 Louse","floor":2.0,"turns":5.0},{"damage":5.0,"enemies":"Small Slimes","floor":7.0,"turns":3.0},{"damage":19.0,"enemies":"Exordium Wildlife","floor":10.0,"turns":4.0},{"damage":25.0,"enemies":"Gremlin Nob","floor":12.0,"turns":4.0},{"damage":3.0,"enemies":"3 Louse","floor":13.0,"turns":4.0},{"damage":2.0,"enemies":"Lagavulin","floor":14.0,"turns":5.0},{"damage":3.0,"enemies":"Hexaghost","floor":16.0,"turns":7.0},{"damage":4.0,"enemies":"Spheric Guardian","floor":18.0,"turns":5.0},{"damage":16.0,"enemies":"3 Byrds","floor":20.0,"turns":5.0},{"damage":1.0,"enemies":"Gremlin Leader","floor":23.0,"turns":7.0},{"damage":57.0,"enemies":"Slavers","floor":25.0,"turns":6.0},{"damage":0.0,"enemies":"Snecko","floor":27.0,"turns":5.0},{"damage":62,"enemies":"Gremlin Leader","floor":29,"turns":5}],"seed_played":"2318913643972552092","potions_obtained":[{"floor":7.0,"key":"FairyPotion"},{"floor":10.0,"key":"EssenceOfSteel"},{"floor":13.0,"key":"HeartOfIron"},{"floor":16.0,"key":"Block Potion"}],"is_trial":false,"path_per_floor":["M","M","$","?","?","R","M","R","T","M","R","E","M","E","R","B",null,"M","?","M","$","?","E","R","E","T","M","$","E"],"character_chosen":"IRONCLAD","items_purchased":["Vajra","Nunchaku"],"campfire_rested":0,"item_purchase_floors":[21,21],"current_hp_per_floor":[67,69,69,69,69,69,70,70,70,59,59,42,47,53,53,58,71,75,75,65,65,65,72,72,23,23,31,31,0,0],"gold":81,"neow_bonus":"TRANSFORM_CARD","is_daily":false,"chose_seed":false,"campfire_upgraded":5,"win_rate":0.0,"timestamp":1612215071,"path_taken":["M","?","?","?","?","R","?","R","T","M","R","E","M","E","R","BOSS","M","?","?","$","?","E","R","E","T","M","?","E"],"items_purchased_type":["Relic","Relic"],"build_version":"2020-12-22","purchased_purges":2,"victory":false,"max_hp_per_floor":[75,75,75,75,75,75,75,75,75,75,75,75,75,75,75,75,75,75,75,75,75,75,75,75,75,75,75,75,75,75],"card_choices":[{"not_picked":["Dark Embrace","Thunderclap"],"picked":"Sword Boomerang","floor":1.0},{"not_picked":["Shrug It Off","Flex"],"picked":"Fire Breathing","floor":2.0},{"not_picked":["Body Slam","Sword Boomerang"],"picked":"Power Through","floor":7.0},{"not_picked":["Warcry","Pummel","Twin Strike"],"picked":"SKIP","floor":10.0},{"not_picked":["Pommel Strike","Immolate"],"picked":"Uppercut","floor":12.0},{"not_picked":["Warcry","Infernal Blade"],"picked":"Pommel Strike","floor":13.0},{"not_picked":["Hemokinesis","Battle Trance","Dual Wield"],"picked":"SKIP","floor":14.0},{"not_picked":["Double Tap","Fiend Fire"],"picked":"Demon Form","floor":16.0},{"not_picked":["Twin Strike","Clash"],"picked":"Uppercut","floor":18.0},{"not_picked":["Flex","Disarm"],"picked":"Evolve","floor":20.0},{"not_picked":["Thunderclap+1","Spot Weakness"],"picked":"Ghostly Armor","floor":23.0},{"not_picked":["Heavy Blade","Cleave","Clothesline"],"picked":"SKIP","floor":25.0},{"not_picked":["Rupture","Shockwave"],"picked":"Feel No Pain","floor":27.0}],"player_experience":975082,"relics_obtained":[{"floor":9.0,"key":"Blood Vial"},{"floor":12.0,"key":"Centennial Puzzle"},{"floor":14.0,"key":"HornCleat"},{"floor":23.0,"key":"Pantograph"},{"floor":25.0,"key":"Smiling Mask"}],"event_choices":[{"damage_healed":0.0,"max_hp_gain":0.0,"max_hp_loss":0.0,"gold_gain":150.0,"event_name":"Liars Game","player_choice":"AGREE","floor":4.0,"gold_loss":0.0,"damage_taken":0.0,"cards_obtained":["Doubt"]},{"cards_removed":["Doubt"],"damage_healed":0.0,"max_hp_gain":0.0,"max_hp_loss":0.0,"gold_gain":0.0,"event_name":"The Cleric","player_choice":"Card Removal","floor":5.0,"gold_loss":75.0,"damage_taken":0.0},{"damage_healed":0.0,"max_hp_gain":0.0,"max_hp_loss":0.0,"gold_gain":100.0,"event_name":"The Joust","player_choice":"Bet on Murderer","floor":19.0,"gold_loss":50.0,"damage_taken":0.0},{"damage_healed":0.0,"max_hp_gain":0.0,"max_hp_loss":0.0,"gold_gain":0.0,"event_name":"Drug Dealer","player_choice":"Inject Mutagens","floor":22.0,"gold_loss":0.0,"damage_taken":0.0,"relics_obtained":["MutagenicStrength"]}],"is_beta":false,"boss_relics":[{"not_picked":["SacredBark","Black Star"],"picked":"Sozu"}],"items_purged_floors":[3,28],"is_endless":false,"potions_floor_spawned":[7,10,13,16,20],"killed_by":"Gremlin Leader","ascension_level":20}}