{"host":"u1dfzl6o6mfmauc3","time":1612154866,"event":{"mods":["2.2 Compatiblity","AchievementEnabler","BaseMod","Bestiary","Block Reminder","Challenge The Spire","Colored Map","Dark Map","Hermit","Minty Spire (QoL Compilation)","Random Character Button","Rare Cards Sparkle","Relic Stats","Robot Space Explorer","StSLib","The Disciple"],"gold_per_floor":[119,134,134,148,162,162,191,209,283,295,295,295,324,40,53,53,148,148,168,168,168,168,23,46,74,87,122,148,148,167,196,215,215,225,225,225,225,225],"floor_reached":37,"language":"ENG","playtime":8507,"items_purged":[],"score":432,"play_id":"fc9cd0ad-b0bb-4cf6-a873-6576f7a73e70","local_time":"20210131234746","is_ascension_mode":true,"campfire_choices":[{"data":"Carnage","floor":6,"key":"SMITH"},{"data":"Flex","floor":11,"key":"SMITH"},{"data":"Battle Trance","floor":16,"key":"SMITH"},{"floor":29,"key":"REST"},{"floor":33,"key":"REST"},{"data":"True Grit","floor":35,"key":"SMITH"},{"data":"Sword Boomerang","floor":36,"key":"SMITH"}],"circlet_count":0,"master_deck":["Strike_R","Strike_R","Strike_R","Strike_R","Strike_R","Defend_R","Defend_R","Defend_R","Defend_R","Bash+1","Sword Boomerang+1","Battle Trance+1","Juggernaut","Carnage+1","Flex+1","Shrug It Off","Rage","Ghostly Armor","Feed+1","Iron Wave","Inflame+1","True Grit+1"],"relics":["Burning Blood","NeowsBlessing","WarpedTongs","TungstenRod","Pantograph","Frozen Egg 2","CaptainsWheel","Bag of Preparation","Black Star","Omamori","Bronze Scales","Nunchaku","Oddly Smooth Stone","Blood Vial","Whetstone","Molten Egg 2","Matryoshka"],"acts_visited":["Exordium","TheCity"],"potions_floor_usage":[10,10,25],"damage_taken":[{"damage":0,"enemies":"2 Louse","floor":1,"turns":1},{"damage":0,"enemies":"Cultist","floor":2,"turns":1},{"damage":0,"enemies":"Jaw Worm","floor":4,"turns":1},{"damage":11,"enemies":"Blue Slaver","floor":5,"turns":3},{"damage":8,"enemies":"Gremlin Nob","floor":7,"turns":3},{"damage":1,"enemies":"3 Louse","floor":8,"turns":4},{"damage":1,"enemies":"Large Slime","floor":10,"turns":3},{"damage":14,"enemies":"Lagavulin","floor":13,"turns":5},{"damage":5,"enemies":"Gremlin Gang","floor":15,"turns":5},{"damage":20,"enemies":"The Guardian","floor":17,"turns":10},{"damage":10,"enemies":"Shell Parasite","floor":19,"turns":5},{"damage":24,"enemies":"Slavers","floor":25,"turns":5},{"damage":12,"enemies":"2 Thieves","floor":26,"turns":4},{"damage":36,"enemies":"Gremlin Leader","floor":27,"turns":8},{"damage":18,"enemies":"Sentry and Sphere","floor":30,"turns":8},{"damage":20,"enemies":"Slavers","floor":31,"turns":7},{"damage":0,"enemies":"Cultist and Chosen","floor":32,"turns":4},{"damage":10,"enemies":"Centurion and Healer","floor":34,"turns":8},{"damage":103,"enemies":"Collector","floor":37,"turns":6}],"seed_played":"-730628346427893553","potions_obtained":[{"floor":2,"key":"ColorlessPotion"},{"floor":8,"key":"ColorlessPotion"},{"floor":10,"key":"ElixirPotion"},{"floor":13,"key":"SpeedPotion"},{"floor":15,"key":"SkillPotion"},{"floor":26,"key":"Ancient Potion"}],"is_trial":false,"path_per_floor":["M","M","?","M","M","R","E","M","T","M","R","T","E","$","M","R","B",null,"M","?","?","?","$","T","E","M","E","T","R","M","E","M","R","M","R","R","B"],"character_chosen":"IRONCLAD","items_purchased":["Rage","Bag of Preparation","Ghostly Armor","Omamori"],"campfire_rested":2,"item_purchase_floors":[14,14,14,23],"current_hp_per_floor":[80,80,80,80,75,75,73,78,78,80,80,80,72,72,73,73,66,80,76,76,64,64,64,64,46,43,13,13,37,31,23,35,63,65,65,65,0,0],"gold":225,"neow_bonus":"THREE_ENEMY_KILL","is_daily":false,"chose_seed":false,"campfire_upgraded":5,"win_rate":0.0,"timestamp":1612154866,"path_taken":["M","M","?","?","M","R","E","M","T","M","R","?","E","?","M","R","BOSS","M","?","?","?","$","?","E","M","E","T","R","?","E","M","R","M","R","R","BOSS"],"items_purchased_type":["Card","Relic","Card","Relic"],"build_version":"2020-12-22","purchased_purges":0,"victory":false,"max_hp_per_floor":[80,80,80,80,80,80,80,80,80,80,80,80,80,80,80,80,80,80,80,80,80,80,80,80,80,83,83,83,83,87,91,95,95,99,99,99,99,99],"relic_stats":{"Blood Vial":10,"Nunchaku":[6],"counters":[19,91],"Pantograph":32,"Bronze Scales":[116],"Bag of Preparation":[22],"Black Star":3,"Whetstone":["Feed","Bash"],"obtain_stats":[{"NeowsBlessing":0,"Oddly Smooth Stone":27,"Bag of Preparation":14,"Omamori":23,"Whetstone":28,"Frozen Egg 2":12,"Burning Blood":0,"WarpedTongs":3,"Blood Vial":27,"CaptainsWheel":13,"Nunchaku":25,"Matryoshka":31,"Pantograph":9,"Bronze Scales":25,"Molten Egg 2":31,"Black Star":18,"TungstenRod":7},{"NeowsBlessing":0,"Oddly Smooth Stone":14,"Bag of Preparation":8,"Omamori":11,"Whetstone":14,"Frozen Egg 2":7,"Burning Blood":0,"WarpedTongs":2,"Blood Vial":14,"CaptainsWheel":8,"Nunchaku":12,"Matryoshka":16,"Pantograph":6,"Bronze Scales":12,"Molten Egg 2":16,"Black Star":10,"TungstenRod":5},{"NeowsBlessing":0,"Oddly Smooth Stone":58,"Bag of Preparation":21,"Omamori":41,"Whetstone":58,"Frozen Egg 2":16,"Burning Blood":0,"WarpedTongs":2,"Blood Vial":58,"CaptainsWheel":21,"Nunchaku":46,"Matryoshka":73,"Pantograph":13,"Bronze Scales":46,"Molten Egg 2":73,"Black Star":36,"TungstenRod":9}],"Burning Blood":87,"TungstenRod":43,"WarpedTongs":[89]},"card_choices":[{"not_picked":["Twin Strike","Clash"],"picked":"Sword Boomerang","floor":1},{"not_picked":["True Grit","Dark Embrace"],"picked":"Battle Trance","floor":2},{"not_picked":["Heavy Blade","Battle Trance"],"picked":"Juggernaut","floor":4},{"not_picked":["Pommel Strike","Armaments"],"picked":"Carnage","floor":5},{"not_picked":["Rampage","Sword Boomerang"],"picked":"Flex","floor":7},{"not_picked":["Twin Strike","Battle Trance"],"picked":"Shrug It Off","floor":8},{"not_picked":["Twin Strike","Thunderclap","Hemokinesis"],"picked":"SKIP","floor":10},{"not_picked":["Rampage","Warcry","Wild Strike"],"picked":"SKIP","floor":13},{"not_picked":["Sword Boomerang","Exhume","Shrug It Off"],"picked":"SKIP","floor":15},{"not_picked":["Double Tap","Offering"],"picked":"Feed","floor":17},{"not_picked":["Sentinel","Havoc+1"],"picked":"Iron Wave","floor":19},{"not_picked":["Battle Trance","Clash","Heavy Blade"],"picked":"SKIP","floor":25},{"not_picked":["Feel No Pain+1","Infernal Blade","Heavy Blade"],"picked":"SKIP","floor":26},{"not_picked":["Sever Soul","Whirlwind"],"picked":"True Grit","floor":27},{"not_picked":["Intimidate+1","Cleave","Hemokinesis"],"picked":"SKIP","floor":30},{"not_picked":["Headbutt+1","Sentinel","Wild Strike+1"],"picked":"SKIP","floor":31},{"not_picked":["Perfected Strike+1","Flex","Fire Breathing+1"],"picked":"SKIP","floor":32},{"not_picked":["Iron Wave+1","Cleave+1","Power Through"],"picked":"SKIP","floor":34}],"player_experience":214606,"relics_obtained":[{"floor":7,"key":"TungstenRod"},{"floor":9,"key":"Pantograph"},{"floor":12,"key":"Frozen Egg 2"},{"floor":13,"key":"CaptainsWheel"},{"floor":25,"key":"Bronze Scales"},{"floor":25,"key":"Nunchaku"},{"floor":27,"key":"Oddly Smooth Stone"},{"floor":27,"key":"Blood Vial"},{"floor":28,"key":"Whetstone"},{"floor":31,"key":"Molten Egg 2"},{"floor":31,"key":"Matryoshka"}],"event_choices":[{"damage_healed":0,"gold_gain":0,"player_choice":"Rummage","damage_taken":0,"relics_obtained":["WarpedTongs"],"max_hp_gain":0,"max_hp_loss":0,"event_name":"Accursed Blacksmith","floor":3,"gold_loss":0,"cards_obtained":["Pain"]},{"damage_healed":0,"gold_gain":0,"player_choice":"Ignored","damage_taken":0,"max_hp_gain":0,"max_hp_loss":0,"event_name":"Vampires","floor":20,"gold_loss":0},{"damage_healed":0,"gold_gain":0,"player_choice":"Obtained Book","damage_taken":16,"max_hp_gain":0,"max_hp_loss":0,"event_name":"Cursed Tome","floor":21,"gold_loss":0},{"damage_healed":0,"gold_gain":0,"player_choice":"Read","damage_taken":0,"max_hp_gain":0,"max_hp_loss":0,"event_name":"The Library","floor":22,"gold_loss":0,"cards_obtained":["Inflame"]}],"is_beta":false,"boss_relics":[{"not_picked":["Mark of Pain","Black Blood"],"picked":"Black Star"}],"items_purged_floors":[],"is_endless":false,"potions_floor_spawned":[2,8,10,13,15,26,27,32],"killed_by":"Collector","ascension_level":4}}