{"host":"kxbvub3a5s21lqnr","time":1612180183,"event":{"mods":["Bard","BaseMod","Dota2Spire","Minty Spire (QoL Compilation)","MostiFishMod","Reimu£®≤©¿ˆ¡È√Œ£©","Remilia£®¿Ÿ√◊¿Ú—«£©","StSLib","The Cursed","The Hierophant","Yakumo Yukari mod","Youmu£®ªÍ∆«—˝√Œ£©","Yuyuko"],"gold_per_floor":[112,131,141,91,111,183,194,194,194,246,259,290,80,111,123,238,250,272,284,296,583,606,651,663,688,723,767,837,864,907,936,948,1063,1075,1100,1112,1142,1154,1154],"floor_reached":38,"language":"ZHS","playtime":1340,"items_purged":[],"score":664,"play_id":"09cfb3f2-fa8b-4f42-96f0-b92c1b7d397f","local_time":"20210201194943","is_ascension_mode":true,"campfire_choices":[{"data":"Stigmanizer","floor":8,"key":"SMITH"},{"floor":15,"key":"RECALL"},{"floor":24,"key":"REST"},{"floor":32,"key":"REST"}],"circlet_count":0,"master_deck":["Strike_RM","Strike_RM","Strike_RM","Strike_RM","Defend_RM","Defend_RM","Defend_RM","RedMoon","ScarletShoot","NightLord","UnstableMagic","MastersStateliness","FavorOfDestiny","NightDance","Stigmanizer+1","Maim","BlasphemousPunishment","EmergencyRegeneration","DemonKingCradle+1","RedNightlessCastle","EquivalentExchange+1","VampirishNight","Regret","ChaoticDestiny","BombardNight+1","BloodHunter","VampireSweep+1","CharismaGuard+1","ScarletDevil+1","CharismaGuard+1","VampireKiss+1","ScarletCoffin+1","FitfulNightmare+1","Discovery","NightDance+1"],"relics":["ScarletHat","DaveBox","FeatherPendant","SynthV:TestCard","Frozen Egg 2","StrikeDummy","Dota2Spire:Dagon","Akabeko","MawBank","JellyFishMachine","Turnip","Vajra","Molten Egg 2","Bag of Marbles","GuanYuAspect"],"acts_visited":["Exordium","TheCity","TheBeyond"],"potions_floor_usage":[6,6,11,12,12,12,12,12,16,16,16,22,23,27,28,28,29,30,31,33,33],"damage_taken":[{"damage":0,"enemies":"Cultist","floor":1,"turns":2},{"damage":1,"enemies":"Jaw Worm","floor":2,"turns":2},{"damage":0,"enemies":"Small Slimes","floor":3,"turns":2},{"damage":3,"enemies":"Looter","floor":5,"turns":3},{"damage":2,"enemies":"Gremlin Nob","floor":6,"turns":4},{"damage":0,"enemies":"Gremlin Gang","floor":7,"turns":4},{"damage":9,"enemies":"3 Louse","floor":10,"turns":4},{"damage":0,"enemies":"Blue Slaver","floor":11,"turns":1},{"damage":1,"enemies":"Lagavulin","floor":12,"turns":1},{"damage":20,"enemies":"3 Sentries","floor":14,"turns":2},{"damage":28,"enemies":"The Guardian","floor":16,"turns":6},{"damage":20,"enemies":"3 Byrds","floor":18,"turns":3},{"damage":0,"enemies":"2 Thieves","floor":22,"turns":2},{"damage":128,"enemies":"Gremlin Leader","floor":23,"turns":7},{"damage":48,"enemies":"Centurion and Healer","floor":25,"turns":3},{"damage":63,"enemies":"Book of Stabbing","floor":27,"turns":3},{"damage":0,"enemies":"Shelled Parasite and Fungi","floor":28,"turns":3},{"damage":9,"enemies":"Cultist and Chosen","floor":29,"turns":2},{"damage":105,"enemies":"Gremlin Leader","floor":30,"turns":4},{"damage":2,"enemies":"Centurion and Healer","floor":31,"turns":3},{"damage":3,"enemies":"Collector","floor":33,"turns":5},{"damage":0,"enemies":"Orb Walker","floor":35,"turns":1},{"damage":26,"enemies":"3 Shapes","floor":37,"turns":2},{"damage":26,"enemies":"Sphere and 2 Shapes","floor":38,"turns":2}],"seed_played":"-8032203365154403856","potions_obtained":[{"floor":2,"key":"SteroidPotion"},{"floor":5,"key":"PowerPotion"},{"floor":7,"key":"AttackPotion"},{"floor":7,"key":"EssenceOfSteel"},{"floor":10,"key":"Dota2Spire:Clarity"},{"floor":11,"key":"EntropicBrew"},{"floor":12,"key":"AttackPotion"},{"floor":14,"key":"Weak Potion"},{"floor":14,"key":"Regen Potion"},{"floor":16,"key":"AttackPotion"},{"floor":16,"key":"GamblersBrew"},{"floor":16,"key":"Swift Potion"},{"floor":23,"key":"Swift Potion"},{"floor":23,"key":"EntropicBrew"},{"floor":28,"key":"MagicPotion:ReiMu"},{"floor":30,"key":"AttackPotion"},{"floor":31,"key":"Regen Potion"},{"floor":31,"key":"DestinyDice"},{"floor":33,"key":"Regen Potion"},{"floor":37,"key":"Dota2Spire:Clarity"}],"is_trial":false,"path_per_floor":["M","M","M","?","M","E","M","R","T","M","M","E","$","E","R","B",null,"M","$","?","?","M","E","R","M","T","E","M","M","E","M","R","B",null,"M","?","M","M"],"character_chosen":"REMILIA","items_purchased":["DemonKingCradle+1"],"campfire_rested":2,"item_purchase_floors":[13],"current_hp_per_floor":[82,81,81,81,81,81,81,81,81,72,72,72,72,53,53,71,82,63,63,63,63,78,16,40,37,37,22,22,29,6,6,30,65,41,41,41,22,0,0],"gold":1154,"neow_bonus":"TEN_PERCENT_HP_BONUS","is_daily":false,"chose_seed":false,"campfire_upgraded":1,"win_rate":0.0,"timestamp":1612180183,"path_taken":["M","?","M","?","M","E","M","R","T","M","M","E","$","E","R","BOSS","M","$","?","?","M","E","R","M","T","E","?","M","E","?","R","BOSS","M","?","M","M"],"items_purchased_type":["Card"],"build_version":"2020-12-22","purchased_purges":0,"victory":false,"max_hp_per_floor":[82,82,82,82,82,82,82,82,82,82,82,82,82,82,82,82,82,82,82,82,82,82,82,82,82,82,82,82,82,82,82,82,82,41,41,41,41,41,41],"card_choices":[{"not_picked":["VampireKiss","FavorOfDestiny"],"picked":"NightLord","floor":1},{"not_picked":["Stigmanizer","ReincarnationDial","EndlessAdversity","FavorOfDestiny"],"picked":"UnstableMagic","floor":2},{"not_picked":["GlobalNightmare","RedMagic","ScarletDevil","ScarletNetherworld"],"picked":"MastersStateliness","floor":3},{"not_picked":["ScarletDevil","ScarletNetherworld","VampireClaw","BloodyHallows"],"picked":"FavorOfDestiny","floor":5},{"not_picked":["Maim","DevilSight","Stigmanizer","AfternoonTea"],"picked":"NightDance","floor":6},{"not_picked":["BadLadyScramble","RedMagic","ScarletImprint","VampireFantasy"],"picked":"Stigmanizer","floor":7},{"not_picked":["AfternoonTea","FavorOfDestiny","UnderTheZenith","Stigmanizer"],"picked":"Maim","floor":10},{"not_picked":["NightDance","ScarletDevilSign","ScarletDevil","BloodHunter"],"picked":"BlasphemousPunishment","floor":11},{"not_picked":["ScarletGensokyo","VampireKiss","Septette","ScarletDevil"],"picked":"EmergencyRegeneration","floor":12},{"not_picked":["NightDance","AfternoonTea","FavorOfDestiny","VampireSweep"],"picked":"RedNightlessCastle","floor":14},{"not_picked":["TransientEternity+1","BatForm+1","BloodyHallows","CeilingFear"],"picked":"EquivalentExchange+1","floor":16},{"not_picked":["BombardNight","FavorOfDestiny","BadLadyScramble","EternalNight+1"],"picked":"VampirishNight","floor":18},{"not_picked":["StarOfDavid","CharismaGuard+1","BlasphemousPunishment","ScarletSymphony"],"picked":"ChaoticDestiny","floor":22},{"not_picked":["Maim","NightDance+1","UnderTheZenith+1","RedNightlessCastle+1"],"picked":"BombardNight+1","floor":23},{"not_picked":["EndlessAdversity","VampireKiss+1","BombardNight+1","ScarletDream"],"picked":"BloodHunter","floor":25},{"not_picked":["FavorOfDestiny","ScarletImprint+1","ChainGang+1","BatForm+1"],"picked":"VampireSweep+1","floor":27},{"not_picked":["EndlessAdversity+1","UnderTheZenith","VampireKiss+1","BadLadyScramble"],"picked":"CharismaGuard+1","floor":28},{"not_picked":["SuperhumanBloodyKnife+1","VampireClaw+1","UltimateOffering+1","ScarletImprint+1"],"picked":"ScarletDevil+1","floor":29},{"not_picked":["VampireClaw+1","BombardNight+1","KillingBlow+1","ScarletDevil+1"],"picked":"CharismaGuard+1","floor":30},{"not_picked":["ChainGang+1","ScarletDevil+1","NightLord+1","StarOfDavid+1"],"picked":"VampireKiss+1","floor":31},{"not_picked":["CurseOfVladTepes+1","BloodySeventeenLaser+1","BloodyCatastrophe","HellCatastrophe+1"],"picked":"ScarletCoffin+1","floor":33},{"not_picked":["BloodyTrap+1","EndlessAdversity+1","BombardNight+1","VampireKiss+1"],"picked":"FitfulNightmare+1","floor":35},{"not_picked":["MostiFishMod:Awakening","Dark Shackles","Finesse","MostiFishMod:PerfectForm+1"],"picked":"Discovery","floor":36},{"not_picked":["StarOfDavid+1","VampireSweep+1","UnstableMagic","DiffusionOfMisfortune+1"],"picked":"NightDance+1","floor":37}],"player_experience":89437,"relics_obtained":[{"floor":1,"key":"SynthV:TestCard"},{"floor":6,"key":"Frozen Egg 2"},{"floor":9,"key":"StrikeDummy"},{"floor":12,"key":"Dota2Spire:Dagon"},{"floor":14,"key":"Akabeko"},{"floor":14,"key":"MawBank"},{"floor":23,"key":"Turnip"},{"floor":26,"key":"Vajra"},{"floor":27,"key":"Molten Egg 2"},{"floor":30,"key":"Bag of Marbles"}],"event_choices":[{"cards_removed":["Defend_RM"],"damage_healed":0,"gold_gain":0,"player_choice":"Card Removal","damage_taken":0,"max_hp_gain":0,"max_hp_loss":0,"event_name":"The Cleric","floor":4,"gold_loss":50},{"damage_healed":0,"gold_gain":275,"player_choice":"Desecrate","damage_taken":0,"max_hp_gain":0,"max_hp_loss":0,"event_name":"Golden Shrine","floor":21,"gold_loss":0,"cards_obtained":["Regret"]},{"damage_healed":0,"gold_gain":0,"player_choice":"Memory 1","damage_taken":0,"max_hp_gain":0,"max_hp_loss":0,"event_name":"SensoryStone","floor":36,"gold_loss":0}],"is_beta":false,"boss_relics":[{"not_picked":["RhineFirstAidKit","Velvet Choker"],"picked":"JellyFishMachine"},{"not_picked":["Cursed Key","Astrolabe"],"picked":"GuanYuAspect"}],"items_purged_floors":[],"is_endless":false,"potions_floor_spawned":[2,5,10,11,12,16,25,28,30,33],"killed_by":"Sphere and 2 Shapes","ascension_level":1}}