{"host":"w9zfxf1uwb1etsnq","time":1612146029,"event":{"mods":["AchievementEnabler","BaseMod","Colored Map","Highlight Path","Minty Spire (QoL Compilation)"],"gold_per_floor":[117,117,117,90,40,72,72,107,107,127,127,145,145,171,171,266,266,280,291,304,318,335,335,335],"floor_reached":23,"language":"ENG","playtime":1043,"items_purged":[],"score":287,"play_id":"67c9f828-5a08-4a4c-8617-5807b68c4a02","local_time":"20210201022029","is_ascension_mode":true,"campfire_choices":[{"data":"Demon Form","floor":13,"key":"SMITH"},{"data":"Flex","floor":15,"key":"SMITH"}],"circlet_count":0,"master_deck":["Strike_R","Strike_R","Strike_R","Strike_R+1","Defend_R","Defend_R","Defend_R","Defend_R","Bash+1","Flex+1","Pommel Strike","Demon Form+1","Spot Weakness","Reaper","Iron Wave+1","Heavy Blade"],"relics":["Burning Blood","NeowsBlessing","Ancient Tea Set","Magic Flower","Matryoshka","Bottled Flame","Busted Crown"],"acts_visited":["Exordium","TheCity"],"potions_floor_usage":[22,23,23,23],"damage_taken":[{"damage":0,"enemies":"Cultist","floor":1,"turns":1},{"damage":0,"enemies":"3 Sentries","floor":6,"turns":1},{"damage":0,"enemies":"Gremlin Nob","floor":8,"turns":1},{"damage":2,"enemies":"Jaw Worm","floor":10,"turns":3},{"damage":26,"enemies":"Small Slimes","floor":12,"turns":3},{"damage":21,"enemies":"Lagavulin","floor":14,"turns":6},{"damage":22,"enemies":"Slime Boss","floor":16,"turns":15},{"damage":14,"enemies":"Chosen","floor":18,"turns":4},{"damage":33,"enemies":"Shell Parasite","floor":19,"turns":5},{"damage":29,"enemies":"Snecko","floor":20,"turns":6},{"damage":24,"enemies":"Cultist and Chosen","floor":21,"turns":5},{"damage":40,"enemies":"Snake Plant","floor":22,"turns":5},{"damage":31,"enemies":"Book of Stabbing","floor":23,"turns":4}],"seed_played":"-5828542605357268716","potions_obtained":[{"floor":1,"key":"SneckoOil"},{"floor":12,"key":"Strength Potion"},{"floor":20,"key":"Dexterity Potion"},{"floor":21,"key":"LiquidMemories"},{"floor":22,"key":"Strength Potion"}],"is_trial":false,"path_per_floor":["M","T","?","$","?","E","?","E","T","M","$","M","R","E","R","B",null,"M","M","M","M","M","E"],"character_chosen":"IRONCLAD","items_purchased":["Flex"],"campfire_rested":0,"item_purchase_floors":[4],"current_hp_per_floor":[80,80,64,64,64,70,70,76,76,80,80,63,63,51,51,38,80,75,60,49,58,27,0,0],"gold":335,"neow_bonus":"THREE_ENEMY_KILL","is_daily":false,"chose_seed":false,"campfire_upgraded":2,"win_rate":0.0,"timestamp":1612146029,"path_taken":["M","?","?","$","?","E","?","E","T","M","?","M","R","E","R","BOSS","M","?","M","M","M","E"],"items_purchased_type":["Card"],"build_version":"2020-12-22","purchased_purges":0,"victory":false,"max_hp_per_floor":[80,80,80,80,80,80,80,80,80,80,80,80,80,80,80,80,80,80,80,80,80,80,80,80],"card_choices":[{"not_picked":["Pommel Strike","Body Slam","Heavy Blade"],"picked":"SKIP","floor":1},{"not_picked":["Body Slam","Flex"],"picked":"Pommel Strike","floor":6},{"not_picked":["Flex","Inflame"],"picked":"Demon Form","floor":8},{"not_picked":["Perfected Strike","Intimidate"],"picked":"Spot Weakness","floor":10},{"not_picked":["Pummel","Dropkick","Perfected Strike"],"picked":"SKIP","floor":12},{"not_picked":["Combust","Sword Boomerang","Searing Blow"],"picked":"SKIP","floor":14},{"not_picked":["Brutality","Bludgeon"],"picked":"Reaper","floor":16},{"not_picked":["True Grit"],"picked":"SKIP","floor":18},{"not_picked":[],"picked":"Iron Wave+1","floor":19},{"not_picked":[],"picked":"Heavy Blade","floor":20},{"not_picked":["Perfected Strike"],"picked":"SKIP","floor":21},{"not_picked":["Flex"],"picked":"SKIP","floor":22}],"player_experience":146697,"relics_obtained":[{"floor":6,"key":"Ancient Tea Set"},{"floor":8,"key":"Magic Flower"},{"floor":9,"key":"Matryoshka"},{"floor":14,"key":"Bottled Flame"}],"event_choices":[{"damage_healed":0,"gold_gain":0,"player_choice":"Entered Light","damage_taken":16,"max_hp_gain":0,"max_hp_loss":0,"event_name":"Shining Light","floor":3,"gold_loss":0,"cards_upgraded":["Strike_R","Bash"]},{"cards_removed":["Strike_R"],"damage_healed":0,"gold_gain":0,"player_choice":"Card Removal","damage_taken":0,"max_hp_gain":0,"max_hp_loss":0,"event_name":"The Cleric","floor":5,"gold_loss":50},{"damage_healed":0,"gold_gain":0,"player_choice":"Searched \u00270\u0027 times","damage_taken":0,"max_hp_gain":0,"max_hp_loss":0,"event_name":"Dead Adventurer","floor":7,"gold_loss":0}],"is_beta":false,"boss_relics":[{"not_picked":["Ectoplasm","Empty Cage"],"picked":"Busted Crown"}],"items_purged_floors":[],"is_endless":false,"potions_floor_spawned":[1,12,16,20,21,22],"killed_by":"Book of Stabbing","ascension_level":2}}