{"host":"gvojdp5vi78oolan","time":1612187091,"event":{"mods":["BaseMod","Colored Map","Colored Powertips","Highlight Path","Minty Spire (QoL Compilation)","Quick Restart"],"gold_per_floor":[118,193,368,388,404,22,33,33,33,47,47,61,16,32,32,129,129,139,54,69,69,69,102,102,130,206,225,69,84,99,111,111,111,111],"floor_reached":33,"language":"ZHS","playtime":2593,"items_purged":["Doubt"],"score":306,"play_id":"c3169567-e5db-4030-8516-92f15bd26e96","local_time":"20210201214451","is_ascension_mode":false,"campfire_choices":[{"floor":15,"key":"REST"},{"floor":24,"key":"REST"},{"floor":32,"key":"REST"}],"circlet_count":0,"master_deck":["Strike_G","Strike_G","Strike_G","Defend_G","Defend_G","Defend_G","Defend_G","Survivor","Neutralize","Sucker Punch","Cloak And Dagger","Deadly Poison","Deadly Poison","Deadly Poison","Infinite Blades+1","Deflect","Poisoned Stab","Deadly Poison","After Image+1","Cloak And Dagger","Dagger Spray","Poisoned Stab+1","Corpse Explosion","Finisher+1","Bouncing Flask","Dagger Spray"],"relics":["Empty Cage","Paper Crane","Lizard Tail","Frozen Egg 2","HoveringKite","Question Card","Bottled Flame","White Beast Statue","Ornamental Fan","PreservedInsect"],"acts_visited":["Exordium","TheCity"],"potions_floor_usage":[16,16,16,16,16,23,30,30,30,31,33],"damage_taken":[{"damage":12,"enemies":"Jaw Worm","floor":1,"turns":11},{"damage":0,"enemies":"Small Slimes","floor":4,"turns":6},{"damage":0,"enemies":"2 Louse","floor":5,"turns":5},{"damage":4,"enemies":"Large Slime","floor":7,"turns":8},{"damage":9,"enemies":"2 Fungi Beasts","floor":10,"turns":6},{"damage":2,"enemies":"Red Slaver","floor":12,"turns":4},{"damage":5,"enemies":"Looter","floor":14,"turns":4},{"damage":26,"enemies":"Hexaghost","floor":16,"turns":7},{"damage":1,"enemies":"Shell Parasite","floor":18,"turns":6},{"damage":9,"enemies":"Spheric Guardian","floor":20,"turns":4},{"damage":13,"enemies":"Book of Stabbing","floor":23,"turns":8},{"damage":92,"enemies":"Gremlin Leader","floor":25,"turns":10},{"damage":5,"enemies":"Snecko","floor":27,"turns":6},{"damage":0,"enemies":"Centurion and Healer","floor":29,"turns":6},{"damage":3,"enemies":"3 Cultists","floor":30,"turns":5},{"damage":1,"enemies":"Snake Plant","floor":31,"turns":3},{"damage":35,"enemies":"Champ","floor":33,"turns":10}],"seed_played":"8893087106310913849","potions_obtained":[{"floor":5,"key":"PowerPotion"},{"floor":14,"key":"EntropicBrew"},{"floor":20,"key":"GhostInAJar"},{"floor":23,"key":"SteroidPotion"},{"floor":27,"key":"SteroidPotion"},{"floor":29,"key":"GamblersBrew"},{"floor":30,"key":"Poison Potion"},{"floor":31,"key":"FearPotion"}],"is_trial":false,"path_per_floor":["M","?","?","M","M","$","M","?","T","M","?","M","$","M","R","B",null,"M","?","M","$","?","E","R","E","T","M","$","M","M","M","R","B"],"character_chosen":"THE_SILENT","items_purchased":["Paper Crane","Deadly Poison","Poisoned Stab","PreservedInsect"],"campfire_rested":3,"item_purchase_floors":[6,6,13,28],"current_hp_per_floor":[58,47,47,47,47,47,43,43,43,34,34,32,32,27,48,22,70,69,69,60,60,60,47,68,16,16,11,11,11,8,7,28,0,0],"gold":111,"neow_bonus":"BOSS_RELIC","is_daily":false,"chose_seed":false,"campfire_upgraded":0,"win_rate":0.0,"timestamp":1612187091,"path_taken":["M","?","?","M","M","$","M","?","T","?","?","M","$","M","R","BOSS","M","?","M","$","?","E","R","E","T","?","$","M","M","M","R","BOSS"],"items_purchased_type":["Relic","Card","Card","Relic"],"build_version":"2020-12-22","purchased_purges":1,"victory":false,"max_hp_per_floor":[70,70,70,70,70,70,70,70,70,70,70,70,70,70,70,70,70,70,70,70,70,70,70,70,70,70,70,70,70,70,70,70,70,70],"card_choices":[{"not_picked":["Leg Sweep","Concentrate"],"picked":"Sucker Punch","floor":1},{"not_picked":["Blade Dance","Underhanded Strike"],"picked":"Cloak And Dagger","floor":4},{"not_picked":["Flying Knee","Backstab"],"picked":"Deadly Poison","floor":5},{"not_picked":["Masterful Stab","Dodge and Roll"],"picked":"Deadly Poison","floor":7},{"not_picked":["All Out Attack","Adrenaline"],"picked":"Infinite Blades+1","floor":10},{"not_picked":["Prepared","Backflip"],"picked":"Deflect","floor":12},{"not_picked":["Flying Knee","Sucker Punch"],"picked":"Deadly Poison","floor":14},{"not_picked":["Grand Finale","Doppelganger"],"picked":"After Image+1","floor":16},{"not_picked":["Backflip","Dodge and Roll"],"picked":"Cloak And Dagger","floor":18},{"not_picked":["Flying Knee+1","Cloak And Dagger","Blade Dance"],"picked":"Dagger Spray","floor":20},{"not_picked":["Finisher","Infinite Blades+1","Quick Slash+1"],"picked":"Poisoned Stab+1","floor":23},{"not_picked":["All Out Attack","Tactician","Slice+1"],"picked":"Corpse Explosion","floor":25},{"not_picked":["Quick Slash","Leg Sweep","Sucker Punch"],"picked":"Finisher+1","floor":27},{"not_picked":["Prepared","Quick Slash","Backstab"],"picked":"Bouncing Flask","floor":29},{"not_picked":["Dodge and Roll","Quick Slash","Bouncing Flask"],"picked":"Dagger Spray","floor":30},{"not_picked":["Flying Knee","Venomology","Prepared","PiercingWail"],"picked":"SKIP","floor":31}],"player_experience":117703,"relics_obtained":[{"floor":9,"key":"Frozen Egg 2"},{"floor":23,"key":"Bottled Flame"},{"floor":25,"key":"White Beast Statue"},{"floor":26,"key":"Ornamental Fan"}],"event_choices":[{"damage_healed":0,"gold_gain":75,"player_choice":"Gather Gold","damage_taken":11,"max_hp_gain":0,"max_hp_loss":0,"event_name":"World of Goop","floor":2,"gold_loss":0},{"damage_healed":0,"gold_gain":175,"player_choice":"AGREE","damage_taken":0,"max_hp_gain":0,"max_hp_loss":0,"event_name":"Liars Game","floor":3,"gold_loss":0,"cards_obtained":["Doubt"]},{"damage_healed":0,"gold_gain":0,"player_choice":"Box","damage_taken":0,"relics_obtained":["Lizard Tail"],"max_hp_gain":0,"max_hp_loss":0,"event_name":"Big Fish","floor":8,"gold_loss":0,"cards_obtained":["Regret"]},{"cards_removed":["Regret"],"damage_healed":0,"gold_gain":0,"player_choice":"Forget","damage_taken":0,"max_hp_gain":0,"max_hp_loss":0,"event_name":"Living Wall","floor":11,"gold_loss":0},{"damage_healed":0,"gold_gain":0,"player_choice":"Obtained Relic","damage_taken":0,"relics_obtained":["Question Card"],"max_hp_gain":0,"max_hp_loss":0,"event_name":"Addict","floor":19,"gold_loss":85},{"cards_removed":["Defend_G"],"damage_healed":0,"gold_gain":0,"player_choice":"Offered Basic","damage_taken":0,"max_hp_gain":0,"max_hp_loss":0,"event_name":"Bonfire Elementals","floor":22,"gold_loss":0}],"is_beta":false,"boss_relics":[{"not_picked":["Ectoplasm","Velvet Choker"],"picked":"HoveringKite"}],"items_purged_floors":[6],"is_endless":false,"potions_floor_spawned":[5,14,20,23,27,29,30,31],"killed_by":"Champ","ascension_level":0}}