{"host":"d5i1qeb9dejicw1z","time":1612140686,"event":{"mods":["AchievementEnabler","BaseMod","Better Note","BetterRewards","Evolution","Gold Saver","Minty Spire (QoL Compilation)","Permanent Neow","Relic Filter Mod","Reliquary","StSLib"],"gold_per_floor":[858,383,383,149,169,169,149,182,182,195,195,195,195,214,214,285,285,299,299,25,40,59,59,59,59],"floor_reached":24,"language":"ENG","playtime":752,"items_purged":["Defend_B","Barrage"],"score":378,"play_id":"d6d4232d-bb7d-4a9b-9841-ac46306ed0c7","local_time":"20210131165126","is_ascension_mode":true,"campfire_choices":[{"data":"Defragment","floor":6,"key":"SMITH"},{"data":"Zap","floor":11,"key":"SMITH"},{"data":"Defragment","floor":13,"key":"SMITH"},{"floor":15,"key":"REST"},{"data":"Zap","floor":23,"key":"SMITH"}],"circlet_count":0,"master_deck":["AscendersBane","Barrage","Barrage","Barrage","Leap","Leap","Defend_B","Zap+1","Dualcast","Conserve Battery","Defragment+1","Zap+1","Defragment+1","Leap","Cold Snap","Ball Lightning"],"relics":["Cracked Core","EVO:Axolotl","reliquary:Knoch","Incense Burner","Shuriken","Mummified Hand","Meat on the Bone","Sozu","Cables"],"acts_visited":["Exordium","TheCity"],"potions_floor_usage":[8,14,16,18],"damage_taken":[{"damage":3,"enemies":"2 Louse","floor":1,"turns":4},{"damage":0,"enemies":"Cultist","floor":5,"turns":3},{"damage":6,"enemies":"3 Sentries","floor":8,"turns":5},{"damage":0,"enemies":"Jaw Worm","floor":10,"turns":2},{"damage":6,"enemies":"Gremlin Gang","floor":14,"turns":4},{"damage":18,"enemies":"The Guardian","floor":16,"turns":9},{"damage":10,"enemies":"Spheric Guardian","floor":18,"turns":4},{"damage":8,"enemies":"2 Thieves","floor":21,"turns":3},{"damage":9,"enemies":"Shelled Parasite and Fungi","floor":22,"turns":5},{"damage":39,"enemies":"Cultist and Chosen","floor":24,"turns":5}],"seed_played":"5826868860668034034","potions_obtained":[{"floor":1,"key":"Explosive Potion"},{"floor":7,"key":"Ancient Potion"},{"floor":8,"key":"EssenceOfDarkness"},{"floor":16,"key":"Fire Potion"}],"is_trial":false,"path_per_floor":["M","$","?","$","M","R","?","E","T","M","R","T","R","M","R","B",null,"M","?","$","M","M","R","M"],"character_chosen":"DEFECT","items_purchased":["Defragment","Incense Burner","Defragment","Leap","Cables"],"campfire_rested":1,"item_purchase_floors":[2,2,4,4,20],"current_hp_per_floor":[61,61,61,61,61,61,61,55,55,55,55,55,55,49,70,52,66,56,56,56,48,39,39,0,0],"gold":59,"neow_bonus":"RANDOM_COMMON_RELIC","is_daily":false,"chose_seed":false,"campfire_upgraded":4,"win_rate":0.0,"timestamp":1612140686,"path_taken":["M","$","?","?","M","R","?","E","T","?","R","?","R","M","R","BOSS","M","?","$","M","M","R","M"],"items_purchased_type":["Card","Relic","Card","Card","Relic"],"build_version":"2020-12-22","purchased_purges":2,"victory":false,"max_hp_per_floor":[71,71,71,71,71,71,71,71,71,71,71,71,71,71,71,71,71,71,71,71,71,71,71,71,71],"card_choices":[{"not_picked":["Doom and Gloom","Streamline"],"picked":"Conserve Battery","floor":1},{"not_picked":["Rebound","Gash","Consume"],"picked":"SKIP","floor":5},{"not_picked":["Darkness","Coolheaded","Gash"],"picked":"SKIP","floor":8},{"not_picked":["Storm","Conserve Battery"],"picked":"Cold Snap","floor":10},{"not_picked":["Leap","Rebound","Melter"],"picked":"SKIP","floor":14},{"not_picked":["Melter","Coolheaded","Sweeping Beam"],"picked":"SKIP","floor":18},{"not_picked":["Darkness","Blizzard"],"picked":"Ball Lightning","floor":21},{"not_picked":["Leap","Darkness","Steam"],"picked":"SKIP","floor":22}],"player_experience":1206468,"relics_obtained":[{"floor":8,"key":"Shuriken"},{"floor":9,"key":"Mummified Hand"},{"floor":12,"key":"Meat on the Bone"}],"event_choices":[{"damage_healed":0,"gold_gain":0,"player_choice":"1 cards matched","damage_taken":0,"max_hp_gain":0,"max_hp_loss":0,"event_name":"Match and Keep!","floor":3,"gold_loss":0,"cards_obtained":["Zap"]},{"damage_healed":0,"gold_gain":0,"player_choice":"Bought 1 Potion","damage_taken":0,"max_hp_gain":0,"max_hp_loss":0,"event_name":"The Woman in Blue","floor":7,"gold_loss":0},{"damage_healed":0,"gold_gain":0,"player_choice":"Ignored","damage_taken":0,"max_hp_gain":0,"max_hp_loss":0,"event_name":"N\u0027loth","floor":19,"gold_loss":0}],"is_beta":false,"boss_relics":[{"not_picked":["reliquary:RedPaperclip","Ectoplasm"],"picked":"Sozu"}],"items_purged_floors":[2,4],"is_endless":false,"potions_floor_spawned":[1,8,10,16,21],"killed_by":"Cultist and Chosen","ascension_level":19}}