{"host":"6gl4z8x6qhx9xtfj","time":1612162142,"event":{"mods":["2.2 Compatiblity","AchievementEnabler","BaseMod","Bestiary","Colored Map","Colored Powertips","Evolution","Minty Spire (QoL Compilation)","Quick Restart","Relic Stats","StSLib","SuperFastMode"],"gold_per_floor":[165,175,175,188,208,208,233,233,257,257,292,292,317,317,317,413,413,450,487,172,193,246,312,312,373,373,421,472,472,472,517,517,629,629,653,724,724,724],"floor_reached":37,"language":"RUS","playtime":2215,"items_purged":[],"score":597,"play_id":"8fd55787-530e-413a-b5d0-01a27f2cf11a","local_time":"20210201094902","is_ascension_mode":true,"campfire_choices":[{"data":"Eruption","floor":6,"key":"SMITH"},{"data":"Vigilance","floor":8,"key":"SMITH"},{"data":"Pray","floor":12,"key":"SMITH"},{"data":"Prostrate","floor":15,"key":"SMITH"},{"floor":24,"key":"REST"},{"floor":32,"key":"REST"}],"circlet_count":0,"master_deck":["CrushJoints","CutThroughFate","FollowUp","Evaluate","ThirdEye","EmptyBody+1","Evaluate","Eruption+1","Vigilance+1","BattleHymn","Prostrate+1","FlyingSleeves","ConjureBlade","LikeWater","Pray+1","Wish","Evaluate+1","Wireheading","Prostrate","Prostrate","WreathOfFlame+1","Establishment","CarveReality+1","CutThroughFate","WheelKick","Omniscience","CarveReality+1","Prostrate+1"],"relics":["EVO:Axolotl","Tiny House","Orichalcum","PreservedInsect","Boot","Oddly Smooth Stone","Regal Pillow","Fusion Hammer","Nunchaku","CeramicFish","Bronze Scales","MealTicket","Eternal Feather","GremlinMask","Sozu"],"acts_visited":["Exordium","TheCity","TheBeyond"],"potions_floor_usage":[16,31],"damage_taken":[{"damage":0,"enemies":"Jaw Worm","floor":1,"turns":3},{"damage":0,"enemies":"Cultist","floor":2,"turns":3},{"damage":8,"enemies":"2 Louse","floor":4,"turns":2},{"damage":4,"enemies":"Large Slime","floor":5,"turns":4},{"damage":10,"enemies":"3 Sentries","floor":7,"turns":7},{"damage":4,"enemies":"Lagavulin","floor":11,"turns":4},{"damage":11,"enemies":"3 Sentries","floor":13,"turns":5},{"damage":3,"enemies":"The Guardian","floor":16,"turns":7},{"damage":12,"enemies":"Spheric Guardian","floor":18,"turns":5},{"damage":4,"enemies":"2 Thieves","floor":19,"turns":4},{"damage":6,"enemies":"Snake Plant","floor":21,"turns":3},{"damage":10,"enemies":"3 Cultists","floor":22,"turns":5},{"damage":22,"enemies":"Gremlin Leader","floor":23,"turns":4},{"damage":25,"enemies":"Slavers","floor":25,"turns":4},{"damage":12,"enemies":"Sentry and Sphere","floor":27,"turns":5},{"damage":5,"enemies":"Cultist and Chosen","floor":28,"turns":7},{"damage":2,"enemies":"Centurion and Healer","floor":31,"turns":7},{"damage":37,"enemies":"Automaton","floor":33,"turns":8},{"damage":38,"enemies":"3 Shapes","floor":35,"turns":5},{"damage":1,"enemies":"Orb Walker","floor":36,"turns":3},{"damage":50,"enemies":"Maw","floor":37,"turns":4}],"seed_played":"-5975065681668514264","potions_obtained":[{"floor":0,"key":"DistilledChaos"},{"floor":1,"key":"Weak Potion"},{"floor":4,"key":"Weak Potion"},{"floor":5,"key":"Fire Potion"},{"floor":18,"key":"LiquidMemories"},{"floor":23,"key":"Regen Potion"},{"floor":28,"key":"Ambrosia"}],"is_trial":false,"path_per_floor":["M","M","?","M","M","R","E","R","T","?","E","R","E","?","R","B",null,"M","M","$","M","M","E","R","E","T","M","M","?","?","M","R","B",null,"M","M","M"],"character_chosen":"WATCHER","items_purchased":["Nunchaku","CeramicFish","Wireheading"],"campfire_rested":2,"item_purchase_floors":[20,20,20],"current_hp_per_floor":[81,81,81,73,69,69,59,59,59,59,55,55,44,37,37,34,81,69,65,65,59,49,27,66,41,41,29,24,9,9,22,77,40,86,48,47,0,0],"gold":724,"neow_bonus":"BOSS_RELIC","is_daily":false,"chose_seed":false,"campfire_upgraded":4,"win_rate":0.0,"timestamp":1612162142,"path_taken":["M","M","?","?","M","R","E","R","T","?","E","R","E","?","R","BOSS","M","M","$","M","M","E","R","E","T","M","M","?","?","M","R","BOSS","M","M","M"],"items_purchased_type":["Relic","Relic","Card"],"build_version":"2020-12-22","purchased_purges":0,"victory":false,"max_hp_per_floor":[81,81,81,81,81,81,81,81,81,81,81,81,81,81,81,81,81,81,81,81,81,81,81,81,81,81,81,81,86,86,86,86,86,86,86,86,86,86],"relic_stats":{"Sozu":0,"Regal Pillow":30,"Nunchaku":[10],"counters":[21,99],"CeramicFish":99,"Bronze Scales":[108],"MealTicket":0,"Eternal Feather":15,"PreservedInsect":146,"Orichalcum":[12],"Boot":[15],"obtain_stats":[{"Regal Pillow":13,"Tiny House":0,"CeramicFish":20,"Oddly Smooth Stone":11,"Eternal Feather":26,"GremlinMask":30,"PreservedInsect":9,"EVO:Axolotl":0,"Orichalcum":7,"Boot":10,"Sozu":34,"Nunchaku":20,"Bronze Scales":23,"MealTicket":25,"Fusion Hammer":17,"PureWater":0},{"Regal Pillow":7,"Tiny House":0,"CeramicFish":10,"Oddly Smooth Stone":6,"Eternal Feather":14,"GremlinMask":16,"PreservedInsect":5,"EVO:Axolotl":0,"Orichalcum":5,"Boot":5,"Sozu":18,"Nunchaku":10,"Bronze Scales":13,"MealTicket":14,"Fusion Hammer":8,"PureWater":0},{"Regal Pillow":28,"Tiny House":0,"CeramicFish":44,"Oddly Smooth Stone":23,"Eternal Feather":60,"GremlinMask":72,"PreservedInsect":19,"EVO:Axolotl":0,"Orichalcum":19,"Boot":19,"Sozu":87,"Nunchaku":44,"Bronze Scales":56,"MealTicket":60,"Fusion Hammer":35,"PureWater":0}]},"card_choices":[{"not_picked":["EmptyBody","PathToVictory"],"picked":"BattleHymn","floor":0},{"not_picked":["DeceiveReality","PathToVictory"],"picked":"Prostrate","floor":1},{"not_picked":["JustLucky","Halt"],"picked":"FlyingSleeves","floor":2},{"not_picked":["FlyingSleeves","ThirdEye"],"picked":"ConjureBlade","floor":4},{"not_picked":["WreathOfFlame","BowlingBash"],"picked":"LikeWater","floor":5},{"not_picked":["SashWhip","CrushJoints","Halt"],"picked":"SKIP","floor":7},{"not_picked":["CrushJoints","Weave"],"picked":"Pray","floor":11},{"not_picked":["CrushJoints","Study","FollowUp"],"picked":"SKIP","floor":13},{"not_picked":["Brilliance","Vault"],"picked":"Wish","floor":16},{"not_picked":["FlyingSleeves","Halt"],"picked":"Evaluate+1","floor":18},{"not_picked":["ClearTheMind","ThirdEye","Crescendo"],"picked":"SKIP","floor":19},{"not_picked":["Tantrum+1","FearNoEvil+1"],"picked":"Prostrate","floor":21},{"not_picked":["WaveOfTheHand","Protect"],"picked":"Prostrate","floor":22},{"not_picked":["BowlingBash","WindmillStrike"],"picked":"WreathOfFlame+1","floor":23},{"not_picked":["JustLucky","BowlingBash+1"],"picked":"Establishment","floor":25},{"not_picked":["CutThroughFate","FlurryOfBlows+1"],"picked":"CarveReality+1","floor":27},{"not_picked":["Pray+1","EmptyFist"],"picked":"CutThroughFate","floor":28},{"not_picked":["LikeWater","CarveReality+1"],"picked":"WheelKick","floor":31},{"not_picked":["Wish","ConjureBlade"],"picked":"Omniscience","floor":33},{"not_picked":["EmptyBody","Crescendo"],"picked":"CarveReality+1","floor":35},{"not_picked":["Conclude","ThirdEye"],"picked":"Prostrate+1","floor":36}],"player_experience":99775,"relics_obtained":[{"floor":7,"key":"Orichalcum"},{"floor":9,"key":"PreservedInsect"},{"floor":11,"key":"Oddly Smooth Stone"},{"floor":13,"key":"Regal Pillow"},{"floor":23,"key":"Bronze Scales"},{"floor":25,"key":"MealTicket"},{"floor":26,"key":"Eternal Feather"}],"event_choices":[{"cards_removed":["SashWhip"],"damage_healed":5,"gold_gain":0,"player_choice":"Offered Common","damage_taken":0,"max_hp_gain":0,"max_hp_loss":0,"event_name":"Bonfire Elementals","floor":3,"gold_loss":0},{"cards_removed":["SashWhip"],"damage_healed":5,"gold_gain":0,"player_choice":"Offered Special","damage_taken":0,"max_hp_gain":0,"max_hp_loss":0,"event_name":"Bonfire Elementals","floor":3,"gold_loss":0},{"damage_healed":0,"gold_gain":0,"player_choice":"Box","damage_taken":0,"relics_obtained":["Boot"],"max_hp_gain":0,"max_hp_loss":0,"event_name":"Big Fish","floor":10,"gold_loss":0,"cards_obtained":["Regret"]},{"cards_removed":["Regret"],"damage_healed":0,"gold_gain":0,"player_choice":"Card Removal","damage_taken":7,"max_hp_gain":0,"max_hp_loss":0,"event_name":"Golden Wing","floor":14,"gold_loss":0},{"damage_healed":0,"gold_gain":0,"player_choice":"Shed Blood","damage_taken":20,"max_hp_gain":5,"max_hp_loss":0,"event_name":"Forgotten Altar","floor":29,"gold_loss":0},{"damage_healed":0,"gold_gain":0,"player_choice":"Trade","damage_taken":0,"relics_obtained":["GremlinMask"],"max_hp_gain":0,"max_hp_loss":0,"event_name":"FaceTrader","floor":30,"gold_loss":0}],"is_beta":false,"boss_relics":[{"not_picked":["Runic Dome","Runic Pyramid"],"picked":"Fusion Hammer"},{"not_picked":["Velvet Choker","SlaversCollar"],"picked":"Sozu"}],"items_purged_floors":[],"is_endless":false,"potions_floor_spawned":[1,4,5,18,22,23,28],"killed_by":"Maw","ascension_level":4}}