{"host":"2se5dq1do2gp0x9k","time":1612143227,"event":{"mods":["AchievementEnabler","BaseMod","Block Reminder","Colored Map","Colored Powertips","Minty Spire (QoL Compilation)","Relic Stats","StSLib","SuperFastMode"],"gold_per_floor":[119,16,33,33,108,143,143,143,143],"floor_reached":8,"language":"ENG","playtime":95,"items_purged":[],"score":158,"play_id":"b52ec24c-47c9-404c-b0bd-ea7992507118","local_time":"20210131173347","is_ascension_mode":true,"campfire_choices":[{"data":"Footwork","floor":7,"key":"SMITH"}],"circlet_count":0,"master_deck":["AscendersBane","Strike_G","Strike_G","Strike_G","Strike_G","Strike_G","Defend_G","Defend_G","Defend_G","Defend_G","Defend_G","Survivor","Neutralize","Catalyst","Poisoned Stab","Footwork+1","Sucker Punch","Poisoned Stab"],"relics":["Ring of the Snake","NeowsBlessing","Golden Idol","Mercury Hourglass"],"acts_visited":["Exordium"],"potions_floor_usage":[8],"damage_taken":[{"damage":0,"enemies":"Jaw Worm","floor":1,"turns":1},{"damage":0,"enemies":"2 Louse","floor":3,"turns":1},{"damage":0,"enemies":"3 Sentries","floor":6,"turns":2},{"damage":48,"enemies":"Gremlin Nob","floor":8,"turns":4}],"seed_played":"-7913097091589885886","potions_obtained":[{"floor":6,"key":"Weak Potion"}],"is_trial":false,"path_per_floor":["M","$","M","?","?","E","R","E"],"character_chosen":"THE_SILENT","items_purchased":["Poisoned Stab","Footwork"],"campfire_rested":0,"item_purchase_floors":[2,2],"current_hp_per_floor":[59,59,59,59,48,48,48,0,0],"gold":143,"neow_bonus":"THREE_ENEMY_KILL","is_daily":false,"chose_seed":false,"campfire_upgraded":1,"win_rate":0.0,"timestamp":1612143227,"path_taken":["M","$","M","?","?","E","R","E"],"items_purchased_type":["Card","Card"],"build_version":"2020-12-22","purchased_purges":0,"victory":false,"max_hp_per_floor":[66,66,66,60,60,60,60,60,60],"relic_stats":{"counters":[4,8],"Golden Idol":7,"obtain_stats":[{"NeowsBlessing":0,"Golden Idol":4,"Ring of the Snake":0,"Mercury Hourglass":6},{"NeowsBlessing":0,"Golden Idol":2,"Ring of the Snake":0,"Mercury Hourglass":3},{"NeowsBlessing":0,"Golden Idol":2,"Ring of the Snake":0,"Mercury Hourglass":4}],"Ring of the Snake":[8],"Mercury Hourglass":[12]},"card_choices":[{"not_picked":["Backflip","Backstab"],"picked":"Catalyst","floor":1},{"not_picked":["Eviscerate","Prepared"],"picked":"Sucker Punch","floor":3},{"not_picked":["Underhanded Strike","Dodge and Roll"],"picked":"Poisoned Stab","floor":6}],"player_experience":4033473,"relics_obtained":[{"floor":6,"key":"Mercury Hourglass"}],"event_choices":[{"damage_healed":0,"gold_gain":0,"player_choice":"Lose Max HP","damage_taken":0,"relics_obtained":["Golden Idol"],"max_hp_gain":0,"max_hp_loss":6,"event_name":"Golden Idol","floor":4,"gold_loss":0},{"damage_healed":0,"gold_gain":75,"player_choice":"Gather Gold","damage_taken":11,"max_hp_gain":0,"max_hp_loss":0,"event_name":"World of Goop","floor":5,"gold_loss":0}],"is_beta":false,"boss_relics":[],"items_purged_floors":[],"is_endless":false,"potions_floor_spawned":[6],"killed_by":"Gremlin Nob","ascension_level":20}}