{"host":"5dhwd44u3dydylwe","time":1612185674,"event":{"mods":["AchievementEnabler","BaseMod","BetterRewards","Dota2Spire","Hubris","Minty Spire (QoL Compilation)","Shop Mod","StSLib","Wandering Minibosses"],"gold_per_floor":[116,129,129,129,149,178,178,178,53,63,88,105,105,140,152,80,80,177,177,177,275,275,293,311,311,66,66,92,103,30,30,30,59,59,158,178,178,178,275,275,288,288,288,302,352,378,378,403,428,454,465,465,183,210,210,210,210,210,210,17,50,50],"floor_reached":63,"language":"ENG","playtime":2970,"items_purged":["Strike_G","Strike_G","Strike_G"],"score":2797,"play_id":"9ca4aa02-68c8-49cd-add9-92fa4159e452","local_time":"20210201212114","is_ascension_mode":true,"campfire_choices":[{"data":"Catalyst","floor":7,"key":"SMITH"},{"data":"Storm of Steel","floor":13,"key":"SMITH"},{"data":"Burst","floor":17,"key":"SMITH"},{"data":"Bouncing Flask","floor":20,"key":"SMITH"},{"data":"Dash","floor":34,"key":"SMITH"},{"data":"Well Laid Plans","floor":37,"key":"SMITH"},{"data":"Leg Sweep","floor":38,"key":"SMITH"},{"data":"1","floor":47,"key":"LIFT"},{"floor":55,"key":"RECALL"},{"data":"Crippling Poison","floor":56,"key":"SMITH"},{"data":"Calculated Gamble","floor":59,"key":"SMITH"}],"circlet_count":0,"master_deck":["Defend_G","Defend_G","Survivor","Neutralize","Glass Knife+1","Dagger Spray","Leg Sweep+1","Poisoned Stab","PiercingWail","Burst+1","Bouncing Flask+1","Dash+1","Necronomicurse","Backflip","Well Laid Plans+1","Blur","Acrobatics+1","Die Die Die+1","Outmaneuver+1","Noxious Fumes+1","Skewer+1","Footwork+1","Crippling Poison+1","Calculated Gamble+1","Footwork"],"relics":["Ring of the Snake","Medical Kit","Pantograph","PreservedInsect","ClockworkSouvenir","TheAbacus","Anchor","hubris:TinFlute","Art of War","Happy Flower","Juzu Bracelet","Dota2Spire:BattleFury","hubris:Icosahedron","hubris:AncientText","Akabeko","Dota2Spire:Bloodstone","Empty Cage","Necronomicon","Dota2Spire:AghanimScepter","hubris:Potato","hubris:CrystalStatue","Dota2Spire:Dagon","Astrolabe","wanderingMiniBosses:AbyssPearl","hubris:AstralHammer","Girya","hubris:Zylophone","Blood Vial","Thread and Needle","Membership Card","Gremlin Horn","Dota2Spire:BladeMail","TungstenRod","Orichalcum"],"acts_visited":[],"potions_floor_usage":[21,39,61,62],"damage_taken":[{"damage":0,"enemies":"Cultist","floor":1,"turns":3},{"damage":0,"enemies":"Jaw Worm","floor":2,"turns":3},{"damage":0,"enemies":"Small Slimes","floor":5,"turns":5},{"damage":2,"enemies":"Lagavulin","floor":6,"turns":5},{"damage":0,"enemies":"Looter","floor":10,"turns":6},{"damage":0,"enemies":"Exordium Thugs","floor":12,"turns":4},{"damage":0,"enemies":"3 Sentries","floor":14,"turns":2},{"damage":0,"enemies":"2 Fungi Beasts","floor":15,"turns":5},{"damage":4,"enemies":"The Guardian","floor":18,"turns":7},{"damage":0,"enemies":"The Guardian","floor":21,"turns":7},{"damage":0,"enemies":"Spheric Guardian","floor":23,"turns":2},{"damage":0,"enemies":"Shell Parasite","floor":24,"turns":1},{"damage":0,"enemies":"Gremlin Leader","floor":28,"turns":3},{"damage":0,"enemies":"Snake Plant","floor":29,"turns":5},{"damage":2,"enemies":"Slavers","floor":33,"turns":3},{"damage":5,"enemies":"Shelled Parasite and Fungi","floor":36,"turns":5},{"damage":0,"enemies":"Collector","floor":39,"turns":4},{"damage":0,"enemies":"Orb Walker","floor":41,"turns":7},{"damage":0,"enemies":"3 Darklings","floor":44,"turns":3},{"damage":12,"enemies":"2 Orb Walkers","floor":45,"turns":3},{"damage":0,"enemies":"Giant Head","floor":46,"turns":5},{"damage":0,"enemies":"Reptomancer","floor":48,"turns":2},{"damage":3,"enemies":"Giant Head","floor":50,"turns":5},{"damage":0,"enemies":"Writhing Mass","floor":51,"turns":3},{"damage":3,"enemies":"Donu and Deca","floor":57,"turns":7},{"damage":7,"enemies":"Shield and Spear","floor":61,"turns":6},{"damage":25,"enemies":"The Heart","floor":62,"turns":7}],"seed_played":"4636945163295479522","potions_obtained":[{"floor":2,"key":"Weak Potion"},{"floor":5,"key":"Block Potion"},{"floor":6,"key":"EssenceOfSteel"},{"floor":28,"key":"FearPotion"},{"floor":46,"key":"BlessingOfTheForge"},{"floor":61,"key":"LiquidBronze"}],"is_trial":false,"path_per_floor":["M","M","T","?","M","E","R","?","$","M","T","M","R","E","M","$","R","B",null,"R","B",null,"M","M","?","$","?","E","M","$","T","$","E","R","?","M","R","R","B",null,"M","?","?","M","?","E","R","E","T","E","M","?","$","T","R","R","B",null,"R","$","E","B",null],"character_chosen":"THE_SILENT","items_purchased":["Medical Kit","Pantograph","PreservedInsect","Glass Knife","Dagger Spray","ClockworkSouvenir","TheAbacus","Catalyst","Anchor","hubris:TinFlute","Leg Sweep","Art of War","Happy Flower","Juzu Bracelet","Storm of Steel","Bouncing Flask","Dota2Spire:AghanimScepter","Well Laid Plans","Membership Card","Gremlin Horn","TungstenRod","Footwork"],"campfire_rested":0,"item_purchase_floors":[0,0,0,0,0,0,0,0,0,0,0,0,0,0,0,16,26,30,53,53,60,60],"current_hp_per_floor":[21,21,21,21,21,19,19,19,19,19,19,19,19,19,19,19,19,40,40,40,65,69,69,69,53,53,53,53,53,53,53,53,51,51,51,46,46,46,70,70,70,70,70,70,58,58,58,58,58,57,59,52,52,52,52,52,67,69,69,69,63,45],"gold":50,"neow_bonus":"","is_daily":false,"chose_seed":false,"campfire_upgraded":9,"win_rate":0.0,"timestamp":1612185674,"path_taken":["M","M","?","?","M","E","R","?","?","M","T","M","R","E","M","$","R","BOSS","R","BOSS","M","M","?","$","?","E","M","?","T","$","E","R","?","M","R","R","BOSS","M","?","?","M","?","E","R","E","T","E","M","?","$","?","R","R","BOSS","R","$","E","BOSS"],"items_purchased_type":["Relic","Relic","Relic","Card","Card","Relic","Relic","Card","Relic","Relic","Card","Relic","Relic","Relic","Card","Card","Relic","Card","Relic","Relic","Relic","Card"],"build_version":"2020-12-22","purchased_purges":3,"victory":true,"max_hp_per_floor":[70,70,70,70,70,70,70,70,70,70,70,70,70,70,70,70,70,70,70,70,70,70,70,70,70,70,70,70,70,70,70,70,70,70,70,70,70,70,70,70,70,70,70,70,70,70,70,70,70,70,70,70,70,70,70,70,70,70,70,70,70,70],"card_choices":[{"not_picked":["Backstab","Deflect"],"picked":"Poisoned Stab","floor":1},{"not_picked":["Backflip","Deflect"],"picked":"PiercingWail","floor":2},{"not_picked":["Outmaneuver","Predator","PiercingWail"],"picked":"SKIP","floor":5},{"not_picked":["Distraction","hubris:SlightOfHand","Doppelganger"],"picked":"SKIP","floor":6},{"not_picked":["Tactician","hubris:Counter","Blade Dance"],"picked":"SKIP","floor":10},{"not_picked":["Tactician","PiercingWail","Bane"],"picked":"SKIP","floor":12},{"not_picked":["Dodge and Roll","Escape Plan"],"picked":"Burst","floor":14},{"not_picked":["Dagger Throw","Underhanded Strike","hubris:Counter"],"picked":"SKIP","floor":15},{"not_picked":["Poisoned Stab","Bouncing Flask+1"],"picked":"Dash","floor":23},{"not_picked":["Poisoned Stab","Flying Knee+1","Bane"],"picked":"SKIP","floor":24},{"not_picked":["Predator","Deadly Poison","Slice+1"],"picked":"SKIP","floor":28},{"not_picked":["Caltrops","Dagger Spray"],"picked":"Backflip","floor":29},{"not_picked":["Endless Agony","Skewer"],"picked":"Blur","floor":33},{"not_picked":["Dagger Spray","Quick Slash"],"picked":"Acrobatics+1","floor":36},{"not_picked":["Prepared","hubris:Counter+1"],"picked":"Noxious Fumes+1","floor":41},{"not_picked":["Prepared","Sucker Punch"],"picked":"Skewer+1","floor":44},{"not_picked":["Underhanded Strike+1","Dodge and Roll"],"picked":"Footwork+1","floor":46},{"not_picked":["Die Die Die","Quick Slash+1"],"picked":"Crippling Poison","floor":48},{"not_picked":["Reflex","Tactician"],"picked":"Calculated Gamble","floor":50},{"not_picked":["Outmaneuver","Flechettes+1","Predator+1"],"picked":"SKIP","floor":51},{"not_picked":["Flechettes","Dagger Spray+1","Underhanded Strike"],"picked":"SKIP","floor":61}],"player_experience":150561,"relics_obtained":[{"floor":3,"key":"Dota2Spire:BattleFury"},{"floor":6,"key":"hubris:AncientText"},{"floor":14,"key":"Akabeko"},{"floor":25,"key":"Necronomicon"},{"floor":28,"key":"hubris:Potato"},{"floor":31,"key":"hubris:CrystalStatue"},{"floor":33,"key":"Dota2Spire:Dagon"},{"floor":41,"key":"wanderingMiniBosses:AbyssPearl"},{"floor":45,"key":"hubris:AstralHammer"},{"floor":46,"key":"Girya"},{"floor":48,"key":"hubris:Zylophone"},{"floor":49,"key":"Blood Vial"},{"floor":50,"key":"Thread and Needle"},{"floor":54,"key":"Dota2Spire:BladeMail"},{"floor":61,"key":"Orichalcum"}],"event_choices":[{"damage_healed":0,"gold_gain":0,"player_choice":"Obtained Book","damage_taken":16,"max_hp_gain":0,"max_hp_loss":0,"event_name":"Cursed Tome","floor":25,"gold_loss":0},{"cards_removed":["Defend_G"],"damage_healed":0,"gold_gain":0,"player_choice":"Offered Basic","damage_taken":0,"max_hp_gain":0,"max_hp_loss":0,"event_name":"Bonfire Elementals","floor":27,"gold_loss":0},{"damage_healed":0,"gold_gain":99,"player_choice":"Stole From Cult","damage_taken":0,"max_hp_gain":0,"max_hp_loss":0,"event_name":"Nest","floor":35,"gold_loss":0},{"damage_healed":0,"gold_gain":0,"player_choice":"Ignored","damage_taken":0,"max_hp_gain":0,"max_hp_loss":0,"event_name":"Tomb of Lord Red Mask","floor":42,"gold_loss":0},{"cards_removed":["Distraction"],"damage_healed":0,"gold_gain":0,"player_choice":"Purged","damage_taken":0,"max_hp_gain":0,"max_hp_loss":0,"event_name":"Purifier","floor":43,"gold_loss":0},{"damage_healed":0,"gold_gain":0,"player_choice":"Fight","damage_taken":0,"max_hp_gain":0,"max_hp_loss":0,"event_name":"Mysterious Sphere","floor":45,"gold_loss":0},{"damage_healed":0,"gold_gain":0,"player_choice":"Damaged","damage_taken":7,"max_hp_gain":0,"max_hp_loss":0,"event_name":"Wheel of Change","floor":52,"gold_loss":0}],"is_beta":false,"boss_relics":[{"not_picked":["Cursed Key","Philosopher\u0027s Stone"],"picked":"Dota2Spire:Bloodstone"},{"not_picked":["Fusion Hammer","SacredBark"],"picked":"Empty Cage"},{"not_picked":["Velvet Choker","hubris:BlackHole"],"picked":"Astrolabe"}],"items_purged_floors":[0,0,9],"is_endless":false,"potions_floor_spawned":[2,5,6,12,18,28,29,46,48,51,61],"ascension_level":8}}