{"host":"15dd7v8o90xso62x","time":1612180328,"event":{"mods":["BaseMod","Minty Spire (QoL Compilation)","Quick Restart","StSLib","SuperFastMode"],"gold_per_floor":[111,71,89,109,179,210,242,58,58,58,74,74,86,86,86],"floor_reached":14,"language":"KOR","playtime":314,"items_purged":["Strike_G"],"score":184,"play_id":"3020adc5-d656-4efd-94cc-763a3e0cb519","local_time":"20210201205208","is_ascension_mode":true,"campfire_choices":[{"data":"Blade Dance","floor":10.0,"key":"SMITH"},{"data":"Cloak And Dagger","floor":12.0,"key":"SMITH"}],"circlet_count":0,"master_deck":["AscendersBane","Strike_G","Strike_G","Strike_G","Defend_G","Defend_G","Defend_G","Defend_G","Survivor","Neutralize","Poisoned Stab","Masterful Stab","Dagger Spray","Cloak And Dagger+1","Well Laid Plans","Blade Dance+1"],"relics":["Ring of the Snake","Darkstone Periapt","MawBank","Membership Card","Strawberry"],"acts_visited":["Exordium"],"potions_floor_usage":[14],"damage_taken":[{"damage":0.0,"enemies":"Cultist","floor":1.0,"turns":3.0},{"damage":0.0,"enemies":"Small Slimes","floor":3.0,"turns":2.0},{"damage":2.0,"enemies":"Jaw Worm","floor":4.0,"turns":4.0},{"damage":45.0,"enemies":"Lagavulin","floor":6.0,"turns":7.0},{"damage":0.0,"enemies":"Lots of Slimes","floor":7.0,"turns":2.0},{"damage":1.0,"enemies":"Looter","floor":11.0,"turns":3.0},{"damage":0.0,"enemies":"Large Slime","floor":13.0,"turns":3.0},{"damage":38,"enemies":"Gremlin Nob","floor":14,"turns":3}],"seed_played":"-3122723365001823554","potions_obtained":[{"floor":2.0,"key":"FairyPotion"},{"floor":2.0,"key":"EntropicBrew"},{"floor":6.0,"key":"Explosive Potion"},{"floor":7.0,"key":"Energy Potion"}],"is_trial":false,"path_per_floor":["M","?","M","M","T","E","M","$","T","R","M","R","M","E"],"character_chosen":"THE_SILENT","items_purchased":["Membership Card"],"campfire_rested":0,"item_purchase_floors":[8],"current_hp_per_floor":[44,44,44,42,42,19,19,19,26,26,25,25,25,0,0],"gold":86,"neow_bonus":"TRANSFORM_TWO_CARDS","is_daily":false,"chose_seed":false,"campfire_upgraded":2,"win_rate":0.0,"timestamp":1612180328,"path_taken":["M","?","M","?","?","E","M","$","T","R","M","R","M","E"],"items_purchased_type":["Relic"],"build_version":"2020-12-22","purchased_purges":1,"victory":false,"max_hp_per_floor":[66,66,66,66,66,66,66,66,73,73,73,73,73,73,73],"card_choices":[{"not_picked":["Quick Slash","Flechettes"],"picked":"Dagger Spray","floor":1.0},{"not_picked":["PiercingWail","Calculated Gamble"],"picked":"Cloak And Dagger","floor":3.0},{"not_picked":["Flechettes","Dodge and Roll"],"picked":"Well Laid Plans","floor":4.0},{"not_picked":["Backflip","Sucker Punch","Dodge and Roll"],"picked":"SKIP","floor":6.0},{"not_picked":["PiercingWail","Expertise"],"picked":"Blade Dance","floor":7.0},{"not_picked":["Slice","Backflip","Expertise"],"picked":"SKIP","floor":11.0},{"not_picked":["Masterful Stab","Endless Agony","Concentrate"],"picked":"SKIP","floor":13.0}],"player_experience":922822,"relics_obtained":[{"floor":5.0,"key":"Darkstone Periapt"},{"floor":6.0,"key":"MawBank"},{"floor":9.0,"key":"Strawberry"}],"event_choices":[{"damage_healed":0.0,"max_hp_gain":0.0,"max_hp_loss":0.0,"gold_gain":0.0,"event_name":"The Woman in Blue","player_choice":"Bought 3 Potions","floor":2.0,"gold_loss":0.0,"damage_taken":0.0}],"is_beta":false,"boss_relics":[],"items_purged_floors":[8],"is_endless":false,"potions_floor_spawned":[3,6,7],"killed_by":"Gremlin Nob","ascension_level":20}}