{"host":"28bpuzdckreop5i0","time":1612192577,"event":{"mods":["BaseMod","Challenge The Spire","Defuse TimeMaze Blight","Downfall","Energized Spire","Googly Eyes","Minty Spire (QoL Compilation)","Relic Stats","Shop Mod","Spicy Shops","StSLib","The Awakened One except there are too many feathers","The IronCluck","Transform Curses","slay the spire mod where everything is the same but ironclad has a cowboy hat"],"gold_per_floor":[99,115,135,235,335,335,358,376,390,418,418,430,430,430,443,443,443,443],"floor_reached":16,"language":"ENG","playtime":550,"items_purged":[],"score":107,"play_id":"d092ca77-0b45-46c4-8521-2dc839540b0a","local_time":"20210201091617","is_ascension_mode":true,"campfire_choices":[{"data":"bronze:Goto","floor":1,"key":"SMITH"},{"data":"bronze:Overheat","floor":6,"key":"SMITH"},{"data":"bronze:Optimize","floor":11,"key":"SMITH"},{"data":"bronze:Defend","floor":13,"key":"SMITH"}],"circlet_count":0,"master_deck":["bronze:Strike","bronze:Strike","bronze:Strike","bronze:Defend","bronze:Defend","bronze:Defend","bronze:Defend+1","bronze:Replicate","bronze:Goto+1","bronze:Optimize+1","bronze:Overheat+1","bronze:Flail","bronze:Invalidate","bronze:ChosenStrike"],"relics":["bronze:BronzeCore","Smiling Mask","HornCleat"],"acts_visited":["Exordium"],"potions_floor_usage":[12,16],"damage_taken":[{"damage":1,"enemies":"Cultist","floor":2,"turns":4},{"damage":0,"enemies":"Small Slimes","floor":3,"turns":4},{"damage":0,"enemies":"2 Louse","floor":8,"turns":2},{"damage":3,"enemies":"Red Slaver","floor":9,"turns":3},{"damage":20,"enemies":"Lagavulin","floor":10,"turns":4},{"damage":6,"enemies":"Large Slime","floor":12,"turns":3},{"damage":7,"enemies":"Blue Slaver","floor":15,"turns":2},{"damage":33,"enemies":"DF_ARCHETYPE_STREAMLINE","floor":16,"turns":7}],"seed_played":"-7676774592363484794","potions_obtained":[{"floor":3,"key":"AttackPotion"},{"floor":9,"key":"Energy Potion"},{"floor":14,"key":"bronze:CleanCodePotion"},{"floor":14,"key":"bronze:FreeFunctionsPotion"}],"is_trial":false,"path_per_floor":["R","M","M","?","?","R","T","M","M","E","R","M","R","?","M","B"],"character_chosen":"THE_AUTOMATON","items_purchased":[],"campfire_rested":0,"item_purchase_floors":[],"current_hp_per_floor":[70,69,69,69,69,69,69,69,66,46,46,40,40,40,33,0,0,0],"gold":443,"neow_bonus":"REMOVE_CARD","is_daily":false,"chose_seed":false,"campfire_upgraded":4,"win_rate":0.0,"timestamp":1612192577,"path_taken":["R","M","M","?","?","R","T","M","?","E","R","M","R","?","M","BOSS"],"items_purchased_type":[],"build_version":"2020-12-22","purchased_purges":0,"victory":false,"max_hp_per_floor":[70,70,70,70,70,70,70,70,70,70,70,70,70,70,70,70,70,70],"relic_stats":{"counters":[8,29],"Smiling Mask":0,"obtain_stats":[{"bronze:BronzeCore":0,"HornCleat":10,"Smiling Mask":7},{"bronze:BronzeCore":0,"HornCleat":5,"Smiling Mask":2},{"bronze:BronzeCore":0,"HornCleat":17,"Smiling Mask":8}]},"card_choices":[{"not_picked":["bronze:WildBeam","bronze:Invalidate"],"picked":"bronze:Optimize","floor":2},{"not_picked":["bronze:NullPointer","bronze:DelayedSlice"],"picked":"bronze:Overheat","floor":3},{"not_picked":["bronze:Backtrace","bronze:GetLatest"],"picked":"bronze:Flail","floor":8},{"not_picked":["bronze:BitShift","bronze:CutThrough"],"picked":"bronze:Invalidate","floor":9},{"not_picked":["bronze:Return","bronze:FollowUp","bronze:Frontload"],"picked":"SKIP","floor":10},{"not_picked":["bronze:Optimize","bronze:CutThrough"],"picked":"bronze:ChosenStrike","floor":12},{"not_picked":["bronze:ChosenStrike","bronze:Allocate","bronze:BugBarrage"],"picked":"SKIP","floor":15}],"player_experience":936824,"relics_obtained":[{"floor":7,"key":"Smiling Mask"},{"floor":10,"key":"HornCleat"}],"event_choices":[{"damage_healed":0,"gold_gain":0,"player_choice":"Got Potions","damage_taken":0,"max_hp_gain":0,"max_hp_loss":0,"event_name":"Lab","floor":14,"gold_loss":0}],"is_beta":false,"boss_relics":[],"items_purged_floors":[],"is_endless":false,"potions_floor_spawned":[3,9,15],"killed_by":"DF_ARCHETYPE_STREAMLINE","ascension_level":1}}