{"host":"3y2rtlgteqp2nuo3","time":1612174693,"event":{"mods":["2.2 Compatiblity","AchievementEnabler","BaseMod","Colored Map","DeckTracker","Highlight Path","Keyboard Shortcuts","Minty Spire (QoL Compilation)","Permanent Neow","Quick Restart","StSLib","SuperFastMode","everything is the same but u backflip on backflip"],"gold_per_floor":[111,129,142,154,172,172,204,224,224,224,224,299,319,62,62,62,62],"floor_reached":16,"language":"KOR","playtime":349,"items_purged":[],"score":176,"play_id":"c971b9a9-5138-44b3-91c9-837ba1d77dfa","local_time":"20210201191813","is_ascension_mode":true,"campfire_choices":[{"data":"Bash","floor":6,"key":"SMITH"},{"floor":11,"key":"REST"},{"data":"Perfected Strike","floor":15,"key":"SMITH"}],"circlet_count":0,"master_deck":["Strike_R","Strike_R","Strike_R","Strike_R","Strike_R","Defend_R","Defend_R","Defend_R","Defend_R","Bash+1","Feed","Clothesline","Iron Wave","Headbutt","Evolve","Inflame","Corruption","Perfected Strike+1"],"relics":["Burning Blood","Art of War","Letter Opener","Golden Idol","Paper Frog"],"acts_visited":["Exordium"],"potions_floor_usage":[16],"damage_taken":[{"damage":1,"enemies":"Cultist","floor":1,"turns":3},{"damage":7,"enemies":"Jaw Worm","floor":2,"turns":3},{"damage":7,"enemies":"Small Slimes","floor":3,"turns":3},{"damage":9,"enemies":"Looter","floor":4,"turns":3},{"damage":25,"enemies":"Exordium Thugs","floor":5,"turns":7},{"damage":59,"enemies":"3 Sentries","floor":7,"turns":9},{"damage":11,"enemies":"2 Fungi Beasts","floor":8,"turns":4},{"damage":16,"enemies":"Looter","floor":13,"turns":4},{"damage":29,"enemies":"Hexaghost","floor":16,"turns":8}],"seed_played":"-9200296810496465019","potions_obtained":[{"floor":1,"key":"SkillPotion"},{"floor":3,"key":"Weak Potion"},{"floor":4,"key":"EssenceOfSteel"}],"is_trial":false,"path_per_floor":["M","M","M","M","M","R","E","M","T","?","R","?","M","$","R","B"],"character_chosen":"IRONCLAD","items_purchased":["Paper Frog"],"campfire_rested":1,"item_purchase_floors":[14],"current_hp_per_floor":[80,82,84,84,68,68,18,16,16,16,43,32,25,25,25,0,0],"gold":62,"neow_bonus":"ONE_RANDOM_RARE_CARD","is_daily":false,"chose_seed":false,"campfire_upgraded":2,"win_rate":0.0,"timestamp":1612174693,"path_taken":["M","M","M","M","M","R","E","M","T","?","R","?","M","$","R","BOSS"],"items_purchased_type":["Relic"],"build_version":"2020-12-22","purchased_purges":0,"victory":false,"max_hp_per_floor":[83,86,89,92,95,95,98,101,101,93,93,93,96,96,96,96,96],"card_choices":[{"not_picked":["Battle Trance","Havoc"],"picked":"Clothesline","floor":1},{"not_picked":["Feel No Pain","Disarm"],"picked":"Iron Wave","floor":2},{"not_picked":["Reckless Charge","Havoc"],"picked":"Headbutt","floor":3},{"not_picked":["Shockwave","Combust"],"picked":"Evolve","floor":4},{"not_picked":["Warcry","Bloodletting"],"picked":"Inflame","floor":5},{"not_picked":["Sentinel","Dual Wield"],"picked":"Corruption","floor":7},{"not_picked":["True Grit","Cleave"],"picked":"Perfected Strike","floor":8},{"not_picked":["Power Through","Dark Embrace","Ghostly Armor"],"picked":"SKIP","floor":13}],"player_experience":738012,"relics_obtained":[{"floor":7,"key":"Art of War"},{"floor":9,"key":"Letter Opener"}],"event_choices":[{"damage_healed":0,"gold_gain":0,"player_choice":"Lose Max HP","damage_taken":0,"relics_obtained":["Golden Idol"],"max_hp_gain":0,"max_hp_loss":8,"event_name":"Golden Idol","floor":10,"gold_loss":0},{"damage_healed":0,"gold_gain":75,"player_choice":"Gather Gold","damage_taken":11,"max_hp_gain":0,"max_hp_loss":0,"event_name":"World of Goop","floor":12,"gold_loss":0}],"is_beta":false,"boss_relics":[],"items_purged_floors":[],"is_endless":false,"potions_floor_spawned":[1,3,4,5],"killed_by":"Hexaghost","ascension_level":9}}