{"host":"63yhhrjweyj22b0v","time":1612154194,"event":{"mods":["BaseMod","Minty Spire (QoL Compilation)","Quick Restart"],"gold_per_floor":[117,292,292,91,107,107,38,68,116,131,148,159,159,11,11,115,115,126,126,137,137,68,68,87,87,138,158,158,158],"floor_reached":28,"language":"ENG","playtime":925,"items_purged":["Strike_B"],"score":243,"play_id":"424960ca-5a8a-499f-892e-d8b70b0730bd","local_time":"20210131223634","is_ascension_mode":false,"campfire_choices":[{"data":"Zap","floor":6,"key":"SMITH"},{"data":"Rainbow","floor":13,"key":"SMITH"},{"data":"Static Discharge","floor":15,"key":"SMITH"},{"floor":23,"key":"REST"},{"floor":25,"key":"REST"}],"circlet_count":0,"master_deck":["Strike_B","Strike_B","Strike_B","Defend_B","Defend_B","Defend_B","Defend_B","Zap+1","Dualcast","BootSequence","Ball Lightning","Redo","Static Discharge+1","White Noise","Rainbow+1","Consume","Ball Lightning","Capacitor","Thunder Strike","Sweeping Beam+1","Storm","Self Repair","Loop"],"relics":["Cracked Core","NeowsBlessing","Chemical X","StoneCalendar","Bronze Scales","Inserter","Bag of Marbles"],"acts_visited":["Exordium","TheCity"],"potions_floor_usage":[12,20,27],"damage_taken":[{"damage":0,"enemies":"2 Louse","floor":1,"turns":1},{"damage":0,"enemies":"Jaw Worm","floor":5,"turns":1},{"damage":0,"enemies":"Gremlin Nob","floor":8,"turns":1},{"damage":0,"enemies":"Small Slimes","floor":10,"turns":2},{"damage":10,"enemies":"Exordium Thugs","floor":11,"turns":3},{"damage":6,"enemies":"Lots of Slimes","floor":12,"turns":2},{"damage":31,"enemies":"Slime Boss","floor":16,"turns":7},{"damage":19,"enemies":"Spheric Guardian","floor":18,"turns":4},{"damage":38,"enemies":"Shell Parasite","floor":20,"turns":5},{"damage":27,"enemies":"Sentry and Sphere","floor":24,"turns":5},{"damage":13,"enemies":"Centurion and Healer","floor":27,"turns":7},{"damage":27,"enemies":"3 Cultists","floor":28,"turns":3}],"seed_played":"-6982612755049236865","potions_obtained":[{"floor":10,"key":"FocusPotion"},{"floor":18,"key":"SteroidPotion"},{"floor":24,"key":"Explosive Potion"}],"is_trial":false,"path_per_floor":["M","?","?","$","M","R","$","E","T","M","M","M","R","$","R","B",null,"M","?","M","?","$","R","M","R","T","M","M"],"character_chosen":"DEFECT","items_purchased":["Chemical X","Ball Lightning","Static Discharge","Capacitor","Storm"],"campfire_rested":2,"item_purchase_floors":[4,4,7,14,22],"current_hp_per_floor":[75,75,68,68,68,68,68,68,68,68,58,52,52,52,52,21,75,56,42,4,4,4,28,1,25,25,19,0,0],"gold":158,"neow_bonus":"THREE_ENEMY_KILL","is_daily":false,"chose_seed":false,"campfire_upgraded":3,"win_rate":0.0,"timestamp":1612154194,"path_taken":["M","?","?","$","M","R","?","E","T","M","M","M","R","$","R","BOSS","M","?","M","?","$","R","M","R","T","M","M"],"items_purchased_type":["Relic","Card","Card","Card","Card"],"build_version":"2020-12-22","purchased_purges":1,"victory":false,"max_hp_per_floor":[75,75,75,75,75,75,75,75,75,75,75,75,75,75,75,75,75,75,80,80,80,80,80,80,80,80,80,80,80],"card_choices":[{"not_picked":["Compile Driver","Scrape"],"picked":"BootSequence","floor":1},{"not_picked":["Streamline","Hologram"],"picked":"Redo","floor":5},{"not_picked":["Compile Driver","Barrage"],"picked":"White Noise","floor":8},{"not_picked":["Gash","Barrage"],"picked":"Rainbow","floor":10},{"not_picked":["Compile Driver","Hologram"],"picked":"Consume","floor":11},{"not_picked":["Chaos","Genetic Algorithm"],"picked":"Ball Lightning","floor":12},{"not_picked":["Multi-Cast","Seek"],"picked":"Thunder Strike","floor":16},{"not_picked":["Leap","Cold Snap"],"picked":"Sweeping Beam+1","floor":18},{"not_picked":["Streamline","Go for the Eyes","Reprogram+1"],"picked":"SKIP","floor":20},{"not_picked":["Heatsinks+1","Sweeping Beam"],"picked":"Self Repair","floor":24},{"not_picked":["Ball Lightning","Skim"],"picked":"Loop","floor":27}],"player_experience":609124,"relics_obtained":[{"floor":8,"key":"StoneCalendar"},{"floor":9,"key":"Bronze Scales"},{"floor":26,"key":"Bag of Marbles"}],"event_choices":[{"damage_healed":0,"gold_gain":175,"player_choice":"AGREE","damage_taken":0,"max_hp_gain":0,"max_hp_loss":0,"event_name":"Liars Game","floor":2,"gold_loss":0,"cards_obtained":["Doubt"]},{"cards_removed":["Doubt"],"damage_healed":0,"gold_gain":0,"player_choice":"Card Removal","damage_taken":7,"max_hp_gain":0,"max_hp_loss":0,"event_name":"Golden Wing","floor":3,"gold_loss":0},{"damage_healed":0,"gold_gain":0,"player_choice":"Shed Blood","damage_taken":19,"max_hp_gain":5,"max_hp_loss":0,"event_name":"Forgotten Altar","floor":19,"gold_loss":0},{"damage_healed":0,"gold_gain":0,"player_choice":"Ignored","damage_taken":0,"max_hp_gain":0,"max_hp_loss":0,"event_name":"Ghosts","floor":21,"gold_loss":0}],"is_beta":false,"boss_relics":[{"not_picked":["Empty Cage","Tiny House"],"picked":"Inserter"}],"items_purged_floors":[14],"is_endless":false,"potions_floor_spawned":[10,18,24],"killed_by":"3 Cultists","ascension_level":0}}