{"host":"Jinnai","time":1612147976,"event":{"mods":["BaseMod","Bestiary","Block Reminder","Colored Map","Colored Powertips","Highlight Path","Minty Spire (QoL Compilation)","Quick Restart","Relic Stats","StSLib"],"gold_per_floor":[17,36,47,6,23,23,73,99,99,117,152,67,78,108,108,180,180,195,120,45,45,45,70,70,80,80,97,727,727,747,776,776,849,849,867,883,899,173,193,193,240,33,33,46,80,80,113,138,150,162,174,186,198,43,76,76,76],"floor_reached":56,"language":"ENG","playtime":4686,"items_purged":["Strike_R","Strike_R","Defend_R"],"score":2059,"play_id":"642dfba9-c576-4673-b317-2c58b61f715a","local_time":"20210131215256","is_ascension_mode":true,"campfire_choices":[{"data":"Shockwave","floor":6.0,"key":"SMITH"},{"floor":15.0,"key":"REST"},{"data":"Barricade","floor":24.0,"key":"SMITH"},{"floor":29.0,"key":"REST"},{"data":"Demon Form","floor":32.0,"key":"SMITH"},{"data":"Strike_R","floor":40,"key":"PURGE"},{"data":"Strike_R","floor":46,"key":"PURGE"},{"floor":49,"key":"RECALL"},{"data":"Iron Wave","floor":53,"key":"PURGE"}],"circlet_count":0,"master_deck":["AscendersBane","Defend_R+1","Defend_R","Defend_R","Bash","Headbutt","Shockwave+1","Flame Barrier+1","Clothesline","Carnage","Metallicize","Feel No Pain","Demon Form+1","Barricade+1","Reaper","Necronomicurse","Dual Wield","Fiend Fire","Body Slam+1","Disarm","Berserk","True Grit+1","Double Tap","Heavy Blade","Second Wind","Reaper","Entrench","Feel No Pain"],"relics":["Burning Blood","FossilizedHelix","War Paint","Blue Candle","Peace Pipe","MealTicket","Runic Pyramid","Necronomicon","Question Card","Bag of Marbles","Pantograph","Eternal Feather","Busted Crown","Mummified Hand","Brimstone","Unceasing Top","Centennial Puzzle","Charon\u0027s Ashes","MawBank","Champion Belt"],"acts_visited":["Exordium","TheCity","TheBeyond","TheEnding"],"potions_floor_usage":[56,56],"damage_taken":[{"damage":0.0,"enemies":"Jaw Worm","floor":1.0,"turns":3.0},{"damage":0.0,"enemies":"Cultist","floor":2.0,"turns":3.0},{"damage":7.0,"enemies":"Small Slimes","floor":3.0,"turns":3.0},{"damage":0.0,"enemies":"Looter","floor":5.0,"turns":4.0},{"damage":53.0,"enemies":"3 Sentries","floor":8.0,"turns":14.0},{"damage":0.0,"enemies":"Blue Slaver","floor":10.0,"turns":6.0},{"damage":21.0,"enemies":"Lagavulin","floor":11.0,"turns":6.0},{"damage":10.0,"enemies":"Exordium Wildlife","floor":13.0,"turns":6.0},{"damage":10.0,"enemies":"Gremlin Nob","floor":14.0,"turns":5.0},{"damage":8.0,"enemies":"The Guardian","floor":16.0,"turns":13.0},{"damage":34.0,"enemies":"Spheric Guardian","floor":18.0,"turns":11.0},{"damage":22.0,"enemies":"Book of Stabbing","floor":23.0,"turns":6.0},{"damage":0.0,"enemies":"Shell Parasite","floor":25.0,"turns":2.0},{"damage":38.0,"enemies":"Shelled Parasite and Fungi","floor":27.0,"turns":5.0},{"damage":0.0,"enemies":"Centurion and Healer","floor":30.0,"turns":15.0},{"damage":92.0,"enemies":"Gremlin Leader","floor":31.0,"turns":5.0},{"damage":7.0,"enemies":"Champ","floor":33.0,"turns":12.0},{"damage":58,"enemies":"3 Shapes","floor":35,"turns":9},{"damage":17,"enemies":"Orb Walker","floor":36,"turns":5},{"damage":25,"enemies":"Sphere and 2 Shapes","floor":37,"turns":3},{"damage":27,"enemies":"Spire Growth","floor":39,"turns":3},{"damage":42,"enemies":"2 Orb Walkers","floor":41,"turns":5},{"damage":31,"enemies":"Jaw Worm Horde","floor":44,"turns":4},{"damage":66,"enemies":"Reptomancer","floor":45,"turns":4},{"damage":6,"enemies":"Giant Head","floor":47,"turns":6},{"damage":13,"enemies":"Transient","floor":48,"turns":6},{"damage":118,"enemies":"Awakened One","floor":50,"turns":10},{"damage":107,"enemies":"Time Eater","floor":51,"turns":7},{"damage":24,"enemies":"Shield and Spear","floor":55,"turns":6},{"damage":147,"enemies":"The Heart","floor":56,"turns":6}],"seed_played":"-962043686342432270","potions_obtained":[{"floor":2.0,"key":"SkillPotion"},{"floor":5.0,"key":"AttackPotion"},{"floor":11.0,"key":"GamblersBrew"},{"floor":13.0,"key":"ColorlessPotion"},{"floor":18.0,"key":"Ancient Potion"}],"is_trial":false,"path_per_floor":["M","M","M","$","M","R","?","E","T","M","E","$","M","E","R","B",null,"M","?","$","?","T","E","R","M","T","M","?","R","M","E","R","B",null,"M","M","M","$","M","R","?","$","T","M","E","R","E","M","R","B","B",null,"R","$","E","B"],"character_chosen":"IRONCLAD","items_purchased":["Flame Barrier","Feel No Pain","Double Tap","CultistPotion","Mummified Hand","Brimstone","Second Wind","Centennial Puzzle","Feel No Pain"],"campfire_rested":2,"item_purchase_floors":[4,12,38,38,38,38,42,42,54],"current_hp_per_floor":[74,75,74,74,75,75,75,28,28,34,19,19,15,11,33,31,64,56,56,71,50,50,75,75,75,75,75,6,28,75,32,47,71,74,72,62,75,75,75,75,70,75,75,75,75,75,75,75,75,61,43,67,75,75,75,0,0],"gold":76,"neow_bonus":"ONE_RARE_RELIC","is_daily":false,"chose_seed":false,"campfire_upgraded":3,"win_rate":0.0,"timestamp":1612147976,"path_taken":["M","M","M","$","M","R","?","E","T","?","E","$","M","E","R","BOSS","M","?","$","?","?","E","R","M","T","?","?","R","?","E","R","BOSS","M","M","M","$","M","R","?","$","T","M","E","R","E","M","R","BOSS","BOSS","R","$","E","BOSS"],"items_purchased_type":["Card","Card","Card","Potion","Relic","Relic","Card","Relic","Card"],"build_version":"2020-12-18","purchased_purges":3,"victory":false,"max_hp_per_floor":[75,75,75,75,75,75,75,75,75,75,75,75,75,75,75,75,75,75,75,75,75,75,75,75,75,75,75,75,75,75,75,75,75,75,75,75,75,75,75,75,75,75,75,75,75,75,75,75,75,75,75,75,75,75,75,75,75],"relic_stats":{"counters":[30,193],"Blue Candle":[87],"Eternal Feather":23,"Charon\u0027s Ashes":[319],"War Paint":["Defend_R","Flame Barrier"],"Question Card":16,"MawBank":84,"Burning Blood":109,"Peace Pipe":3,"Centennial Puzzle":[24],"Busted Crown":20,"Mummified Hand":[36],"Pantograph":39,"MealTicket":20,"Necronomicon":[64],"Champion Belt":[1],"obtain_stats":[{"Blue Candle":9,"Eternal Feather":31,"Charon\u0027s Ashes":45,"War Paint":8,"Question Card":22,"MawBank":47,"Burning Blood":0,"Peace Pipe":11,"Centennial Puzzle":42,"Busted Crown":34,"Mummified Hand":38,"Brimstone":38,"Pantograph":26,"MealTicket":14,"Necronomicon":21,"Bag of Marbles":23,"Champion Belt":55,"FossilizedHelix":0,"Unceasing Top":41,"Runic Pyramid":17},{"Blue Candle":5,"Eternal Feather":16,"Charon\u0027s Ashes":24,"War Paint":5,"Question Card":11,"MawBank":25,"Burning Blood":0,"Peace Pipe":7,"Centennial Puzzle":22,"Busted Crown":17,"Mummified Hand":20,"Brimstone":20,"Pantograph":13,"MealTicket":9,"Necronomicon":11,"Bag of Marbles":12,"Champion Belt":29,"FossilizedHelix":0,"Unceasing Top":22,"Runic Pyramid":10},{"Blue Candle":27,"Eternal Feather":107,"Charon\u0027s Ashes":152,"War Paint":27,"Question Card":74,"MawBank":158,"Burning Blood":0,"Peace Pipe":39,"Centennial Puzzle":144,"Busted Crown":119,"Mummified Hand":136,"Brimstone":136,"Pantograph":82,"MealTicket":50,"Necronomicon":74,"Bag of Marbles":80,"Champion Belt":187,"FossilizedHelix":0,"Unceasing Top":144,"Runic Pyramid":63}],"Unceasing Top":[1]},"card_choices":[{"not_picked":["Flex","Intimidate"],"picked":"Iron Wave","floor":1.0},{"not_picked":["Havoc","Fire Breathing"],"picked":"Headbutt","floor":2.0},{"not_picked":["Twin Strike","Exhume"],"picked":"Shockwave","floor":3.0},{"not_picked":["Ghostly Armor","Body Slam","Clash"],"picked":"SKIP","floor":5.0},{"not_picked":["Thunderclap","Warcry"],"picked":"Clothesline","floor":8.0},{"not_picked":["Warcry","Headbutt"],"picked":"Carnage","floor":10.0},{"not_picked":["Heavy Blade","Pommel Strike"],"picked":"Metallicize","floor":11.0},{"not_picked":["Havoc","Seeing Red"],"picked":"Demon Form","floor":13.0},{"not_picked":["Headbutt","Twin Strike"],"picked":"Barricade","floor":14.0},{"not_picked":["Demon Form","Berserk"],"picked":"Reaper","floor":16.0},{"not_picked":["Seeing Red","Anger","Thunderclap"],"picked":"SKIP","floor":18.0},{"not_picked":["Cleave","Iron Wave","Armaments"],"picked":"Dual Wield","floor":23.0},{"not_picked":["Anger","Shockwave","Wild Strike"],"picked":"Fiend Fire","floor":25.0},{"not_picked":["Anger+1","Dual Wield","Pommel Strike"],"picked":"Body Slam+1","floor":27.0},{"not_picked":["Havoc","Sever Soul","Spot Weakness"],"picked":"Disarm","floor":30.0},{"not_picked":["Clash","True Grit","Uppercut","Havoc"],"picked":"SKIP","floor":31.0},{"not_picked":["Brutality","Demon Form","Offering"],"picked":"Berserk","floor":33.0},{"not_picked":["Twin Strike","Cleave"],"picked":"SKIP","floor":35},{"not_picked":["Heavy Blade"],"picked":"True Grit+1","floor":36},{"not_picked":["Bloodletting","Pummel+1"],"picked":"SKIP","floor":37},{"not_picked":["Clothesline+1"],"picked":"Heavy Blade","floor":39},{"not_picked":["Anger","Body Slam"],"picked":"SKIP","floor":44},{"not_picked":["Blood for Blood+1"],"picked":"Reaper","floor":45},{"not_picked":["Iron Wave"],"picked":"Entrench","floor":47},{"not_picked":["Clothesline+1","Armaments"],"picked":"SKIP","floor":48},{"not_picked":["Flex","Iron Wave+1"],"picked":"SKIP","floor":55}],"player_experience":1621012,"relics_obtained":[{"floor":8.0,"key":"War Paint"},{"floor":9.0,"key":"Blue Candle"},{"floor":11.0,"key":"Peace Pipe"},{"floor":14.0,"key":"MealTicket"},{"floor":21.0,"key":"Necronomicon"},{"floor":22.0,"key":"Question Card"},{"floor":23.0,"key":"Bag of Marbles"},{"floor":26.0,"key":"Pantograph"},{"floor":31.0,"key":"Eternal Feather"},{"floor":41,"key":"Unceasing Top"},{"floor":45,"key":"Charon\u0027s Ashes"},{"floor":47,"key":"MawBank"},{"floor":55,"key":"Champion Belt"}],"event_choices":[{"damage_healed":0.0,"max_hp_gain":0.0,"max_hp_loss":0.0,"gold_gain":50.0,"event_name":"Golden Shrine","player_choice":"Pray","floor":7.0,"gold_loss":0.0,"damage_taken":0.0},{"cards_removed":["Strike_R"],"damage_healed":0.0,"max_hp_gain":0.0,"max_hp_loss":0.0,"gold_gain":0.0,"event_name":"Beggar","player_choice":"Gave Gold","floor":19.0,"gold_loss":75.0,"damage_taken":0.0},{"damage_healed":0.0,"max_hp_gain":0.0,"max_hp_loss":0.0,"gold_gain":0.0,"event_name":"Cursed Tome","player_choice":"Obtained Book","floor":21.0,"gold_loss":0.0,"damage_taken":21.0},{"damage_healed":0.0,"max_hp_gain":0.0,"max_hp_loss":0.0,"gold_gain":630.0,"event_name":"Knowing Skull","player_choice":"GOLD GOLD GOLD GOLD GOLD GOLD GOLD ","floor":28.0,"potions_obtained":[],"gold_loss":0.0,"damage_taken":69.0,"cards_obtained":[]},{"damage_healed":0,"gold_gain":0,"player_choice":"Fight","damage_taken":0,"max_hp_gain":0,"max_hp_loss":0,"event_name":"Mysterious Sphere","floor":41,"gold_loss":0}],"is_beta":true,"boss_relics":[{"not_picked":["Fusion Hammer","SacredBark"],"picked":"Runic Pyramid"},{"not_picked":["Tiny House","Cursed Key"],"picked":"Busted Crown"}],"items_purged_floors":[20,38,54],"is_endless":false,"potions_floor_spawned":[2,5,11,13,18,25,30,36,39,41,48,55],"killed_by":"The Heart","ascension_level":20}}