{"host":"ko40t1o51xotjt2v","time":1612199743,"event":{"mods":["2.2 Compatiblity","AchievementEnabler","Aspiration","BaseMod","Better Match","Better Third Choice","Better Vampires","Conspire","Downfall","Energized Spire","GifTheSpireLib","Halation","Hubris","Jedi Mod","Minty Spire (QoL Compilation)","MostiFishMod","Spicy Shops","Spikes Relics","StSLib","Stuff the Spire","TestMod","??????REMEMod"],"gold_per_floor":[112,112,122,138,138,170,186,213,213,213,213,239,253,266,266,344,344,355,368,4,4,16,48,68,101,101,121,146,71,83,98,98,174,174,188,188,207,222,237,263,263,39,65,94,119,144,44,61,61,61,61,61,61,91,91],"floor_reached":56,"language":"SPA","playtime":3698,"items_purged":["Defend_R","Defend_R"],"score":2524,"play_id":"7de4f9a7-14a1-4820-bff2-a712968a0c0e","local_time":"20210201181543","is_ascension_mode":true,"campfire_choices":[{"data":"MostiFishMod:RainCloud","floor":10.0,"key":"SMITH"},{"data":"Feel No Pain","floor":15.0,"key":"SMITH"},{"data":"REME_ACTH","floor":32.0,"key":"SMITH"},{"floor":41.0,"key":"RECALL"},{"data":"Double Energy","floor":49,"key":"SMITH"},{"data":"REME_FearOfPain","floor":52,"key":"SMITH"}],"circlet_count":0,"master_deck":["AscendersBane","Strike_R","Strike_R","Strike_R","Strike_R","Defend_R","Defend_R","Bash","jedi:LeechingStrike","Thunderclap","REME_Scribble","REME_FearOfPain","MostiFishMod:RainCloud+1","StuffTheSpire:Slingshot","Perfected Strike","Wild Strike","Feel No Pain+1","jedi:controlledanger","REME_ACTH","REME_ACTH+1","Sentinel","True Grit+1","Disarm+1","Offering","StuffTheSpire:RockThrow","Double Energy+1","StuffTheSpire:RockThrow+1","Double Energy+1","REME_FearOfPain+1","Wild Strike"],"relics":["Burning Blood","DaveBox","testmod-TestBox","REME_ComplimentaryCards","NeowsBlessing","PreservedInsect","Potion Belt","Blue Candle","hubris:Towel","Bag of Marbles","bronze:MakeshiftBattery","BirthdayGift-Icosahedron","SynthV:C4","Boot","testmod-CrystalShield","aspiration:FrozenJewel","aspiration:DefectSkillbook","StuffTheSpire:OldFever","StuffTheSpire:Barrel","Dodecahedron","Kunai","hubris:AstralHammer","jedi:ironblood","Bronze Scales"],"acts_visited":["Exordium","TheCity","TheBeyond","TheEnding"],"potions_floor_usage":[50,50,50,55],"damage_taken":[{"damage":0.0,"enemies":"2 Louse","floor":1.0,"turns":1.0},{"damage":2.0,"enemies":"Cultist","floor":3.0,"turns":1.0},{"damage":2.0,"enemies":"Small Slimes","floor":4.0,"turns":2.0},{"damage":68.0,"enemies":"Lagavulin","floor":6.0,"turns":7.0},{"damage":11.0,"enemies":"Exordium Wildlife","floor":7.0,"turns":5.0},{"damage":5.0,"enemies":"Gremlin Nob","floor":8.0,"turns":3.0},{"damage":0.0,"enemies":"Lagavulin","floor":12.0,"turns":3.0},{"damage":2.0,"enemies":"2 Fungi Beasts","floor":13.0,"turns":2.0},{"damage":14.0,"enemies":"Exordium Thugs","floor":14.0,"turns":3.0},{"damage":11.0,"enemies":"The Guardian","floor":16.0,"turns":9.0},{"damage":6.0,"enemies":"conspire:FuzzyDice","floor":18.0,"turns":3.0},{"damage":7.0,"enemies":"Chosen","floor":19.0,"turns":2.0},{"damage":1.0,"enemies":"conspire:HollyBat","floor":22.0,"turns":3.0},{"damage":9.0,"enemies":"Book of Stabbing","floor":23.0,"turns":2.0},{"damage":0.0,"enemies":"Snake Plant","floor":24.0,"turns":2.0},{"damage":0.0,"enemies":"REME_1_Revenger","floor":25.0,"turns":2.0},{"damage":0.0,"enemies":"Shelled Parasite and Fungi","floor":27.0,"turns":2.0},{"damage":0.0,"enemies":"Book of Stabbing","floor":28.0,"turns":1.0},{"damage":0.0,"enemies":"conspire:HollyBat","floor":30.0,"turns":3.0},{"damage":0.0,"enemies":"Cultist and Chosen","floor":31.0,"turns":2.0},{"damage":1.0,"enemies":"Automaton","floor":33.0,"turns":2.0},{"damage":11.0,"enemies":"3 Darklings","floor":35.0,"turns":2.0},{"damage":7.0,"enemies":"3 Shapes","floor":37.0,"turns":1.0},{"damage":3.0,"enemies":"Maw","floor":38.0,"turns":2.0},{"damage":0.0,"enemies":"4 Shapes","floor":39.0,"turns":2.0},{"damage":9.0,"enemies":"Nemesis","floor":40.0,"turns":3.0},{"damage":0.0,"enemies":"Giant Head","floor":44.0,"turns":2.0},{"damage":6.0,"enemies":"Mind Bloom Boss Battle","floor":45.0,"turns":2.0},{"damage":13,"enemies":"Nemesis","floor":46,"turns":2},{"damage":0,"enemies":"Jaw Worm Horde","floor":48,"turns":1},{"damage":0,"enemies":"Donu and Deca","floor":50,"turns":2},{"damage":0,"enemies":"Shield and Spear","floor":54,"turns":1},{"damage":8,"enemies":"The Heart","floor":55,"turns":5}],"seed_played":"4225513761177738767","potions_obtained":[{"floor":3.0,"key":"ElixirPotion"},{"floor":4.0,"key":"AttackPotion"},{"floor":8.0,"key":"DistilledChaos"},{"floor":14.0,"key":"LiquidMemories"},{"floor":16.0,"key":"PowerPotion"},{"floor":18.0,"key":"Energy Potion"},{"floor":23.0,"key":"champ:CounterPotion"},{"floor":28.0,"key":"bronze:BurnAndBuffPotion"},{"floor":33.0,"key":"sneckomod:MuddlingPotion"},{"floor":35.0,"key":"SkillPotion"},{"floor":38.0,"key":"hexamod:SoulburnPotion"},{"floor":40.0,"key":"Fruit Juice"},{"floor":44.0,"key":"Ancient Potion"},{"floor":54,"key":"LiquidMemories"}],"is_trial":false,"path_per_floor":["M","?","M","M","?","E","M","E","T","R","?","E","M","M","R","B",null,"M","M","$","?","M","E","M","E","T","M","E","$","M","M","R","B",null,"M","?","M","M","M","E","R","$","T","E","?","E","$","M","R","B",null,"R","$","E","B",null],"character_chosen":"IRONCLAD","items_purchased":["BirthdayGift-Icosahedron","StuffTheSpire:Barrel","Dodecahedron"],"campfire_rested":0,"item_purchase_floors":[20,42,42],"current_hp_per_floor":[74,74,77,79,79,28,31,41,41,41,41,47,62,65,65,71,85,91,90,90,90,93,95,97,99,99,99,101,101,103,105,105,107,107,103,87,89,100,111,120,120,120,120,122,124,125,125,126,126,128,128,128,128,128,129],"gold":91,"neow_bonus":"THREE_ENEMY_KILL","is_daily":false,"chose_seed":false,"campfire_upgraded":5,"win_rate":0.0,"timestamp":1612199743,"path_taken":["M","?","?","?","?","E","M","E","T","R","?","E","?","M","R","BOSS","M","M","$","?","M","E","M","E","T","M","E","$","?","M","R","BOSS","M","?","?","M","M","E","R","$","T","E","?","E","$","M","R","BOSS","R","$","E","BOSS"],"items_purchased_type":["Relic","Relic","Relic"],"build_version":"2020-12-22","purchased_purges":2,"victory":true,"max_hp_per_floor":[75,75,77,79,79,81,83,83,83,83,83,83,85,87,87,89,89,91,91,91,91,93,95,97,99,99,99,101,101,103,105,105,107,107,107,107,109,111,111,120,120,120,120,122,124,126,126,126,126,128,128,128,128,128,130],"card_choices":[{"not_picked":["Dual Wield","Clothesline"],"picked":"Thunderclap","floor":1.0},{"not_picked":["Rampage","Perfected Strike","Seeing Red"],"picked":"SKIP","floor":3.0},{"not_picked":["Warcry","StuffTheSpire:Incineration"],"picked":"REME_FearOfPain","floor":4.0},{"not_picked":["True Grit","Sever Soul"],"picked":"MostiFishMod:RainCloud","floor":6.0},{"not_picked":["hubris:ReadiedAction","Anger"],"picked":"StuffTheSpire:Slingshot","floor":7.0},{"not_picked":["Dual Wield","Warcry"],"picked":"Perfected Strike","floor":8.0},{"not_picked":["Warcry","Twin Strike"],"picked":"Wild Strike","floor":12.0},{"not_picked":["Metallicize","Limit Break"],"picked":"Feel No Pain","floor":13.0},{"not_picked":["StuffTheSpire:RagingBull","REME_Scribble"],"picked":"jedi:controlledanger","floor":14.0},{"not_picked":["jedi:harder","MostiFishMod:DoubleSword"],"picked":"REME_ACTH","floor":16.0},{"not_picked":["Intimidate","Entrench","Pommel Strike+1"],"picked":"SKIP","floor":18.0},{"not_picked":["Dropkick","Flame Barrier","jedi:controlledanger"],"picked":"SKIP","floor":19.0},{"not_picked":["Sword Boomerang","Inflame","hubris:ReadiedAction"],"picked":"SKIP","floor":22.0},{"not_picked":["Warcry+1","MostiFishMod:TemporaryOutbreak","Barricade"],"picked":"SKIP","floor":23.0},{"not_picked":["Sword Boomerang","Flex","hubris:SharpeningStone"],"picked":"SKIP","floor":24.0},{"not_picked":["Flame Barrier+1","Infernal Blade"],"picked":"Sentinel","floor":25.0},{"not_picked":["Flex","Immolate"],"picked":"True Grit+1","floor":27.0},{"not_picked":["Clothesline","Headbutt","Blood for Blood"],"picked":"SKIP","floor":28.0},{"not_picked":["Havoc","conspire:Charge","StuffTheSpire:RagingBull"],"picked":"SKIP","floor":30.0},{"not_picked":["Fiend Fire","Cleave"],"picked":"Disarm+1","floor":31.0},{"not_picked":["MostiFishMod:CullingBlade","Limit Break"],"picked":"Offering","floor":33.0},{"not_picked":["Uppercut","Heatsinks","Headbutt"],"picked":"StuffTheSpire:RockThrow","floor":35.0},{"not_picked":["Ball Lightning","RefreshScreen","jedi:BurstLightning+1","jedi:blockon"],"picked":"SKIP","floor":37.0},{"not_picked":["Dropkick","MostiFishMod:ChineseTea","Thunderclap"],"picked":"Double Energy+1","floor":38.0},{"not_picked":["Darkness+1","Intimidate","StuffTheSpire:Slingshot"],"picked":"StuffTheSpire:RockThrow+1","floor":39.0},{"not_picked":["Shrug It Off","Dropkick","Armaments"],"picked":"Double Energy","floor":40.0},{"not_picked":["MostiFishMod:GatherIntelligence","Coolheaded","Warcry"],"picked":"REME_FearOfPain","floor":44.0},{"not_picked":["Stack","Ball Lightning","MostiFishMod:PushDownKick","Cleave"],"picked":"SKIP","floor":46},{"not_picked":["StuffTheSpire:LoadUp","Cleave","Twin Strike"],"picked":"Wild Strike","floor":48},{"not_picked":["RefreshScreen","Armaments+1","Thunderclap","Streamline"],"picked":"SKIP","floor":54}],"player_experience":456391,"relics_obtained":[{"floor":6.0,"key":"PreservedInsect"},{"floor":8.0,"key":"Potion Belt"},{"floor":9.0,"key":"Blue Candle"},{"floor":12.0,"key":"Bag of Marbles"},{"floor":23.0,"key":"SynthV:C4"},{"floor":25.0,"key":"Boot"},{"floor":26.0,"key":"testmod-CrystalShield"},{"floor":28.0,"key":"aspiration:FrozenJewel"},{"floor":40.0,"key":"StuffTheSpire:OldFever"},{"floor":44.0,"key":"Kunai"},{"floor":45,"key":"hubris:AstralHammer"},{"floor":46,"key":"jedi:ironblood"},{"floor":54,"key":"Bronze Scales"}],"event_choices":[{"damage_healed":0.0,"max_hp_gain":0.0,"max_hp_loss":0.0,"gold_gain":0.0,"cards_transformed":["Strike_R"],"event_name":"Transmorgrifier","player_choice":"Transformed","floor":2.0,"gold_loss":0.0,"damage_taken":0.0,"cards_obtained":["REME_Scribble"]},{"damage_healed":0.0,"max_hp_gain":0.0,"max_hp_loss":0.0,"gold_gain":0.0,"event_name":"Duplicator","player_choice":"Copied","floor":21.0,"gold_loss":0.0,"damage_taken":0.0,"cards_obtained":["REME_ACTH"]},{"damage_healed":0.0,"max_hp_gain":0.0,"max_hp_loss":0.0,"gold_gain":0.0,"event_name":"Wheel of Change","player_choice":"Damaged","floor":36.0,"gold_loss":0.0,"damage_taken":16.0},{"damage_healed":0.0,"max_hp_gain":0.0,"max_hp_loss":0.0,"gold_gain":0.0,"event_name":"MindBloom","player_choice":"Fight","floor":45.0,"gold_loss":0.0,"damage_taken":0.0}],"is_beta":false,"boss_relics":[{"not_picked":["conspire:RoyalGoblet","hubris:TerracottaHorce"],"picked":"bronze:MakeshiftBattery"},{"not_picked":["conspire:RunicOctahedron","REME_DuelDisc"],"picked":"aspiration:DefectSkillbook"}],"items_purged_floors":[29,47],"is_endless":false,"potions_floor_spawned":[3,4,8,14,16,18,23,28,30,31,33,35,38,40,44,54],"ascension_level":15}}