{"host":"eswokialmqjd9jwx","time":1612193824,"event":{"mods":["AchievementEnabler","BaseMod","Colored Map","DeckTracker","KOR Keyword Fix","Minty Spire (QoL Compilation)","StSLib","SuperFastMode"],"gold_per_floor":[119,44,61,61,21,21,49,74,74,74,74,74,109,120,120,193,193,210,220,239,239,251,251,283,296,321,321,321],"floor_reached":27,"language":"KOR","playtime":595,"items_purged":[],"score":532,"play_id":"e6148cee-83bc-45e8-b8fc-739e0ad255be","local_time":"20210202003704","is_ascension_mode":true,"campfire_choices":[{"data":"Calculated Gamble","floor":6.0,"key":"SMITH"},{"data":"Neutralize","floor":10.0,"key":"SMITH"},{"data":"Noxious Fumes","floor":12.0,"key":"SMITH"},{"data":"Survivor","floor":15.0,"key":"SMITH"},{"floor":23.0,"key":"REST"}],"circlet_count":0,"master_deck":["AscendersBane","Strike_G","Strike_G","Strike_G","Strike_G","Strike_G","Defend_G","Defend_G","Defend_G","Defend_G","Survivor+1","Neutralize+1","Eviscerate+1","Noxious Fumes+1","Calculated Gamble+1","Dodge and Roll+1","Prepared+1","A Thousand Cuts","Tactician+1","Tactician+1","Acrobatics+1"],"relics":["Ring of the Snake","NeowsBlessing","Toxic Egg 2","Regal Pillow","White Beast Statue","Mango","Blue Candle","Runic Pyramid","Lantern"],"acts_visited":["Exordium","TheCity"],"potions_floor_usage":[27,27],"damage_taken":[{"damage":0.0,"enemies":"Jaw Worm","floor":1.0,"turns":1.0},{"damage":0.0,"enemies":"2 Louse","floor":3.0,"turns":1.0},{"damage":0.0,"enemies":"3 Sentries","floor":7.0,"turns":1.0},{"damage":15.0,"enemies":"Lagavulin","floor":13.0,"turns":5.0},{"damage":0.0,"enemies":"Small Slimes","floor":14.0,"turns":2.0},{"damage":10.0,"enemies":"The Guardian","floor":16.0,"turns":12.0},{"damage":12.0,"enemies":"Spheric Guardian","floor":18.0,"turns":4.0},{"damage":2.0,"enemies":"Shell Parasite","floor":19.0,"turns":6.0},{"damage":19.0,"enemies":"3 Cultists","floor":20.0,"turns":5.0},{"damage":16.0,"enemies":"Centurion and Healer","floor":22.0,"turns":8.0},{"damage":43.0,"enemies":"Slavers","floor":24.0,"turns":7.0},{"damage":10.0,"enemies":"Snake Plant","floor":25.0,"turns":4.0},{"damage":12,"enemies":"Shelled Parasite and Fungi","floor":27,"turns":1}],"seed_played":"4340135495474921998","potions_obtained":[{"floor":1.0,"key":"AttackPotion"},{"floor":7.0,"key":"BlessingOfTheForge"},{"floor":13.0,"key":"SpeedPotion"},{"floor":14.0,"key":"Swift Potion"},{"floor":16.0,"key":"Block Potion"},{"floor":18.0,"key":"DistilledChaos"},{"floor":19.0,"key":"LiquidMemories"},{"floor":20.0,"key":"Strength Potion"},{"floor":22.0,"key":"DuplicationPotion"},{"floor":24.0,"key":"SpeedPotion"},{"floor":25.0,"key":"DuplicationPotion"}],"is_trial":false,"path_per_floor":["M","?","M","?","$","R","E","T","T","R","?","R","E","M","R","B",null,"M","M","M","?","M","R","E","M","T","M"],"character_chosen":"THE_SILENT","items_purchased":["Calculated Gamble"],"campfire_rested":1,"item_purchase_floors":[5],"current_hp_per_floor":[59,59,59,59,59,59,59,59,59,59,68,68,53,53,53,43,71,59,57,38,38,22,61,18,8,8,0,0],"gold":321,"neow_bonus":"THREE_ENEMY_KILL","is_daily":false,"chose_seed":false,"campfire_upgraded":4,"win_rate":0.0,"timestamp":1612193824,"path_taken":["M","?","M","?","?","R","E","?","T","R","?","R","E","M","R","BOSS","M","M","M","?","M","R","E","M","T","M"],"items_purchased_type":["Card"],"build_version":"2020-12-22","purchased_purges":0,"victory":false,"max_hp_per_floor":[66,66,66,66,66,66,66,66,66,66,80,80,80,80,80,80,80,80,80,80,80,80,80,80,80,80,80,80],"card_choices":[{"not_picked":["Footwork","Dodge and Roll"],"picked":"Eviscerate","floor":1.0},{"not_picked":["Footwork","Endless Agony"],"picked":"Noxious Fumes","floor":3.0},{"not_picked":["Cloak And Dagger+1","Deflect+1"],"picked":"Dodge and Roll+1","floor":7.0},{"not_picked":["Slice","Escape Plan+1"],"picked":"Prepared+1","floor":13.0},{"not_picked":["Endless Agony","Dagger Throw","Dodge and Roll+1"],"picked":"SKIP","floor":14.0},{"not_picked":["Grand Finale","Tools of the Trade"],"picked":"A Thousand Cuts","floor":16.0},{"not_picked":["Acrobatics+1","Well Laid Plans"],"picked":"Tactician+1","floor":18.0},{"not_picked":["Quick Slash","Poisoned Stab"],"picked":"Tactician+1","floor":19.0},{"not_picked":["Calculated Gamble+1","Endless Agony","Prepared+1"],"picked":"SKIP","floor":20.0},{"not_picked":["Quick Slash","Tactician+1"],"picked":"Acrobatics+1","floor":22.0},{"not_picked":["Quick Slash","Deflect+1","Slice"],"picked":"SKIP","floor":24.0},{"not_picked":["Leg Sweep+1","Deadly Poison+1","Bane+1"],"picked":"SKIP","floor":25.0}],"player_experience":1175537,"relics_obtained":[{"floor":7.0,"key":"Toxic Egg 2"},{"floor":8.0,"key":"Regal Pillow"},{"floor":9.0,"key":"White Beast Statue"},{"floor":13.0,"key":"Blue Candle"},{"floor":24.0,"key":"Lantern"}],"event_choices":[{"cards_removed":["Defend_G"],"damage_healed":0.0,"max_hp_gain":0.0,"max_hp_loss":0.0,"gold_gain":0.0,"event_name":"The Cleric","player_choice":"Card Removal","floor":2.0,"gold_loss":75.0,"damage_taken":0.0},{"damage_healed":0.0,"max_hp_gain":0.0,"max_hp_loss":0.0,"gold_gain":0.0,"event_name":"Living Wall","player_choice":"Grow","floor":4.0,"gold_loss":0.0,"damage_taken":0.0,"cards_upgraded":["Eviscerate"]},{"damage_healed":0.0,"max_hp_gain":0.0,"max_hp_loss":0.0,"gold_gain":0.0,"event_name":"Scrap Ooze","player_choice":"Success","floor":11.0,"gold_loss":0.0,"damage_taken":5.0,"relics_obtained":["Mango"]},{"damage_healed":0.0,"max_hp_gain":0.0,"max_hp_loss":0.0,"gold_gain":0.0,"event_name":"The Mausoleum","player_choice":"Ignored","floor":21.0,"gold_loss":0.0,"damage_taken":0.0}],"is_beta":false,"boss_relics":[{"not_picked":["WristBlade","SlaversCollar"],"picked":"Runic Pyramid"}],"items_purged_floors":[],"is_endless":false,"potions_floor_spawned":[1,7,13,14,16,18,19,20,22,24,25],"killed_by":"Shelled Parasite and Fungi","ascension_level":20}}