{"host":"npaoev7ccr7c867s","time":1612222394,"event":{"mods":["AchievementEnabler","Act Like it!","Aspiration","Bard","BaseMod","Beaked The Cultist","Better Altar","Better Match","Better Note","Better Sensory Stone","Better Skull","Better Third Choice","BetterRewards","CCEM2","Clawfect","Colored Map","Conspire","Downfall","GifTheSpireLib","Halation","Hallownest","Hermit","Highlight Path","Hubris","Hunter ??","Infinite Spire","Jedi Mod","Jorbs\u0027s Wanderer Trilogy","Mad Scientist","Marisa????????","Mimic Mod","Minty Spire (QoL Compilation)","Permanent Neow","Replay The Spire","SIMod","SOS???????","Shade Mod","Shop Mod","Spicy Shops","StSLib","Stuff the Spire","The Animator","The Blackbeard","The Bug Knight","The Construct","The Cursed","The Disciple","The Gatherer","The Hierophant","The IronCluck","The Jungle","The Mystic","The Necromancer","The Problem Sleuth","The Runesmith","The Servant 0.9.4","The Spell Scribe","The Wild Card","The Witch","TheSurvivalist","TheVacant","Unceasing Turn Reminder","Warlord Emblem","everything is the same but u backflip on backflip","slay the spire mod where everything is the same but ironclad has a cowboy hat"],"gold_per_floor":[109,129,142,161,178,178,189,8,33,33,33,33,33,33,33,135,135,146,146,22,35,35,35,48,48,99,136,136,169,205,205,205,225,225],"floor_reached":33,"language":"ENG","playtime":2915,"items_purged":["theextravagant:Dazzle"],"score":264,"play_id":"c662c120-6ea0-4a25-a2ef-da49509f9b65","local_time":"20210201153314","is_ascension_mode":false,"campfire_choices":[{"data":"theextravagant:Ambush","floor":6,"key":"SMITH"},{"floor":11,"key":"REST"},{"data":"theextravagant:ShootingStar","floor":13,"key":"SMITH"},{"data":"theextravagant:Urgency","floor":15,"key":"SMITH"},{"data":"infinitespire:NeuralNetwork","floor":23,"key":"SMITH"},{"data":"theextravagant:PerfectTheBasics","floor":28,"key":"SMITH"},{"data":"theextravagant:Vintage","floor":32,"key":"SMITH"}],"circlet_count":0,"master_deck":["theextravagant:SlyStrike","theextravagant:SlyStrike","theextravagant:SlyStrike","theextravagant:SlyStrike","theextravagant:Fence","theextravagant:Fence","theextravagant:Fence","theextravagant:Fence","theextravagant:QuickAttack","theextravagant:Triumph","theextravagant:Riot","theextravagant:FocusStab","theextravagant:Masquerade","theextravagant:Precaution","theextravagant:Precaution","theextravagant:Urgency+1","theextravagant:Drift","theextravagant:Ambush+1","theextravagant:SharpTalons","theextravagant:PerfectTheBasics+1","theextravagant:ShootingStar+1","theextravagant:Aggression","theextravagant:ShootingStar","theextravagant:CutTheDeck","theextravagant:Redemption","theextravagant:ArtisticDisplay","theextravagant:Shove","theextravagant:Twitch+1","theextravagant:Firework","theextravagant:CutTheDeck","infinitespire:NeuralNetwork+1","infinitespire:Starlight","theextravagant:SkillfullDodge+1","theextravagant:Drift","theextravagant:GlyphOfTime","theextravagant:Vintage+1","theextravagant:PuffUp"],"relics":["theextravagant:TranslucentFeather","jedi:crownofsimplicity","Nunchaku","hubris:Backtick","beaked:MendingPlumage","Blue Candle","conspire:SpecialSausage","Ancient Tea Set","Replay:Bandana"],"acts_visited":["Hallownest:Greenpath","Hallownest:Greenpath"],"potions_floor_usage":[16,16,16,24,33,33],"damage_taken":[{"damage":3,"enemies":"Hallownest:2_Tiktiks_and_1_Crawlid","floor":1,"turns":5},{"damage":0,"enemies":"Hallownest:monsterHuskGuard","floor":2,"turns":3},{"damage":0,"enemies":"Hallownest:2_MossCreeps","floor":3,"turns":4},{"damage":8,"enemies":"Hallownest:Wandering_and_Horned","floor":4,"turns":5},{"damage":6,"enemies":"Hallownest:MossCreep_and_Mosskin","floor":5,"turns":4},{"damage":18,"enemies":"Hallownest:1_Ooma_and_2_Uuma","floor":7,"turns":5},{"damage":47,"enemies":"Hallownest:BossHornet","floor":16,"turns":9},{"damage":16,"enemies":"theJungle:Flameango_and_Byrd","floor":18,"turns":5},{"damage":11,"enemies":"theJungle:MUSHROOMGANG","floor":21,"turns":6},{"damage":0,"enemies":"theJungle:JungleHuntersEncounter","floor":24,"turns":4},{"damage":16,"enemies":"theJungle:Snecko_Cultist_And_Trap","floor":27,"turns":5},{"damage":6,"enemies":"theJungle:SlimyTreeVines","floor":29,"turns":4},{"damage":23,"enemies":"theJungle:Lyon","floor":30,"turns":4},{"damage":102,"enemies":"theJungle:TotemBoss","floor":33,"turns":5}],"seed_played":"-6038272952552568320","potions_obtained":[{"floor":1,"key":"Adrenaline Potion"},{"floor":2,"key":"infinitespire:BlackPotion"},{"floor":16,"key":"Energy Potion"},{"floor":21,"key":"sneckomod:MuddlingPotion"},{"floor":30,"key":"sneckomod:MuddlingPotion"}],"is_trial":false,"path_per_floor":["M","M","M","M","M","R","M","$","T","$","R","?","R","?","R","B",null,"M","?","$","M","AVR","R","M","?","T","M","R","M","M","?","R","B"],"character_chosen":"THE_EXTRAVAGANT","items_purchased":["theextravagant:Riot","theextravagant:FocusStab","theextravagant:Masquerade","theextravagant:Precaution","theextravagant:Urgency","jedi:crownofsimplicity","theextravagant:Aggression","theextravagant:ShootingStar","theextravagant:CutTheDeck","theextravagant:Shove","theextravagant:Twitch","theextravagant:Firework"],"campfire_rested":1,"item_purchase_floors":[0,0,0,0,0,0,8,8,8,20,20,20],"current_hp_per_floor":[72,72,72,64,58,58,40,40,40,40,62,62,62,62,62,20,75,74,69,69,71,71,71,75,75,75,75,75,71,62,62,62,0,0],"gold":225,"neow_bonus":"","is_daily":false,"chose_seed":false,"campfire_upgraded":6,"win_rate":0.0,"timestamp":1612222394,"path_taken":["M","M","?","M","M","R","M","$","T","$","R","?","R","?","R","BOSS","M","?","$","M","AVR","R","M","?","T","M","R","M","?","?","R","BOSS"],"items_purchased_type":["Card","Card","Card","Card","Card","Relic","Card","Card","Card","Card","Card","Card"],"build_version":"2020-12-22","purchased_purges":1,"victory":false,"max_hp_per_floor":[75,75,75,75,75,75,75,75,75,75,75,75,75,75,75,75,75,75,75,75,75,75,75,75,75,75,75,75,75,75,75,75,75,75],"card_choices":[{"not_picked":["theextravagant:Urgency","theextravagant:FocusStab"],"picked":"theextravagant:Drift","floor":1},{"not_picked":["theextravagant:Twostep","theextravagant:Redemption"],"picked":"theextravagant:Dazzle","floor":2},{"not_picked":["theextravagant:Firework","theextravagant:PuffUp"],"picked":"theextravagant:Ambush","floor":3},{"not_picked":["theextravagant:Cutthroat","theextravagant:Glamour"],"picked":"theextravagant:SharpTalons","floor":4},{"not_picked":["theextravagant:Pushthrough","theextravagant:Comeback"],"picked":"theextravagant:PerfectTheBasics","floor":5},{"not_picked":["theextravagant:Swirl","theextravagant:Twitch"],"picked":"theextravagant:ShootingStar","floor":7},{"not_picked":["theextravagant:AuroraForm","theextravagant:SnakeOil"],"picked":"theextravagant:Redemption","floor":16},{"not_picked":["theextravagant:GarbageCannon","theextravagant:Repell"],"picked":"theextravagant:ArtisticDisplay","floor":18},{"not_picked":["theextravagant:SharpTalons","theextravagant:Tension"],"picked":"theextravagant:CutTheDeck","floor":21},{"not_picked":["theextravagant:Cutthroat+1","theextravagant:Dazzle"],"picked":"theextravagant:SkillfullDodge+1","floor":24},{"not_picked":["theextravagant:GlyphOfSight","theextravagant:Tension"],"picked":"theextravagant:Drift","floor":27},{"not_picked":["theextravagant:Shove","theextravagant:Comeback"],"picked":"theextravagant:GlyphOfTime","floor":29},{"not_picked":["theextravagant:RiskyStrike","theextravagant:Thrill"],"picked":"theextravagant:Vintage","floor":30}],"player_experience":205796,"relics_obtained":[{"floor":9,"key":"Nunchaku"},{"floor":26,"key":"Replay:Bandana"}],"event_choices":[{"damage_healed":0,"gold_gain":0,"player_choice":"Upgraded","damage_taken":0,"max_hp_gain":0,"max_hp_loss":0,"event_name":"Upgrade Shrine","floor":25,"gold_loss":0,"cards_upgraded":["theextravagant:Twitch"]}],"is_beta":false,"boss_relics":[{"not_picked":["Empty Cage","halation:Yufonium"],"picked":"hubris:Backtick"}],"items_purged_floors":[22],"is_endless":false,"potions_floor_spawned":[1,2,16,21,30],"killed_by":"theJungle:TotemBoss","ascension_level":0}}