{"host":"jegehu1t82aiec5j","time":1612208723,"event":{"mods":["BaseMod","Colored Map","Minty Spire (QoL Compilation)","Relic Stats","StSLib"],"gold_per_floor":[111,111,111,129,141,141,158,188,188,188,188,202,202,235,235,312,312,322,322,322,372,147,177,31,64,64,64,91,91,91,103,103,174,174,192,192,192,192,208,237,237,268,313,67,93,111,130,163,163,163],"floor_reached":51,"language":"ENG","playtime":1764,"items_purged":["Strike_G","Strike_G","Strike_G+1"],"score":1541,"play_id":"0590836b-5919-4c09-b116-c68d23acb1d1","local_time":"20210201144523","is_ascension_mode":true,"campfire_choices":[{"data":"Dagger Spray","floor":6,"key":"SMITH"},{"data":"Poisoned Stab","floor":11,"key":"SMITH"},{"floor":15,"key":"REST"},{"data":"Crippling Poison","floor":27,"key":"SMITH"},{"data":"Noxious Fumes","floor":29,"key":"SMITH"},{"floor":32,"key":"REST"},{"floor":41,"key":"REST"},{"floor":49,"key":"REST"}],"circlet_count":0,"master_deck":["AscendersBane","Strike_G+1","Defend_G+1","Defend_G+1","Defend_G+1","Defend_G+1","Defend_G+1","Survivor+1","Neutralize","Sadistic Nature+1","Quick Slash","Dagger Spray+1","Poisoned Stab+1","Crippling Poison+1","Bullet Time","Deadly Poison","Noxious Fumes+1","Corpse Explosion+1","PiercingWail","PiercingWail","PiercingWail","Malaise","Deflect+1","Deep Breath","Outmaneuver+1","Clumsy","Noxious Fumes","Well Laid Plans","Catalyst"],"relics":["Ring of the Snake","WarpedTongs","Bird Faced Urn","Girya","Incense Burner","Philosopher\u0027s Stone","TwistedFunnel","Blood Vial","Ice Cream","CaptainsWheel","Pen Nib","Cursed Key","Nunchaku","War Paint","MealTicket","Singing Bowl","TungstenRod"],"acts_visited":["Exordium","TheCity","TheBeyond"],"potions_floor_usage":[8,23,25,33,40,45,48,50],"damage_taken":[{"damage":1,"enemies":"Small Slimes","floor":1,"turns":4},{"damage":0,"enemies":"Jaw Worm","floor":4,"turns":1},{"damage":0,"enemies":"Cultist","floor":5,"turns":2},{"damage":0,"enemies":"Blue Slaver","floor":7,"turns":3},{"damage":0,"enemies":"Lagavulin","floor":8,"turns":5},{"damage":0,"enemies":"Large Slime","floor":12,"turns":3},{"damage":26,"enemies":"Gremlin Nob","floor":14,"turns":4},{"damage":23,"enemies":"Slime Boss","floor":16,"turns":8},{"damage":2,"enemies":"Chosen","floor":18,"turns":4},{"damage":23,"enemies":"Slavers","floor":23,"turns":4},{"damage":0,"enemies":"Gremlin Leader","floor":25,"turns":4},{"damage":2,"enemies":"Book of Stabbing","floor":28,"turns":5},{"damage":1,"enemies":"Shell Parasite","floor":31,"turns":3},{"damage":30,"enemies":"Automaton","floor":33,"turns":8},{"damage":0,"enemies":"3 Shapes","floor":35,"turns":3},{"damage":15,"enemies":"Orb Walker","floor":39,"turns":3},{"damage":14,"enemies":"Nemesis","floor":40,"turns":7},{"damage":0,"enemies":"Reptomancer","floor":42,"turns":7},{"damage":10,"enemies":"Nemesis","floor":45,"turns":9},{"damage":15,"enemies":"Maw","floor":46,"turns":8},{"damage":12,"enemies":"Jaw Worm Horde","floor":47,"turns":3},{"damage":30,"enemies":"Giant Head","floor":48,"turns":9},{"damage":7,"enemies":"Time Eater","floor":50,"turns":12}],"seed_played":"6797359660252943425","potions_obtained":[{"floor":1,"key":"BlessingOfTheForge"},{"floor":4,"key":"LiquidBronze"},{"floor":8,"key":"SkillPotion"},{"floor":14,"key":"DistilledChaos"},{"floor":16,"key":"LiquidMemories"},{"floor":23,"key":"Fire Potion"},{"floor":25,"key":"Block Potion"},{"floor":42,"key":"Block Potion"},{"floor":45,"key":"PowerPotion"},{"floor":47,"key":"Weak Potion"},{"floor":48,"key":"Block Potion"}],"is_trial":false,"path_per_floor":["M","?","?","M","M","R","M","E","T","?","R","M","?","E","R","B",null,"M","?","?","?","$","E","$","E","T","R","E","R","?","M","R","B",null,"M","?","?","T","M","E","R","E","T","$","E","M","M","E","R","B",null],"character_chosen":"THE_SILENT","items_purchased":["TwistedFunnel","PiercingWail","ColorlessPotion","Noxious Fumes"],"campfire_rested":4,"item_purchase_floors":[22,24,44,44],"current_hp_per_floor":[58,58,58,58,58,58,58,58,58,51,51,53,58,34,53,32,57,57,57,57,57,57,38,38,44,44,44,48,48,48,53,65,35,58,62,62,52,52,41,33,52,58,58,65,58,53,43,23,43,48],"gold":163,"neow_bonus":"RANDOM_COLORLESS_2","is_daily":false,"chose_seed":false,"campfire_upgraded":4,"win_rate":0.0,"timestamp":1612208723,"path_taken":["M","?","?","?","M","R","M","E","T","?","R","M","?","E","R","BOSS","M","?","?","?","$","E","$","E","T","R","E","R","?","M","R","BOSS","M","?","?","?","M","E","R","E","T","$","E","M","M","E","R","BOSS"],"items_purchased_type":["Relic","Card","Potion","Card"],"build_version":"2020-12-22","purchased_purges":3,"victory":true,"max_hp_per_floor":[60,60,60,60,60,60,60,60,60,60,60,60,65,65,65,65,65,65,65,65,65,65,65,65,65,65,65,65,65,65,65,65,65,65,65,65,65,65,65,65,65,65,65,65,67,69,69,69,69,69],"relic_stats":{"Singing Bowl":4,"counters":[23,119],"Pen Nib":[7],"War Paint":["Survivor","Corpse Explosion"],"Cursed Key":1,"WarpedTongs":[107],"Blood Vial":22,"Nunchaku":[4],"Bird Faced Urn":[61],"MealTicket":7,"obtain_stats":[{"TwistedFunnel":22,"Ice Cream":25,"Girya":9,"Singing Bowl":45,"Pen Nib":28,"Incense Burner":14,"War Paint":42,"Cursed Key":34,"WarpedTongs":1,"Blood Vial":23,"CaptainsWheel":26,"Nunchaku":40,"Bird Faced Urn":8,"Philosopher\u0027s Stone":17,"MealTicket":43,"TungstenRod":48,"Ring of the Snake":0},{"TwistedFunnel":9,"Ice Cream":11,"Girya":5,"Singing Bowl":19,"Pen Nib":12,"Incense Burner":7,"War Paint":18,"Cursed Key":14,"WarpedTongs":1,"Blood Vial":10,"CaptainsWheel":11,"Nunchaku":17,"Bird Faced Urn":5,"Philosopher\u0027s Stone":8,"MealTicket":18,"TungstenRod":22,"Ring of the Snake":0},{"TwistedFunnel":34,"Ice Cream":42,"Girya":15,"Singing Bowl":87,"Pen Nib":47,"Incense Burner":22,"War Paint":78,"Cursed Key":58,"WarpedTongs":1,"Blood Vial":38,"CaptainsWheel":42,"Nunchaku":71,"Bird Faced Urn":15,"Philosopher\u0027s Stone":30,"MealTicket":78,"TungstenRod":107,"Ring of the Snake":0}],"TungstenRod":3,"Ring of the Snake":[46]},"card_choices":[{"not_picked":["Chrysalis","Metamorphosis"],"picked":"Sadistic Nature","floor":0},{"not_picked":["Outmaneuver","Infinite Blades"],"picked":"Masterful Stab","floor":1},{"not_picked":["Deflect","Underhanded Strike"],"picked":"Quick Slash","floor":4},{"not_picked":["Riddle With Holes","Glass Knife"],"picked":"Dagger Spray","floor":5},{"not_picked":["Blur","Flying Knee"],"picked":"Poisoned Stab","floor":7},{"not_picked":["Storm of Steel","Concentrate","Skewer"],"picked":"SKIP","floor":8},{"not_picked":["PiercingWail","Poisoned Stab"],"picked":"Crippling Poison","floor":12},{"not_picked":["Skewer","Poisoned Stab","Tactician"],"picked":"SKIP","floor":14},{"not_picked":["Phantasmal Killer","Doppelganger"],"picked":"Bullet Time","floor":16},{"not_picked":["Quick Slash","Underhanded Strike"],"picked":"Deadly Poison","floor":18},{"not_picked":["Underhanded Strike","Deflect"],"picked":"Corpse Explosion","floor":23},{"not_picked":["Finisher","Calculated Gamble"],"picked":"PiercingWail","floor":25},{"not_picked":["Finisher","Flechettes","Bane+1"],"picked":"SKIP","floor":28},{"not_picked":["Cloak And Dagger+1","Reflex"],"picked":"PiercingWail","floor":31},{"not_picked":["Night Terror","Doppelganger"],"picked":"Malaise","floor":33},{"not_picked":["Slice+1","Dash+1"],"picked":"Deflect+1","floor":35},{"not_picked":["Thinking Ahead","Mind Blast"],"picked":"Deep Breath","floor":37},{"not_picked":["Flechettes","Underhanded Strike","Dodge and Roll"],"picked":"SKIP","floor":39},{"not_picked":["Prepared","Masterful Stab","A Thousand Cuts"],"picked":"SKIP","floor":40},{"not_picked":["Deflect","Poisoned Stab"],"picked":"Outmaneuver+1","floor":42},{"not_picked":["Dagger Throw","Crippling Poison","Underhanded Strike"],"picked":"Singing Bowl","floor":45},{"not_picked":["Cloak And Dagger","Acrobatics","Riddle With Holes+1"],"picked":"Singing Bowl","floor":46},{"not_picked":["Noxious Fumes","Accuracy"],"picked":"Well Laid Plans","floor":47},{"not_picked":["Dash","Well Laid Plans+1"],"picked":"Catalyst","floor":48}],"player_experience":2571339,"relics_obtained":[{"floor":8,"key":"Bird Faced Urn"},{"floor":9,"key":"Girya"},{"floor":14,"key":"Incense Burner"},{"floor":23,"key":"Blood Vial"},{"floor":25,"key":"Ice Cream"},{"floor":26,"key":"CaptainsWheel"},{"floor":28,"key":"Pen Nib"},{"floor":40,"key":"Nunchaku"},{"floor":42,"key":"War Paint"},{"floor":43,"key":"MealTicket"},{"floor":45,"key":"Singing Bowl"},{"floor":48,"key":"TungstenRod"}],"event_choices":[{"damage_healed":0,"gold_gain":0,"player_choice":"Grow","damage_taken":0,"max_hp_gain":0,"max_hp_loss":0,"event_name":"Living Wall","floor":2,"gold_loss":0,"cards_upgraded":["Masterful Stab"]},{"damage_healed":0,"gold_gain":0,"player_choice":"Forge","damage_taken":0,"max_hp_gain":0,"max_hp_loss":0,"event_name":"Accursed Blacksmith","floor":3,"gold_loss":0,"cards_upgraded":["Sadistic Nature"]},{"cards_removed":["Strike_G"],"damage_healed":0,"gold_gain":0,"player_choice":"Card Removal","damage_taken":7,"max_hp_gain":0,"max_hp_loss":0,"event_name":"Golden Wing","floor":10,"gold_loss":0},{"damage_healed":0,"gold_gain":0,"player_choice":"Donut","damage_taken":0,"max_hp_gain":5,"max_hp_loss":0,"event_name":"Big Fish","floor":13,"gold_loss":0},{"damage_healed":0,"gold_gain":0,"player_choice":"Ignored","damage_taken":0,"max_hp_gain":0,"max_hp_loss":0,"event_name":"Ghosts","floor":19,"gold_loss":0},{"damage_healed":0,"gold_gain":0,"player_choice":"Read","damage_taken":0,"max_hp_gain":0,"max_hp_loss":0,"event_name":"The Library","floor":20,"gold_loss":0,"cards_obtained":["Noxious Fumes"]},{"damage_healed":0,"gold_gain":50,"player_choice":"Stole From Cult","damage_taken":0,"max_hp_gain":0,"max_hp_loss":0,"event_name":"Nest","floor":21,"gold_loss":0},{"damage_healed":0,"gold_gain":0,"player_choice":"Simplicity","damage_taken":0,"max_hp_gain":0,"max_hp_loss":0,"event_name":"Back to Basics","floor":30,"gold_loss":0,"cards_upgraded":["Strike_G","Strike_G","Defend_G","Defend_G","Defend_G","Defend_G","Defend_G"]},{"cards_removed":["Masterful Stab"],"damage_healed":0,"gold_gain":0,"player_choice":"Removed Attack","damage_taken":0,"max_hp_gain":0,"max_hp_loss":0,"event_name":"Falling","floor":36,"gold_loss":0},{"damage_healed":0,"gold_gain":0,"player_choice":"Memory 3","damage_taken":10,"max_hp_gain":0,"max_hp_loss":0,"event_name":"SensoryStone","floor":37,"gold_loss":0}],"is_beta":false,"boss_relics":[{"not_picked":["SacredBark","Ring of the Serpent"],"picked":"Philosopher\u0027s Stone"},{"not_picked":["HoveringKite","SlaversCollar"],"picked":"Cursed Key"}],"items_purged_floors":[22,24,44],"is_endless":false,"potions_floor_spawned":[1,4,8,14,16,23,25,28,42,45,46,47,48],"ascension_level":15}}