{"host":"vyjryxuuuxkt43k4","time":1612150784,"event":{"mods":["AchievementEnabler","BaseMod","Colored Map","DeckTracker","Keyboard Shortcuts","Minty Spire (QoL Compilation)","Permanent Neow","Quick Restart","Rare Cards Sparkle","StSLib","SuperFastMode","everything is the same but u backflip on backflip"],"gold_per_floor":[114,114,114,114,133,163,178,178,203,203,238,19,19,49,49,49,49],"floor_reached":16,"language":"KOR","playtime":490,"items_purged":[],"score":247,"play_id":"e3a77dd2-fc6b-4488-b7d0-adc1094f4ccc","local_time":"20210201123944","is_ascension_mode":true,"campfire_choices":[{"data":"Masterful Stab","floor":8.0,"key":"SMITH"},{"data":"Dagger Spray","floor":10.0,"key":"SMITH"},{"data":"Neutralize","floor":13.0,"key":"SMITH"},{"floor":15.0,"key":"REST"}],"circlet_count":0,"master_deck":["AscendersBane","Strike_G","Strike_G","Strike_G","Strike_G","Defend_G","Defend_G","Defend_G","Defend_G","Defend_G","Survivor","Neutralize+1","Masterful Stab+1","Dagger Spray+1","Eviscerate","Underhanded Strike","Well Laid Plans","Reflex","Burst"],"relics":["Ring of the Snake","NeowsBlessing","Blood Vial","Regal Pillow","Bronze Scales","Blue Candle","Medical Kit","Bag of Preparation"],"acts_visited":["Exordium"],"potions_floor_usage":[],"damage_taken":[{"damage":0.0,"enemies":"Jaw Worm","floor":1.0,"turns":1.0},{"damage":0.0,"enemies":"2 Louse","floor":5.0,"turns":1.0},{"damage":0.0,"enemies":"Gremlin Nob","floor":6.0,"turns":1.0},{"damage":0.0,"enemies":"Cultist","floor":7.0,"turns":3.0},{"damage":10.0,"enemies":"3 Sentries","floor":11.0,"turns":4.0},{"damage":24.0,"enemies":"Lagavulin","floor":14.0,"turns":8.0},{"damage":47,"enemies":"Slime Boss","floor":16,"turns":8}],"seed_played":"-8650473869014237822","potions_obtained":[{"floor":1.0,"key":"Energy Potion"},{"floor":6.0,"key":"Block Potion"}],"is_trial":false,"path_per_floor":["M","?","?","?","M","E","M","R","T","R","E","$","R","E","R","B"],"character_chosen":"THE_SILENT","items_purchased":["Medical Kit","Reflex"],"campfire_rested":1,"item_purchase_floors":[12,12],"current_hp_per_floor":[59,59,52,34,36,38,40,40,40,40,32,32,32,10,44,0,0],"gold":49,"neow_bonus":"THREE_ENEMY_KILL","is_daily":false,"chose_seed":false,"campfire_upgraded":3,"win_rate":0.0,"timestamp":1612150784,"path_taken":["M","?","?","?","M","E","M","R","T","R","E","$","R","E","R","BOSS"],"items_purchased_type":["Relic","Card"],"build_version":"2020-12-22","purchased_purges":0,"victory":false,"max_hp_per_floor":[66,66,66,66,66,66,66,66,66,66,66,66,66,66,66,66,66],"card_choices":[{"not_picked":["Endless Agony","Terror"],"picked":"Masterful Stab","floor":1.0},{"not_picked":["Tactician","Outmaneuver"],"picked":"Dagger Spray","floor":5.0},{"not_picked":["Deflect","Dagger Spray"],"picked":"Eviscerate","floor":6.0},{"not_picked":["Quick Slash","Deadly Poison"],"picked":"Underhanded Strike","floor":7.0},{"not_picked":["Sucker Punch","Backstab"],"picked":"Well Laid Plans","floor":11.0},{"not_picked":["Underhanded Strike","Poisoned Stab"],"picked":"Burst","floor":14.0}],"player_experience":555200,"relics_obtained":[{"floor":6.0,"key":"Regal Pillow"},{"floor":9.0,"key":"Bronze Scales"},{"floor":11.0,"key":"Blue Candle"},{"floor":14.0,"key":"Bag of Preparation"}],"event_choices":[{"damage_healed":0.0,"max_hp_gain":0.0,"max_hp_loss":0.0,"gold_gain":0.0,"event_name":"Liars Game","player_choice":"Ignored","floor":2.0,"gold_loss":0.0,"damage_taken":0.0},{"cards_removed":["Strike_G"],"damage_healed":0.0,"max_hp_gain":0.0,"max_hp_loss":0.0,"gold_gain":0.0,"event_name":"Golden Wing","player_choice":"Card Removal","floor":3.0,"gold_loss":0.0,"damage_taken":7.0},{"damage_healed":0.0,"max_hp_gain":0.0,"max_hp_loss":0.0,"gold_gain":0.0,"event_name":"Scrap Ooze","player_choice":"Success","floor":4.0,"gold_loss":0.0,"damage_taken":18.0,"relics_obtained":["Blood Vial"]}],"is_beta":false,"boss_relics":[],"items_purged_floors":[],"is_endless":false,"potions_floor_spawned":[1,6],"killed_by":"Slime Boss","ascension_level":15}}