{"host":"klrvvo16pazy794l","time":1612165740,"event":{"mods":["BaseMod","Minty Spire (QoL Compilation)"],"gold_per_floor":[112,112,187,203,128,157,176,176,176,186,186,196,222,236,236,340,340,357,200,218,218,229,229,258,3,3,3,13,13,44,44,44],"floor_reached":31,"language":"ENG","playtime":4530,"items_purged":["Regret"],"score":341,"play_id":"3685dbbc-2b34-46c5-88f2-bced220ffbaa","local_time":"20210201014900","is_ascension_mode":true,"campfire_choices":[{"data":"Combust","floor":8,"key":"SMITH"},{"data":"Rampage","floor":11,"key":"SMITH"},{"data":"Armaments","floor":15,"key":"SMITH"},{"floor":23,"key":"REST"},{"data":"Double Tap","floor":27,"key":"SMITH"},{"floor":29,"key":"REST"}],"circlet_count":0,"master_deck":["Strike_R","Strike_R","Strike_R","Strike_R","Strike_R","Defend_R","Defend_R","Defend_R","Defend_R","Bash","Flex","Combust+1","Pommel Strike","Rampage+1","Headbutt","Armaments+1","Bloodletting","Double Tap+1","Rage","Spot Weakness","Bludgeon+1"],"relics":["Burning Blood","NeowsBlessing","StrikeDummy","Happy Flower","Ice Cream","Mark of Pain","MealTicket","Blood Vial","Eternal Feather","Molten Egg 2","Oddly Smooth Stone"],"acts_visited":["Exordium","TheCity"],"potions_floor_usage":[16,22,30,30,30,31],"damage_taken":[{"damage":0,"enemies":"Cultist","floor":1,"turns":1},{"damage":0,"enemies":"Jaw Worm","floor":4,"turns":1},{"damage":0,"enemies":"Gremlin Nob","floor":6,"turns":1},{"damage":7,"enemies":"2 Louse","floor":7,"turns":3},{"damage":2,"enemies":"Exordium Wildlife","floor":10,"turns":2},{"damage":1,"enemies":"Looter","floor":12,"turns":2},{"damage":16,"enemies":"3 Sentries","floor":13,"turns":4},{"damage":10,"enemies":"Large Slime","floor":14,"turns":4},{"damage":40,"enemies":"Hexaghost","floor":16,"turns":5},{"damage":22,"enemies":"3 Byrds","floor":18,"turns":4},{"damage":35,"enemies":"2 Thieves","floor":20,"turns":4},{"damage":23,"enemies":"Snake Plant","floor":22,"turns":5},{"damage":44,"enemies":"Book of Stabbing","floor":24,"turns":5},{"damage":40,"enemies":"Shelled Parasite and Fungi","floor":28,"turns":4},{"damage":41,"enemies":"Slavers","floor":30,"turns":4},{"damage":24,"enemies":"Sentry and Sphere","floor":31,"turns":3}],"seed_played":"5065110788443835264","potions_obtained":[{"floor":1,"key":"ColorlessPotion"},{"floor":10,"key":"EntropicBrew"},{"floor":14,"key":"GamblersBrew"},{"floor":20,"key":"HeartOfIron"},{"floor":28,"key":"Weak Potion"},{"floor":30,"key":"Weak Potion"}],"is_trial":false,"path_per_floor":["M","?","?","M","$","E","M","R","T","M","R","M","E","M","R","B",null,"M","$","M","$","M","R","E","$","T","R","M","R","E","M"],"character_chosen":"IRONCLAD","items_purchased":["MealTicket","Eternal Feather"],"campfire_rested":2,"item_purchase_floors":[19,25],"current_hp_per_floor":[80,80,72,78,78,80,79,79,79,80,80,80,70,66,66,32,80,64,64,35,50,33,57,19,34,34,46,14,50,17,0,0],"gold":44,"neow_bonus":"THREE_ENEMY_KILL","is_daily":false,"chose_seed":false,"campfire_upgraded":4,"win_rate":0.0,"timestamp":1612165740,"path_taken":["M","?","?","M","$","E","M","R","T","?","R","M","E","M","R","BOSS","M","$","M","$","?","R","E","?","T","R","?","R","E","M"],"items_purchased_type":["Relic","Relic"],"build_version":"2020-12-22","purchased_purges":1,"victory":false,"max_hp_per_floor":[80,80,80,80,80,80,80,80,80,80,80,80,80,80,80,80,80,80,80,80,80,80,80,80,80,80,80,80,80,80,80,80],"card_choices":[{"not_picked":["Entrench","Clash"],"picked":"Flex","floor":1},{"not_picked":["Rage","Intimidate"],"picked":"Combust","floor":4},{"not_picked":["Bludgeon","Pummel"],"picked":"Pommel Strike","floor":6},{"not_picked":["Second Wind","Heavy Blade","Clash"],"picked":"SKIP","floor":7},{"not_picked":["True Grit","Heavy Blade"],"picked":"Rampage","floor":10},{"not_picked":["Twin Strike","Rupture"],"picked":"Headbutt","floor":12},{"not_picked":["Inflame","Wild Strike"],"picked":"Armaments","floor":13},{"not_picked":["Combust","Cleave"],"picked":"Bloodletting","floor":14},{"not_picked":["Feed","Corruption"],"picked":"Double Tap","floor":16},{"not_picked":["Armaments","Carnage+1"],"picked":"Rage","floor":18},{"not_picked":["Sever Soul","Body Slam","Carnage"],"picked":"SKIP","floor":20},{"not_picked":["Power Through","Disarm","Pommel Strike+1"],"picked":"SKIP","floor":22},{"not_picked":["Blood for Blood+1","Perfected Strike"],"picked":"Spot Weakness","floor":24},{"not_picked":["True Grit","Iron Wave+1","Disarm"],"picked":"SKIP","floor":28},{"not_picked":["Evolve","Iron Wave+1"],"picked":"Bludgeon+1","floor":30}],"player_experience":486598,"relics_obtained":[{"floor":6,"key":"Happy Flower"},{"floor":13,"key":"Ice Cream"},{"floor":24,"key":"Blood Vial"},{"floor":26,"key":"Molten Egg 2"},{"floor":30,"key":"Oddly Smooth Stone"}],"event_choices":[{"damage_healed":0,"gold_gain":0,"player_choice":"Box","damage_taken":0,"relics_obtained":["StrikeDummy"],"max_hp_gain":0,"max_hp_loss":0,"event_name":"Big Fish","floor":2,"gold_loss":0,"cards_obtained":["Regret"]},{"damage_healed":0,"gold_gain":75,"player_choice":"Touch","damage_taken":8,"max_hp_gain":0,"max_hp_loss":0,"event_name":"FaceTrader","floor":3,"gold_loss":0}],"is_beta":false,"boss_relics":[{"not_picked":["Calling Bell","Philosopher\u0027s Stone"],"picked":"Mark of Pain"}],"items_purged_floors":[5],"is_endless":false,"potions_floor_spawned":[1,10,14,20,28,30],"killed_by":"Sentry and Sphere","ascension_level":2}}