{"host":"exyz3r55z4kt6m9o","time":1612178051,"event":{"mods":["100% Spire Juice","2.2 Compatiblity","AchievementEnabler","Aspiration","BaseMod","Better Altar","Better Match","Better Note","Better Sensory Stone","Better Skull","Better Third Choice","BetterRewards","Colored Powertips","Energized Spire","Friendly Minions","GifTheSpireLib","Infinite Spire","Ironclad Rager","Jorbs\u0027s Wanderer Trilogy","Luminous","Marisa????????","Minty Spire (QoL Compilation)","Permanent Neow","Rare Cards Sparkle","Reimu??????","Relic Filter","Reliquary","Replay The Spire","Spicy Shops","StSLib","The Bladedancer","The Blue Laboratory","The Gatherer","The Hayseed","The Mystic","The Runesmith","TheSurvivalist","Treasure Hunter","Wandering Minibosses","yUi"],"gold_per_floor":[114,133,58,58,71,71,97,62,87,87,27,44,44,71,71,71,71],"floor_reached":16,"language":"ENG","playtime":534,"items_purged":["Strike_R"],"score":173,"play_id":"d6e6f566-c1bd-4c16-a0ba-e8b0609d7cdb","local_time":"20210201061411","is_ascension_mode":true,"campfire_choices":[{"floor":6,"key":"REST"},{"floor":10,"key":"REST"},{"floor":13,"key":"REST"},{"data":"TH:CursedSword","floor":15,"key":"SMITH"}],"circlet_count":0,"master_deck":["AscendersBane","Strike_R","Strike_R","Strike_R","Strike_R+1","Defend_R","Defend_R","Defend_R","Defend_R","Clothesline","Dark Embrace","infinitespire:NeuralNetwork","Disarm","Thunderclap","Thunderclap+1","TH:CursedSword+1","Disarm"],"relics":["Burning Blood","Mastiff:ReiMu","reliquary:Buckler"],"acts_visited":["Exordium"],"potions_floor_usage":[14,14],"damage_taken":[{"damage":8,"enemies":"Jaw Worm","floor":1,"turns":6},{"damage":4,"enemies":"Small Slimes","floor":2,"turns":4},{"damage":16,"enemies":"Cultist","floor":5,"turns":6},{"damage":64,"enemies":"3 Sentries","floor":7,"turns":11},{"damage":12,"enemies":"Looter","floor":11,"turns":5},{"damage":15,"enemies":"2 Fungi Beasts","floor":12,"turns":4},{"damage":39,"enemies":"Lagavulin","floor":14,"turns":9},{"damage":36,"enemies":"The Guardian","floor":16,"turns":2}],"seed_played":"-5574788822385367072","potions_obtained":[{"floor":2,"key":"ElixirPotion"},{"floor":7,"key":"blueLaboratory:BottleOfVodka"},{"floor":12,"key":"Flashbang"}],"is_trial":false,"path_per_floor":["M","M","$","?","M","R","E","?","T","R","M","M","R","E","R","B"],"character_chosen":"IRONCLAD","items_purchased":[],"campfire_rested":3,"item_purchase_floors":[],"current_hp_per_floor":[70,72,72,52,42,66,8,28,28,52,46,37,61,28,28,0,0],"gold":71,"neow_bonus":"REMOVE_CARD","is_daily":false,"chose_seed":false,"campfire_upgraded":1,"win_rate":0.0,"timestamp":1612178051,"path_taken":["M","M","$","?","M","R","E","?","T","R","M","M","R","E","R","BOSS"],"items_purchased_type":[],"build_version":"2020-12-22","purchased_purges":1,"victory":false,"max_hp_per_floor":[80,80,80,80,80,80,80,80,80,80,80,80,80,80,80,80,80],"card_choices":[{"not_picked":["Pommel Strike","Anger"],"picked":"Clothesline","floor":1},{"not_picked":["Anger","Clash"],"picked":"Dark Embrace","floor":2},{"not_picked":["ReplayTheSpireMod:Black Plague","infinitespire:TheBestDefense"],"picked":"infinitespire:NeuralNetwork","floor":4},{"not_picked":["Dropkick","Brutality","Headbutt"],"picked":"SKIP","floor":5},{"not_picked":["Clash","Iron Wave"],"picked":"Disarm","floor":7},{"not_picked":["TH:EnergyPotion","TH:TreasureMap"],"picked":"SKIP","floor":7},{"not_picked":["TH:TreasureMap","TH:Mimic"],"picked":"SKIP","floor":9},{"not_picked":["Ghostly Armor","Searing Blow"],"picked":"Thunderclap","floor":11},{"not_picked":["Wild Strike","Iron Wave"],"picked":"Thunderclap","floor":12},{"not_picked":["TH:BikiniMail"],"picked":"TH:CursedSword","floor":14},{"not_picked":["Ghostly Armor","Offering"],"picked":"Disarm","floor":14}],"player_experience":702280,"relics_obtained":[{"floor":7,"key":"Red Skull"},{"floor":9,"key":"Mastiff:ReiMu"},{"floor":14,"key":"reliquary:Buckler"}],"event_choices":[{"damage_healed":20,"gold_gain":0,"player_choice":"Healed","damage_taken":0,"max_hp_gain":0,"max_hp_loss":0,"event_name":"The Cleric","floor":8,"gold_loss":35}],"is_beta":false,"boss_relics":[],"items_purged_floors":[3],"is_endless":false,"potions_floor_spawned":[2,7,12,14],"killed_by":"The Guardian","ascension_level":12}}