{"host":"7iv10lxbxedtd0qh","time":1612204343,"event":{"mods":["BaseMod","Colored Map","Colored Powertips","Downfall","Minty Spire (QoL Compilation)","StSLib"],"gold_per_floor":[99,116,116,178,203,200,212,237,249,289,301,463,475,505,537,646,658,670,697,727,739,739,739],"floor_reached":21,"language":"ENG","playtime":1117,"items_purged":[],"score":245,"play_id":"636ef970-e813-4e5d-b70e-b113e910ae5c","local_time":"20210201193223","is_ascension_mode":true,"campfire_choices":[{"floor":11,"key":"REST"}],"circlet_count":0,"master_deck":["sneckomod:Strike+1","sneckomod:Strike+1","sneckomod:Defend","sneckomod:Defend","sneckomod:Defend","sneckomod:TailWhip","sneckomod:SnekBite","sneckomod:Unknown","Slimebound:MassFeed","sneckomod:UnknownBlock","sneckomod:SoulDraw","Echo Form+1","downfall:Icky","Conserve Battery","sneckomod:UnknownDexterity","sneckomod:CheapStock","hexamod:SixthSeal","sneckomod:UnknownColorless+1","sneckomod:UnknownColorless+1"],"relics":["sneckomod:SneckoSoul","Ornamental Fan","MawBank","Question Card","MealTicket","Runic Dome"],"acts_visited":["Exordium","TheCity"],"potions_floor_usage":[4,19,20],"damage_taken":[{"damage":25,"enemies":"2 Louse","floor":2,"turns":3},{"damage":42,"enemies":"Gremlin Nob","floor":4,"turns":6},{"damage":0,"enemies":"downfall:FleeingMerchant","floor":6,"turns":4},{"damage":7,"enemies":"Jaw Worm","floor":8,"turns":3},{"damage":19,"enemies":"Gremlin Nob","floor":10,"turns":5},{"damage":5,"enemies":"Small Slimes","floor":14,"turns":4},{"damage":11,"enemies":"Large Slime","floor":15,"turns":4},{"damage":12,"enemies":"IC_STATUS_ARCHETYPE","floor":16,"turns":11},{"damage":50,"enemies":"Spheric Guardian","floor":19,"turns":8},{"damage":51,"enemies":"Sentry and Sphere","floor":20,"turns":6},{"damage":31,"enemies":"Cultist and Chosen","floor":21,"turns":4}],"seed_played":"-1333798993785169463","potions_obtained":[{"floor":2,"key":"champ:CounterPotion"},{"floor":10,"key":"Strength Potion"},{"floor":16,"key":"Fire Potion"},{"floor":19,"key":"Strength Potion"}],"is_trial":false,"path_per_floor":["R","M","?","?","T","$","T","M","R","E","R","?","R","M","M","B",null,"R","M","M","M"],"character_chosen":"THE_SNECKO","items_purchased":[],"campfire_rested":1,"item_purchase_floors":[],"current_hp_per_floor":[90,71,71,32,32,32,32,28,28,12,43,43,43,41,36,24,114,114,67,19,0,0,0],"gold":739,"neow_bonus":"TRANSFORM_CARD","is_daily":false,"chose_seed":false,"campfire_upgraded":0,"win_rate":0.0,"timestamp":1612204343,"path_taken":["R","M","?","?","?","?","T","M","R","E","R","?","R","M","M","BOSS","R","M","M","M"],"items_purchased_type":[],"build_version":"2020-12-22","purchased_purges":0,"victory":false,"max_hp_per_floor":[90,96,96,99,99,99,99,102,102,105,105,105,105,108,114,114,114,114,117,120,120,120,120],"card_choices":[{"not_picked":["sneckomod:RainOfDice","sneckomod:DiceBlock"],"picked":"sneckomod:UnknownBlock","floor":2},{"not_picked":["sneckomod:Nope","sneckomod:QuickBite"],"picked":"sneckomod:SoulDraw","floor":6},{"not_picked":["sneckomod:UnknownExhaust","sneckomod:DiceBlock","sneckomod:Unknown1Cost","sneckomod:DiceCrush"],"picked":"SKIP","floor":8},{"not_picked":["sneckomod:MixItUp","sneckomod:UnknownUncommonPower","sneckomod:DefensiveFlair"],"picked":"sneckomod:UnknownBlock","floor":10},{"not_picked":["sneckomod:UnknownColorless","sneckomod:CheapStock","sneckomod:Unknown2Cost"],"picked":"sneckomod:UnknownDexterity","floor":14},{"not_picked":["sneckomod:UnknownBlock","sneckomod:UnknownUncommonPower","sneckomod:QuickMove"],"picked":"sneckomod:CheapStock","floor":15},{"not_picked":["sneckomod:Restock","sneckomod:Mudshield","sneckomod:UnknownRareSkill"],"picked":"sneckomod:UnknownRarePower","floor":16},{"not_picked":["sneckomod:DiceCrush","sneckomod:QuickBite","sneckomod:SoulRoll+1"],"picked":"sneckomod:UnknownColorless+1","floor":19},{"not_picked":["sneckomod:DiceBlock","sneckomod:Unknown1Cost","sneckomod:CheapStock"],"picked":"sneckomod:UnknownColorless+1","floor":20}],"player_experience":782158,"relics_obtained":[{"floor":4,"key":"Ornamental Fan"},{"floor":5,"key":"MawBank"},{"floor":7,"key":"Question Card"},{"floor":10,"key":"MealTicket"}],"event_choices":[],"is_beta":false,"boss_relics":[{"not_picked":["Fusion Hammer","Velvet Choker"],"picked":"Runic Dome"}],"items_purged_floors":[],"is_endless":false,"potions_floor_spawned":[2,10,16,19],"killed_by":"Cultist and Chosen","ascension_level":2}}