{"host":"bd3tl98ed0kk4173","time":1612204471,"event":{"mods":["Arknights","Aspiration","Astrologer","BaseMod","Beaked The Cultist","Better Altar","Better Match","Better Note","Better Sensory Stone","Better Skull","Better Third Choice","BetterRewards","CapriCore","Colored Map","Colored Powertips","Conspire","Duelist Mod","Emptier Cage","Energized Spire","GifTheSpireLib","GungeonMod","Halation","HexUI Lib","Highlight Path","Hubris","Infinite Spire","Jedi Mod","Jorbs\u0027s Wanderer Trilogy","Melee Mod","Minty Spire (QoL Compilation)","Permanent Neow","Quick Restart","Rare Cards Sparkle","Reliquary","Replay The Spire","SacredBarkPlus","Spicy Shops","Spire Arcade","StSLib","Stuff the Spire","TestMod","The Animator","The Blue Laboratory","The Death Knight","The Disciple","The Problem Sleuth","The Sage","The Valiant","??????REMEMod"],"gold_per_floor":[117,30,30,41,54,54,54,54,54,68,68,125,6,38,38,135,135,106,106,31,31,41,41,51,51,75,91,91,91],"floor_reached":28,"language":"ENG","playtime":1700,"items_purged":["meleeMod_Jab"],"score":216,"play_id":"273ef13d-a5ee-4616-946b-52aa952416a6","local_time":"20210201133431","is_ascension_mode":false,"campfire_choices":[{"data":"meleeMod_Taunt","floor":6.0,"key":"SMITH"},{"data":"meleeMod_FalconPunch","floor":8.0,"key":"SMITH"},{"data":"meleeMod_CrouchCancel","floor":11.0,"key":"SMITH"},{"floor":15.0,"key":"REST"},{"data":"meleeMod_FalconKick","floor":23,"key":"SMITH"}],"circlet_count":0,"master_deck":["meleeMod_Jab","meleeMod_Jab","meleeMod_Jab","meleeMod_Shield","meleeMod_Shield","meleeMod_Shield","meleeMod_Shield","meleeMod_NeutralAir","meleeMod_BackAir","meleeMod_UnclePunch","meleeMod_UnclePunch","meleeMod_Taunt+1","meleeMod_CrouchCancel+1","meleeMod_GetUpAttack","meleeMod_MindReader","meleeMod_FalconKick+1","meleeMod_FalconPunch+1","meleeMod_FalconPunch+1","meleeMod_UpSmash+1","meleeMod_WallJump+1"],"relics":["meleeMod_LosersMang0","REME_ComplimentaryCards","testmod-TestBox","aspiration:Nostalgia","ats:Sanity","Blue Candle","testmod-OneHitWonder","meleeMod_NoKnee","beaked:ShinyBauble","StuffTheSpire:Mouthbags","aspiration:BeakedSkillbook","Orichalcum","DemoMod:ClearGuonStone"],"acts_visited":["Exordium","TheCity"],"potions_floor_usage":[24],"damage_taken":[{"damage":4.0,"enemies":"2 Louse","floor":1.0,"turns":3.0},{"damage":0.0,"enemies":"Cultist","floor":4.0,"turns":3.0},{"damage":0.0,"enemies":"Small Slimes","floor":5.0,"turns":2.0},{"damage":10.0,"enemies":"3 Louse","floor":10.0,"turns":4.0},{"damage":22.0,"enemies":"3 Sentries","floor":12.0,"turns":6.0},{"damage":45.0,"enemies":"Gremlin Nob","floor":14.0,"turns":5.0},{"damage":26.0,"enemies":"The Guardian","floor":16.0,"turns":7.0},{"damage":38.0,"enemies":"2 Thieves","floor":18.0,"turns":5.0},{"damage":5,"enemies":"Spheric Guardian","floor":22,"turns":3},{"damage":15,"enemies":"Shelled Parasite and Fungi","floor":24,"turns":4},{"damage":17,"enemies":"3 Cultists","floor":27,"turns":6},{"damage":20,"enemies":"Centurion and Healer","floor":28,"turns":3}],"seed_played":"-3132345796649382500","potions_obtained":[{"floor":1.0,"key":"blueLaboratory:PolymorphPotion"},{"floor":10.0,"key":"blueLaboratory:PolymorphPotion"},{"floor":16.0,"key":"DeathKnight:RimePotion"},{"floor":19.0,"key":"DemoMod:BlankPotion"},{"floor":19.0,"key":"blueLaboratory:EnragingPotion"},{"floor":19.0,"key":"blueLaboratory:PhilterOfMotion"},{"floor":24,"key":"blueLaboratory:BubblePotion"}],"is_trial":false,"path_per_floor":["M","$","?","M","M","R","?","R","T","M","R","?","$","E","R","B",null,"M","?","$","?","M","R","M","?","T","M","M"],"character_chosen":"FALCON","items_purchased":["meleeMod_UnclePunch","beaked:ShinyBauble"],"campfire_rested":1,"item_purchase_floors":[2,13],"current_hp_per_floor":[81,81,81,81,81,81,81,81,81,71,71,49,49,4,29,3,85,50,50,50,50,50,50,35,35,35,19,0,0],"gold":91,"neow_bonus":"NOSTALGIA","is_daily":false,"chose_seed":false,"campfire_upgraded":4,"win_rate":0.0,"timestamp":1612204471,"path_taken":["M","$","?","?","M","R","?","R","T","M","R","?","$","E","R","BOSS","M","?","$","?","M","R","M","?","T","M","?"],"items_purchased_type":["Card","Relic"],"build_version":"2020-12-22","purchased_purges":1,"victory":false,"max_hp_per_floor":[85,85,85,85,85,85,85,85,85,85,85,85,85,85,85,85,85,85,85,85,85,85,85,85,85,85,85,85,85],"card_choices":[{"not_picked":["meleeMod_BackAir","meleeMod_SweetSpot","meleeMod_WaveDash"],"picked":"SKIP","floor":1.0},{"not_picked":["meleeMod_UCF","meleeMod_Gentleman"],"picked":"meleeMod_FalconPunch","floor":4.0},{"not_picked":["meleeMod_Gentleman","meleeMod_BMoveSpecialist"],"picked":"meleeMod_Taunt","floor":5.0},{"not_picked":["meleeMod_NoDI","meleeMod_WaveDash"],"picked":"meleeMod_CrouchCancel","floor":10.0},{"not_picked":["meleeMod_FalconPunch","meleeMod_RaptorBoost"],"picked":"meleeMod_GetUpAttack","floor":14.0},{"not_picked":["meleeMod_EdgeCancel","meleeMod_VCancel"],"picked":"meleeMod_MindReader","floor":16.0},{"not_picked":["beaked:Daydream","beaked:Resilience+1","beaked:Tradeoff"],"picked":"meleeMod_FalconKick","floor":18.0},{"not_picked":["beaked:Ceremony","meleeMod_NoDI","beaked:Tradeoff+1"],"picked":"meleeMod_UpSmash+1","floor":22},{"not_picked":["meleeMod_WaveDash","meleeMod_Gentleman+1","ReplayTheSpireMod:RavenHex","meleeMod_WaveLand"],"picked":"SKIP","floor":24},{"not_picked":["beaked:Cower+1","meleeMod_Gentleman+1","beaked:Overpower"],"picked":"meleeMod_WallJump+1","floor":27}],"player_experience":105203,"relics_obtained":[{"floor":9.0,"key":"testmod-OneHitWonder"},{"floor":12.0,"key":"meleeMod_NoKnee"},{"floor":14.0,"key":"StuffTheSpire:Mouthbags"},{"floor":25,"key":"Orichalcum"},{"floor":26,"key":"DemoMod:ClearGuonStone"}],"event_choices":[{"damage_healed":0.0,"max_hp_gain":0.0,"max_hp_loss":0.0,"gold_gain":0.0,"event_name":"Transmorgrifier","player_choice":"Ignored","floor":3.0,"gold_loss":0.0,"damage_taken":0.0},{"damage_healed":0.0,"max_hp_gain":0.0,"max_hp_loss":0.0,"gold_gain":0.0,"event_name":"Dead Adventurer","player_choice":"Searched \u00271\u0027 times","floor":12.0,"gold_loss":0.0,"damage_taken":0.0},{"damage_healed":0.0,"max_hp_gain":0.0,"max_hp_loss":0.0,"gold_gain":0.0,"event_name":"Lab","player_choice":"Got Potions","floor":19.0,"gold_loss":0.0,"damage_taken":0.0}],"is_beta":false,"boss_relics":[{"not_picked":["Ring of Chaos","Empty Cage"],"picked":"aspiration:BeakedSkillbook"}],"items_purged_floors":[20],"is_endless":false,"potions_floor_spawned":[1,10,16,24],"killed_by":"Centurion and Healer","ascension_level":0}}