{"host":"88sw61cmk1203zgj","time":1612158607,"event":{"mods":["BaseMod","Minty Spire (QoL Compilation)"],"gold_per_floor":[116,133,148,148,160,186,186,214,214,214,225,238,268,268,268,364,364,376,58,48,48,68,68,102,102,102],"floor_reached":25,"language":"ENG","playtime":1478,"items_purged":["Strike_B"],"score":389,"play_id":"d43dbbc6-f473-49b1-9296-cacb4759154d","local_time":"20210201005007","is_ascension_mode":true,"campfire_choices":[{"floor":7.0,"key":"REST"},{"floor":10.0,"key":"REST"},{"floor":15,"key":"REST"},{"floor":23,"key":"REST"}],"circlet_count":0,"master_deck":["AscendersBane","Strike_B","Strike_B","Defend_B","Defend_B","Defend_B","Defend_B","Zap","Dualcast","Streamline","Defragment","Ball Lightning","Doom and Gloom","Leap","Defragment","Echo Form","Genetic Algorithm","Steam+1"],"relics":["Fusion Hammer","Blue Candle","Cables","Torii","CaptainsWheel","Nuclear Battery","HornCleat","Shovel"],"acts_visited":["Exordium","TheCity"],"potions_floor_usage":[13,13,16,20],"damage_taken":[{"damage":0.0,"enemies":"2 Louse","floor":1.0,"turns":2.0},{"damage":0.0,"enemies":"Small Slimes","floor":2.0,"turns":3.0},{"damage":12.0,"enemies":"Jaw Worm","floor":3.0,"turns":3.0},{"damage":0.0,"enemies":"Lots of Slimes","floor":5.0,"turns":1.0},{"damage":34.0,"enemies":"Gremlin Nob","floor":6.0,"turns":4.0},{"damage":30.0,"enemies":"3 Sentries","floor":8.0,"turns":5.0},{"damage":1.0,"enemies":"Looter","floor":11.0,"turns":2.0},{"damage":1.0,"enemies":"2 Fungi Beasts","floor":12.0,"turns":3.0},{"damage":16,"enemies":"Gremlin Nob","floor":13,"turns":4},{"damage":15,"enemies":"Slime Boss","floor":16,"turns":5},{"damage":7,"enemies":"Chosen","floor":18,"turns":4},{"damage":9,"enemies":"2 Thieves","floor":20,"turns":5},{"damage":0,"enemies":"Centurion and Healer","floor":22,"turns":5},{"damage":51,"enemies":"Slavers","floor":24,"turns":6},{"damage":21,"enemies":"Cultist and Chosen","floor":25,"turns":4}],"seed_played":"-4693460298471957518","potions_obtained":[{"floor":2.0,"key":"AttackPotion"},{"floor":11.0,"key":"Swift Potion"},{"floor":12.0,"key":"Block Potion"},{"floor":13,"key":"Fire Potion"},{"floor":18,"key":"EntropicBrew"},{"floor":24,"key":"PowerPotion"}],"is_trial":false,"path_per_floor":["M","M","M","?","M","E","R","E","T","R","M","M","E","?","R","B",null,"M","$","M","?","M","R","E","M"],"character_chosen":"DEFECT","items_purchased":["HornCleat"],"campfire_rested":4,"item_purchase_floors":[19],"current_hp_per_floor":[68,68,56,49,49,15,37,7,7,29,28,27,11,4,26,11,59,52,52,43,43,43,65,14,0,0],"gold":102,"neow_bonus":"BOSS_RELIC","is_daily":false,"chose_seed":false,"campfire_upgraded":0,"win_rate":0.0,"timestamp":1612158607,"path_taken":["M","M","M","?","M","E","R","E","T","R","M","M","E","?","R","BOSS","M","$","M","?","M","R","E","M"],"items_purchased_type":["Relic"],"build_version":"2020-12-22","purchased_purges":1,"victory":false,"max_hp_per_floor":[75,75,75,75,75,75,75,75,75,75,75,75,75,75,75,75,75,75,75,75,75,75,75,75,75,75],"card_choices":[{"not_picked":["Steam","Force Field","Steam Power"],"picked":"SKIP","floor":1.0},{"not_picked":["Melter","Glacier"],"picked":"Streamline","floor":2.0},{"not_picked":["Blizzard","Chill"],"picked":"Defragment","floor":3.0},{"not_picked":["Reprogram","BootSequence"],"picked":"Ball Lightning","floor":5.0},{"not_picked":["Cold Snap","Conserve Battery"],"picked":"Doom and Gloom","floor":6.0},{"not_picked":["Skim","Defragment"],"picked":"Leap","floor":8.0},{"not_picked":["Sweeping Beam","Tempest","Steam Power"],"picked":"SKIP","floor":11.0},{"not_picked":["Coolheaded","Rebound"],"picked":"Defragment","floor":12.0},{"not_picked":["Sweeping Beam","Blizzard","Hello World"],"picked":"SKIP","floor":13},{"not_picked":["Buffer","Machine Learning"],"picked":"Echo Form","floor":16},{"not_picked":["Go for the Eyes","Beam Cell"],"picked":"Genetic Algorithm","floor":18},{"not_picked":["Chaos+1","Coolheaded"],"picked":"Steam+1","floor":20},{"not_picked":["Melter","Scrape","Barrage"],"picked":"SKIP","floor":22},{"not_picked":["Steam","Rebound","Storm"],"picked":"SKIP","floor":24}],"player_experience":1549650,"relics_obtained":[{"floor":6.0,"key":"Blue Candle"},{"floor":8.0,"key":"Cables"},{"floor":9.0,"key":"Torii"},{"floor":13,"key":"CaptainsWheel"},{"floor":24,"key":"Shovel"}],"event_choices":[{"cards_removed":["Strike_B"],"damage_healed":0.0,"max_hp_gain":0.0,"max_hp_loss":0.0,"gold_gain":0.0,"event_name":"Golden Wing","player_choice":"Card Removal","floor":4.0,"gold_loss":0.0,"damage_taken":7.0},{"damage_healed":0,"gold_gain":0,"player_choice":"Fled","damage_taken":7,"max_hp_gain":0,"max_hp_loss":0,"event_name":"Scrap Ooze","floor":14,"gold_loss":0},{"damage_healed":0,"gold_gain":0,"player_choice":"Ignored","damage_taken":0,"max_hp_gain":0,"max_hp_loss":0,"event_name":"N\u0027loth","floor":21,"gold_loss":0}],"is_beta":false,"boss_relics":[{"not_picked":["Cursed Key","Snecko Eye"],"picked":"Nuclear Battery"}],"items_purged_floors":[19],"is_endless":false,"potions_floor_spawned":[2,11,12,13,18,24],"killed_by":"Cultist and Chosen","ascension_level":12}}