{"host":"q57ekfojy3i00x9o","time":1612196556,"event":{"mods":["Arknights","Aspiration","BaseMod","Colored Map","Energized Spire","Hermit","Minty Spire (QoL Compilation)","Quick Restart","Spicy Shops","Spikes Relics","StSLib","slay the spire mod where everything is the same but ironclad has a cowboy hat"],"gold_per_floor":[113,188,188,204,479,514,514,527,554,166,166,94,5,5,5,108,108,127,127,146,2,2,2,36,36,89,89,106,126,126,157,157,262,262,281,38,56,71,85,85,85,105,128,146,146,146,146],"floor_reached":46,"language":"RUS","playtime":1620,"items_purged":["Regret"],"score":618,"play_id":"a4f8809a-0ef3-4814-8cd7-c23c2c122a62","local_time":"20210201212236","is_ascension_mode":true,"campfire_choices":[{"floor":7,"key":"REST"},{"floor":11,"key":"REST"},{"data":"ats:Ignite","floor":15,"key":"SMITH"},{"data":"ats:Burning Ground","floor":23,"key":"SMITH"},{"data":"ats:Burning Ground","floor":25,"key":"SMITH"},{"data":"ats:Disruption Kick","floor":27,"key":"SMITH"},{"data":"ats:Echo Reverb","floor":30,"key":"SMITH"},{"floor":32,"key":"REST"},{"floor":41,"key":"REST"},{"floor":45,"key":"REST"}],"circlet_count":0,"master_deck":["ats:Strike C","ats:Strike G","ats:Strike S","ats:Strike V","ats:Armor Crushing Shot","ats:Defend+1","ats:Defend","ats:Defend","ats:Defend","ats:Emotion Absorption+1","ats:Volcano","ats:Leaping Hammer","ats:Ignite+1","ats:Burning Ground+1","ats:Burning Ground+1","ats:Sashimi Platter","ats:Steam Pump","ats:Blood Oath","ats:Disruption Kick+1","ats:Guard Mode","Shame","ats:Poison Spread","ats:Ignite+1","ats:Apocalypse+1","ats:Echo Reverb+1","ats:Very Hot Blade","ats:Wolf Pack","ats:Very Hot Blade","ats:Shell Defense","Parasite","ats:Ignite","Deflect+1"],"relics":["ats:Sanity","ats:Originium","ats:Rhine Circuitry","Anchor","ats:Cure","Oddly Smooth Stone","OrangePellets","aspiration:SecretTechniqueScroll","RetroEgg","Lee\u0027s Waffle","BrokenLever","Art of War","MiniBlackHole","aspiration:SilentSkillbook","HornCleat","War Paint"],"acts_visited":["Exordium","TheCity","TheBeyond"],"potions_floor_usage":[16,31,33,42],"damage_taken":[{"damage":0,"enemies":"Small Slimes","floor":1,"turns":2},{"damage":1,"enemies":"Cultist","floor":4,"turns":3},{"damage":55,"enemies":"3 Sentries","floor":6,"turns":9},{"damage":16,"enemies":"2 Louse","floor":8,"turns":3},{"damage":62,"enemies":"The Guardian","floor":16,"turns":12},{"damage":17,"enemies":"2 Thieves","floor":18,"turns":3},{"damage":15,"enemies":"3 Byrds","floor":20,"turns":3},{"damage":28,"enemies":"Slavers","floor":24,"turns":3},{"damage":0,"enemies":"3 Cultists","floor":28,"turns":2},{"damage":24,"enemies":"Snake Plant","floor":29,"turns":4},{"damage":40,"enemies":"Book of Stabbing","floor":31,"turns":8},{"damage":55,"enemies":"Collector","floor":33,"turns":11},{"damage":12,"enemies":"Orb Walker","floor":35,"turns":3},{"damage":10,"enemies":"3 Shapes","floor":37,"turns":3},{"damage":23,"enemies":"3 Darklings","floor":38,"turns":6},{"damage":10,"enemies":"Writhing Mass","floor":39,"turns":5},{"damage":21,"enemies":"Transient","floor":42,"turns":5},{"damage":8,"enemies":"Sphere and 2 Shapes","floor":44,"turns":2},{"damage":82,"enemies":"Reptomancer","floor":46,"turns":6}],"seed_played":"2322571203240058335","potions_obtained":[{"floor":4,"key":"Ancient Potion"},{"floor":6,"key":"Dexterity Potion"},{"floor":16,"key":"SpeedPotion"},{"floor":18,"key":"SteroidPotion"},{"floor":37,"key":"Dexterity Potion"},{"floor":38,"key":"Ancient Potion"},{"floor":40,"key":"SpeedPotion"},{"floor":44,"key":"Ancient Potion"}],"is_trial":false,"path_per_floor":["M","?","?","M","?","E","R","M","T","$","R","$","$","?","R","B",null,"M","?","M","$","?","R","E","R","T","R","M","M","R","E","R","B",null,"M","$","M","M","M","?","R","M","T","M","R","E"],"character_chosen":"DOCTOR_CLASS","items_purchased":["ats:Cure","Oddly Smooth Stone","ats:Sashimi Platter","OrangePellets","ats:Steam Pump","ats:Blood Oath","Lee\u0027s Waffle","HornCleat"],"campfire_rested":5,"item_purchase_floors":[10,10,10,12,13,13,21,36],"current_hp_per_floor":[65,54,61,60,60,5,26,10,10,10,31,31,31,55,55,17,58,41,41,29,79,79,79,54,54,54,54,54,42,42,25,48,17,64,58,58,48,39,38,38,61,56,56,48,71,0,0],"gold":146,"neow_bonus":"ONE_RANDOM_RARE_CARD","is_daily":false,"chose_seed":false,"campfire_upgraded":5,"win_rate":0.0,"timestamp":1612196556,"path_taken":["M","?","?","?","?","E","R","M","T","$","R","?","$","?","R","BOSS","M","?","M","$","?","R","E","R","T","R","M","M","R","E","R","BOSS","M","$","M","?","M","?","R","M","T","?","R","E"],"items_purchased_type":["Relic","Relic","Card","Relic","Card","Card","Relic","Relic"],"build_version":"2020-12-22","purchased_purges":1,"victory":false,"max_hp_per_floor":[72,72,72,72,72,72,72,72,72,72,72,72,72,72,72,72,72,72,72,72,79,79,79,79,79,79,79,79,79,79,79,79,79,79,79,79,79,79,79,79,79,79,79,79,79,79,79],"card_choices":[{"not_picked":["ats:Flexible Camouflage","ats:Charging Defense"],"picked":"ats:Leaping Hammer","floor":1},{"not_picked":["ats:Magnetic Hammer","ats:Composite Medical Shells"],"picked":"ats:Ignite","floor":4},{"not_picked":["ats:Composite Medical Shells","ats:Thermite Blade"],"picked":"ats:Burning Ground","floor":6},{"not_picked":["ats:Guard Mode","ats:Flexible Camouflage"],"picked":"ats:Burning Ground","floor":8},{"not_picked":["ats:Wolf Pack","ats:Dogmatic Field"],"picked":"ats:Disruption Kick","floor":16},{"not_picked":["ats:Automatic Cover","ats:Flexible Camouflage+1"],"picked":"ats:Guard Mode","floor":18},{"not_picked":["ats:Closed Bolt Burst Fire","ats:Assault Order"],"picked":"ats:Poison Spread","floor":20},{"not_picked":["ats:Beaten Up","ats:Collapsing Strike","ats:Neurotoxin"],"picked":"SKIP","floor":24},{"not_picked":["ats:LN2 Cannon","ats:Sunburst"],"picked":"ats:Apocalypse+1","floor":28},{"not_picked":["ats:Explosion Area Strengthen","ats:Flexible Camouflage"],"picked":"ats:Echo Reverb","floor":29},{"not_picked":["ats:Explosion Area Strengthen","ats:Powerful Strike"],"picked":"ats:Very Hot Blade","floor":31},{"not_picked":["ats:Roar Of Ursus","ats:Ambush"],"picked":"ats:Wolf Pack","floor":33},{"not_picked":["ats:Hammer On","ats:Cat Scratch+1","Tactician","Deadly Poison"],"picked":"SKIP","floor":35},{"not_picked":["ats:Roar Of Ursus","ats:Explosion Area Strengthen+1","Slice"],"picked":"ats:Very Hot Blade","floor":37},{"not_picked":["ats:Explosion Area Strengthen","ats:Closed Bolt Burst Fire","ats:Leaping Hammer"],"picked":"ats:Shell Defense","floor":38},{"not_picked":["ats:Poison Spread","PiercingWail","ats:Blood Oath+1","Bane"],"picked":"SKIP","floor":39},{"not_picked":["Riddle With Holes+1","Poisoned Stab","Sucker Punch"],"picked":"ats:Ignite","floor":42},{"not_picked":["ats:Charging Defense+1","ats:Revitalization+1","Endless Agony+1"],"picked":"Deflect","floor":44}],"player_experience":744832,"relics_obtained":[{"floor":6,"key":"ats:Originium"},{"floor":6,"key":"ats:Rhine Circuitry"},{"floor":9,"key":"Anchor"},{"floor":24,"key":"ats:Originium"},{"floor":24,"key":"BrokenLever"},{"floor":26,"key":"Art of War"},{"floor":31,"key":"ats:Originium"},{"floor":31,"key":"MiniBlackHole"},{"floor":43,"key":"War Paint"}],"event_choices":[{"damage_healed":0,"gold_gain":75,"player_choice":"Gather Gold","damage_taken":11,"max_hp_gain":0,"max_hp_loss":0,"event_name":"World of Goop","floor":2,"gold_loss":0},{"damage_healed":0,"gold_gain":275,"player_choice":"Desecrate","damage_taken":0,"max_hp_gain":0,"max_hp_loss":0,"event_name":"Golden Shrine","floor":5,"gold_loss":0,"cards_obtained":["Regret"]},{"damage_healed":24,"gold_gain":0,"player_choice":"Banana","damage_taken":0,"max_hp_gain":0,"max_hp_loss":0,"event_name":"Big Fish","floor":14,"gold_loss":0},{"damage_healed":0,"gold_gain":0,"player_choice":"Stole Relic","damage_taken":0,"relics_obtained":["RetroEgg"],"max_hp_gain":0,"max_hp_loss":0,"event_name":"Addict","floor":19,"gold_loss":0,"cards_obtained":["Shame"]},{"damage_healed":0,"gold_gain":0,"player_choice":"Copied","damage_taken":0,"max_hp_gain":0,"max_hp_loss":0,"event_name":"Duplicator","floor":22,"gold_loss":0,"cards_obtained":["ats:Ignite"]},{"damage_healed":0,"gold_gain":0,"player_choice":"Got Potions","damage_taken":0,"max_hp_gain":0,"max_hp_loss":0,"event_name":"Lab","floor":40,"gold_loss":0}],"is_beta":false,"boss_relics":[{"not_picked":["Snecko Eye","aspiration:FutureDiary"],"picked":"aspiration:SecretTechniqueScroll"},{"not_picked":["Velvet Choker","energizedSpire:RedRose"],"picked":"aspiration:SilentSkillbook"}],"items_purged_floors":[10],"is_endless":false,"potions_floor_spawned":[4,6,16,18,28,29,37,38,44],"killed_by":"Reptomancer","ascension_level":6}}