{"host":"jwbw4f4imxd0v0b0","time":1612155967,"event":{"mods":["BaseMod","Colored Map","Highlight Path","Minty Spire (QoL Compilation)","Relic Stats","StSLib"],"gold_per_floor":[367,517,532,66,66,66,66],"floor_reached":6,"language":"ENG","playtime":216,"items_purged":["Doubt"],"score":68,"play_id":"61f941a3-0db4-4bb0-9f42-2f4b8bfd0bfb","local_time":"20210131230607","is_ascension_mode":true,"campfire_choices":[],"circlet_count":0,"master_deck":["AscendersBane","Strike_B","Strike_B","Strike_B","Strike_B","Defend_B","Defend_B","Defend_B","Defend_B","Zap","Dualcast","Chill","Conserve Battery","Gash","Static Discharge"],"relics":["Cracked Core","Membership Card","Kunai","Orichalcum","Golden Idol"],"acts_visited":["Exordium"],"potions_floor_usage":[6],"damage_taken":[{"damage":3,"enemies":"2 Louse","floor":1,"turns":3},{"damage":10,"enemies":"Jaw Worm","floor":3,"turns":5},{"damage":68,"enemies":"Gremlin Nob","floor":6,"turns":4}],"seed_played":"-8115392259943434354","potions_obtained":[{"floor":1,"key":"FearPotion"}],"is_trial":false,"path_per_floor":["M","?","M","$","?","E"],"character_chosen":"DEFECT","items_purchased":["Membership Card","Kunai","Gash","Orichalcum","Static Discharge"],"campfire_rested":0,"item_purchase_floors":[4,4,4,4,4],"current_hp_per_floor":[61,61,51,51,51,0,0],"gold":66,"neow_bonus":"TWO_FIFTY_GOLD","is_daily":false,"chose_seed":false,"campfire_upgraded":0,"win_rate":0.0,"timestamp":1612155967,"path_taken":["M","?","M","$","?","E"],"items_purchased_type":["Relic","Relic","Card","Relic","Card"],"build_version":"2020-12-22","purchased_purges":1,"victory":false,"max_hp_per_floor":[64,64,64,64,58,58,58],"relic_stats":{"counters":[3,12],"Golden Idol":0,"Kunai":[0],"Orichalcum":[30],"obtain_stats":[{"Golden Idol":5,"Membership Card":4,"Kunai":4,"Orichalcum":4,"Cracked Core":0},{"Golden Idol":2,"Membership Card":2,"Kunai":2,"Orichalcum":2,"Cracked Core":0},{"Golden Idol":8,"Membership Card":8,"Kunai":8,"Orichalcum":8,"Cracked Core":0}]},"card_choices":[{"not_picked":["Compile Driver","Steam"],"picked":"Chill","floor":1},{"not_picked":["Consume","Gash"],"picked":"Conserve Battery","floor":3}],"player_experience":1197784,"relics_obtained":[],"event_choices":[{"damage_healed":0,"gold_gain":150,"player_choice":"AGREE","damage_taken":0,"max_hp_gain":0,"max_hp_loss":0,"event_name":"Liars Game","floor":2,"gold_loss":0,"cards_obtained":["Doubt"]},{"damage_healed":0,"gold_gain":0,"player_choice":"Lose Max HP","damage_taken":0,"relics_obtained":["Golden Idol"],"max_hp_gain":0,"max_hp_loss":6,"event_name":"Golden Idol","floor":5,"gold_loss":0}],"is_beta":false,"boss_relics":[],"items_purged_floors":[4],"is_endless":false,"potions_floor_spawned":[1],"killed_by":"Gremlin Nob","ascension_level":20}}