{"host":"bczg3e1yq3rp3pkk","time":1612181047,"event":{"mods":["100% Spire Juice","Act Like it!","Arknights","Aspiration","BaseMod","Conspire","Hermit","KinomotoSakuraMod(木之本樱)","Marisa（F雨　魔理沙）","Minty Spire (QoL Compilation)","Quick Restart","Reliquary","Replay The Spire","RumiaBox-露米娅的神秘盒子","Shop Mod","StSLib","The Administrix","The Bug Knight","The Construct","The Hierophant","The Servant 0.9.4","Warlord Emblem","[GremlinLeader]The Maniac","【遗物卡牌】REMEMod"],"gold_per_floor":[112,112,29,29,43,60,60,85,85,120,120,140,164,44,44,145,25,40,19,34,309,321,349,349,289,312,331,345,30,42,61,61,156,156,169,189,206,49,60,60,91,91,91,111,111,131,182,38,38,38],"floor_reached":51,"language":"ZHS","playtime":2437,"items_purged":[],"score":809,"play_id":"5a10e44d-391f-4e07-a6ad-cfb08a885e89","local_time":"20210201200407","is_ascension_mode":false,"campfire_choices":[{"floor":11.0,"key":"REST"},{"data":"Moonworks:Ambush","floor":15.0,"key":"SMITH"},{"data":"Moonworks:FinalBattle","floor":24.0,"key":"SMITH"},{"data":"Moonworks:IndiscriminateFireSupport","floor":32.0,"key":"SMITH"},{"floor":40.0,"key":"REST"},{"floor":49,"key":"REST"}],"circlet_count":0,"master_deck":["Moonworks:Strike","Moonworks:Strike","Moonworks:Strike","Moonworks:Strike","Moonworks:Defend+1","Moonworks:Defend+1","Moonworks:Defend+1","Moonworks:Defend+1","Moonworks:Ambush+1","Moonworks:LongDistanceShot","Moonworks:BackdoorTrade+1","Injury","Moonworks:BigMagnum+1","Moonworks:Dash+1","Moonworks:SakisCookie+1","Moonworks:ImOnFire+1","Moonworks:DeployBits+1","Moonworks:FinalBattle+1","Moonworks:FullSpeedAlicianrone+1","Moonworks:NicePresent+1","Moonworks:NicePresent+1","Moonworks:MiracleRedBeanIceCream+1","Moonworks:MiracleRedBeanIceCream+1","Moonworks:NicePresent+1","Moonworks:IndiscriminateFireSupport+1","Moonworks:AccelHyper+1","Moonworks:BindingChains+1","ReplayTheSpireMod:Omega Cannon","Moonworks:SakisCookie+1","Moonworks:DeployBits+1","Moonworks:ExtendedPhotonRifle+1","Moonworks:BigMagnum+1","Moonworks:CrystalBarrier","Moonworks:MetallicMonocoque"],"relics":["Moonworks:BrokenBomb","Moonworks:Homemark","REME_ComplimentaryCards","NeowsBlessing","Toxic Egg 2","Bag of Preparation","Bird Faced Urn","reliquary:PurpleTingedLeaf","REME_HandOfSuture","Odd Mushroom","EasyGame_NEW","Juzu Bracelet","HollowMod:PaleOreRelic","conspire:SlowCooker","Prayer Wheel","Boot","Pen Nib","GodSword7","Replay:Bottled Eggs"],"acts_visited":["Exordium","TheCity","TheBeyond"],"potions_floor_usage":[50,50],"damage_taken":[{"damage":0.0,"enemies":"Small Slimes","floor":1.0,"turns":3.0},{"damage":0.0,"enemies":"2 Louse","floor":5.0,"turns":1.0},{"damage":0.0,"enemies":"Cultist","floor":6.0,"turns":1.0},{"damage":30.0,"enemies":"Lagavulin","floor":8.0,"turns":5.0},{"damage":18.0,"enemies":"Gremlin Nob","floor":10.0,"turns":3.0},{"damage":6.0,"enemies":"2 Fungi Beasts","floor":12.0,"turns":2.0},{"damage":3.0,"enemies":"The Mushroom Lair","floor":13.0,"turns":3.0},{"damage":34.0,"enemies":"The Guardian","floor":16.0,"turns":8.0},{"damage":10.0,"enemies":"Spheric Guardian","floor":18.0,"turns":4.0},{"damage":1.0,"enemies":"Chosen","floor":20.0,"turns":3.0},{"damage":10.0,"enemies":"conspire:HollyBat","floor":22.0,"turns":5.0},{"damage":6.0,"enemies":"conspire:SneckoGhost","floor":23.0,"turns":1.0},{"damage":4.0,"enemies":"Centurion and Healer","floor":27.0,"turns":3.0},{"damage":0.0,"enemies":"Snake Plant","floor":28.0,"turns":1.0},{"damage":6.0,"enemies":"Sentry and Sphere","floor":30.0,"turns":2.0},{"damage":6.0,"enemies":"Centurion and Healer","floor":31.0,"turns":2.0},{"damage":30.0,"enemies":"conspire:MysteriousRune","floor":33.0,"turns":6.0},{"damage":10.0,"enemies":"3 Shapes","floor":35.0,"turns":2.0},{"damage":8.0,"enemies":"Orb Walker","floor":36.0,"turns":2.0},{"damage":36.0,"enemies":"Spire Growth","floor":37.0,"turns":4.0},{"damage":16.0,"enemies":"Maw","floor":39.0,"turns":4.0},{"damage":6.0,"enemies":"Giant Head","floor":41.0,"turns":3.0},{"damage":28,"enemies":"3 Darklings","floor":44,"turns":3},{"damage":26,"enemies":"Writhing Mass","floor":46,"turns":4},{"damage":48,"enemies":"Time Eater","floor":50,"turns":6}],"seed_played":"1233013071266979544","potions_obtained":[{"floor":5.0,"key":"FearPotion"},{"floor":6.0,"key":"Toxic Potion"},{"floor":13.0,"key":"Explosive Potion"},{"floor":16.0,"key":"Explosive Potion"},{"floor":23.0,"key":"Elixir"},{"floor":33.0,"key":"AttackPotion"},{"floor":41.0,"key":"BlessingOfTheForge"},{"floor":46,"key":"Explosive Potion"},{"floor":47,"key":"Doom Potion"}],"is_trial":false,"path_per_floor":["M","?","?","$","M","M","?","E","T","E","R","M","?","$","R","B",null,"M","?","M","?","M","E","R","?","T","M","M","?","M","M","R","B",null,"M","M","M","$","M","R","E","?","T","M","?","M","?","$","R","B",null],"character_chosen":"THE_STARBREAKER","items_purchased":["Boot","Moonworks:MetallicMonocoque"],"campfire_rested":3,"item_purchase_floors":[38,48],"current_hp_per_floor":[60,60,60,60,60,60,60,30,30,17,35,32,33,33,33,4,60,50,50,59,59,50,45,45,45,45,47,48,48,48,44,44,29,60,53,48,32,32,35,53,60,60,60,40,40,24,24,24,42,27],"gold":38,"neow_bonus":"THREE_ENEMY_KILL","is_daily":false,"chose_seed":false,"campfire_upgraded":3,"win_rate":0.0,"timestamp":1612181047,"path_taken":["M","?","?","$","?","M","?","E","T","E","R","M","?","?","R","BOSS","M","?","M","?","M","E","R","?","T","M","M","?","M","M","R","BOSS","M","M","M","$","M","R","E","?","T","M","?","M","?","$","R","BOSS"],"items_purchased_type":["Relic","Card"],"build_version":"2020-12-22","purchased_purges":0,"victory":true,"max_hp_per_floor":[60,60,60,60,60,60,60,60,60,60,60,60,60,60,60,60,60,60,60,60,60,60,60,60,60,60,60,60,60,60,60,60,60,60,60,60,60,60,60,60,60,60,60,60,60,60,60,60,60,60],"card_choices":[{"not_picked":["Moonworks:BigMagnum","Moonworks:CloudOfSeagulls"],"picked":"Moonworks:BackdoorTrade","floor":1.0},{"not_picked":["Moonworks:LulusLuckyEgg+1","Moonworks:FullSpeedAlicianrone"],"picked":"Moonworks:BigMagnum+1","floor":5.0},{"not_picked":["Moonworks:IndiscriminateFireSupport","Moonworks:UnpaidWork+1"],"picked":"Moonworks:Dash+1","floor":6.0},{"not_picked":["Moonworks:EvilSpyWorkPreparation+1","Moonworks:CloudOfSeagulls"],"picked":"Moonworks:SakisCookie+1","floor":8.0},{"not_picked":["Moonworks:OutOfAmmo","Moonworks:AwakeningOfTalent"],"picked":"Moonworks:ImOnFire+1","floor":10.0},{"not_picked":["Moonworks:SakisCookie+1","Moonworks:LulusLuckyEgg+1"],"picked":"Moonworks:DeployBits+1","floor":12.0},{"not_picked":["Moonworks:Encore","Moonworks:ReflectiveShell"],"picked":"Moonworks:FinalBattle","floor":16.0},{"not_picked":["Moonworks:TacticalRetreat+1","Moonworks:CloudOfSeagulls"],"picked":"Moonworks:FullSpeedAlicianrone+1","floor":18.0},{"not_picked":["Moonworks:ForcedRevival+1","Moonworks:CloudOfSeagulls+1"],"picked":"Moonworks:NicePresent+1","floor":20.0},{"not_picked":["Moonworks:ImOnFire+1","Moonworks:DeployBits+1"],"picked":"Moonworks:NicePresent+1","floor":22.0},{"not_picked":["Moonworks:Heat300Percent+1","Moonworks:ImOnFire+1"],"picked":"Moonworks:MiracleRedBeanIceCream+1","floor":23.0},{"not_picked":["Moonworks:DeployBits+1","Moonworks:Assault"],"picked":"Moonworks:MiracleRedBeanIceCream+1","floor":27.0},{"not_picked":["Moonworks:IndiscriminateFireSupport+1","Moonworks:SakisCookie+1"],"picked":"Moonworks:NicePresent+1","floor":28.0},{"not_picked":["Moonworks:ImOnFire+1","Moonworks:FinalBattle"],"picked":"Moonworks:IndiscriminateFireSupport","floor":30.0},{"not_picked":["Moonworks:IndiscriminateFireSupport","Moonworks:SelfDestruct","Moonworks:Dinner+1"],"picked":"SKIP","floor":31.0},{"not_picked":["Moonworks:AnotherUltimateWeapon","Moonworks:Wanted+1"],"picked":"Moonworks:AccelHyper+1","floor":33.0},{"not_picked":["Moonworks:CompletionReward","Moonworks:EvilSpyWorkPreparation+1"],"picked":"Moonworks:BindingChains+1","floor":35.0},{"not_picked":["Moonworks:AwakeningOfTalent+1","Moonworks:LulusLuckyEgg+1","Moonworks:BigBangBell+1"],"picked":"SKIP","floor":36.0},{"not_picked":["Moonworks:MiracleWalker+1","Moonworks:EvilSpyWorkPreparation+1"],"picked":"Moonworks:SakisCookie+1","floor":37.0},{"not_picked":["Moonworks:Dash+1","Moonworks:IndiscriminateFireSupport+1","Moonworks:StiffCrystal+1"],"picked":"SKIP","floor":37.0},{"not_picked":["Moonworks:Flamethrower+1","Moonworks:IntelligenceOfficer+1"],"picked":"Moonworks:DeployBits+1","floor":39.0},{"not_picked":["Moonworks:ImOnFire+1","Moonworks:AwakeningOfTalent","Moonworks:EvilSpyWorkPreparation+1"],"picked":"SKIP","floor":39.0},{"not_picked":["Moonworks:x16BigRocket","Moonworks:SelfDestruct"],"picked":"Moonworks:ExtendedPhotonRifle+1","floor":41.0},{"not_picked":["Moonworks:DeployBits+1","Moonworks:IntelligenceOfficer+1"],"picked":"Moonworks:BigMagnum+1","floor":44},{"not_picked":["Moonworks:Dash+1","Moonworks:CastOff+1","Moonworks:IntelligenceOfficer+1"],"picked":"SKIP","floor":44},{"not_picked":["Moonworks:ImmovableObject+1","Moonworks:ImOnFire+1"],"picked":"Moonworks:CrystalBarrier","floor":46},{"not_picked":["Moonworks:NicePresent+1","Moonworks:IndiscriminateFireSupport+1","Moonworks:TreasureThief+1"],"picked":"SKIP","floor":46}],"player_experience":388396,"relics_obtained":[{"floor":8.0,"key":"Bird Faced Urn"},{"floor":9.0,"key":"reliquary:PurpleTingedLeaf"},{"floor":10.0,"key":"REME_HandOfSuture"},{"floor":13.0,"key":"Odd Mushroom"},{"floor":23.0,"key":"Juzu Bracelet"},{"floor":26.0,"key":"HollowMod:PaleOreRelic"},{"floor":41.0,"key":"Pen Nib"},{"floor":43,"key":"GodSword7"},{"floor":47,"key":"Replay:Bottled Eggs"}],"event_choices":[{"damage_healed":0.0,"max_hp_gain":0.0,"max_hp_loss":0.0,"gold_gain":0.0,"event_name":"WeMeetAgain","player_choice":"Paid Gold","floor":3.0,"gold_loss":83.0,"damage_taken":0.0,"relics_obtained":["Bag of Preparation"]},{"damage_healed":0.0,"max_hp_gain":0.0,"max_hp_loss":0.0,"gold_gain":0.0,"event_name":"Living Wall","player_choice":"Grow","floor":7.0,"gold_loss":0.0,"damage_taken":0.0,"cards_upgraded":["Moonworks:BackdoorTrade"]},{"damage_healed":0.0,"max_hp_gain":0.0,"max_hp_loss":0.0,"gold_gain":0.0,"event_name":"Mushrooms","player_choice":"Fought Mushrooms","floor":13.0,"gold_loss":0.0,"damage_taken":0.0},{"damage_healed":0.0,"max_hp_gain":0.0,"max_hp_loss":0.0,"gold_gain":99.0,"event_name":"Nest","player_choice":"Stole From Cult","floor":19.0,"gold_loss":0.0,"damage_taken":0.0},{"damage_healed":0.0,"max_hp_gain":0.0,"max_hp_loss":0.0,"gold_gain":275.0,"event_name":"Golden Shrine","player_choice":"Desecrate","floor":21.0,"gold_loss":0.0,"damage_taken":0.0,"cards_obtained":["Regret"]},{"cards_removed":["Regret"],"damage_healed":0.0,"max_hp_gain":0.0,"max_hp_loss":0.0,"gold_gain":0.0,"event_name":"Beggar","player_choice":"Gave Gold","floor":29.0,"gold_loss":75.0,"damage_taken":0.0},{"damage_healed":0,"gold_gain":0,"player_choice":"Bought 0 Potions","damage_taken":0,"max_hp_gain":0,"max_hp_loss":0,"event_name":"The Woman in Blue","floor":45,"gold_loss":0}],"is_beta":false,"boss_relics":[{"not_picked":["reliquary:WritOfMandamus","Coffee Dripper"],"picked":"EasyGame_NEW"},{"not_picked":["construct:ClawGrip","aspiration:FutureDiary"],"picked":"conspire:SlowCooker"}],"items_purged_floors":[],"is_endless":false,"potions_floor_spawned":[5,6,13,16,23,27,28,33,39,41,46],"ascension_level":0}}