{"host":"5dk97cf2ubw2v967","time":1612206155,"event":{"mods":["AlwaysNeverKeys","BaseMod","Better Altar","Better Vampires","Block Reminder","Card Filter","Colored Powertips","Downfall","Googly Eyes","Highlight Path","Minty Spire (QoL Compilation)","Permanent Neow","Potion Indicator Mod","Quick Restart","Relic Filter","Relic Stats","Say the Spire","Spicy Shops","StSLib","Waifu the Spire","everything is the same but u backflip on backflip"],"gold_per_floor":[99,111,111,111,124,135,135,167,32,32,58,58,77,92,105,105,105,105],"floor_reached":16,"language":"ENG","playtime":721,"items_purged":[],"score":196,"play_id":"16348559-eeef-4f04-a566-cd28e951ddce","local_time":"20210201190235","is_ascension_mode":true,"campfire_choices":[{"data":"Guardian:TwinSlam","floor":1,"key":"SMITH"},{"floor":10,"key":"REST"},{"floor":12,"key":"REST"}],"circlet_count":0,"master_deck":["AscendersBane","Guardian:Strike_Guardian","Guardian:Strike_Guardian","Guardian:Strike_Guardian","Guardian:Strike_Guardian","Guardian:Defend_Guardian","Guardian:Defend_Guardian","Guardian:Defend_Guardian","Guardian:Defend_Guardian","Guardian:CurlUp","Guardian:TwinSlam+1","Guardian:TimeBomb","Regret","Guardian:Planning","Guardian:ChargeUp","Guardian:ExploitGems","Guardian:Incinerate","Guardian:TimeCapacitor","Guardian:RevengeProtocol","Guardian:BronzeOrb","Guardian:TimeSifter"],"relics":["Guardian:ModeShifter","Mummified Hand","Guardian:PickAxe","Letter Opener","Blood Vial","Bottled Lightning"],"acts_visited":["Exordium"],"potions_floor_usage":[8,9,16,16],"damage_taken":[{"damage":0,"enemies":"Small Slimes","floor":2,"turns":4},{"damage":19,"enemies":"Small Slimes","floor":4,"turns":5},{"damage":7,"enemies":"Jaw Worm","floor":5,"turns":4},{"damage":2,"enemies":"Cultist","floor":6,"turns":4},{"damage":6,"enemies":"Lagavulin","floor":8,"turns":7},{"damage":2,"enemies":"downfall:FleeingMerchant","floor":9,"turns":4},{"damage":19,"enemies":"Gremlin Nob","floor":11,"turns":5},{"damage":12,"enemies":"Exordium Thugs","floor":13,"turns":2},{"damage":12,"enemies":"Gremlin Gang","floor":14,"turns":4},{"damage":4,"enemies":"Red Slaver","floor":15,"turns":4},{"damage":23,"enemies":"WA_ARCHETYPE_RETAIN","floor":16,"turns":6}],"seed_played":"4498812918070005114","potions_obtained":[{"floor":5,"key":"Swift Potion"},{"floor":6,"key":"Weak Potion"},{"floor":11,"key":"bronze:BurnAndBuffPotion"},{"floor":14,"key":"hexamod:SoulburnPotion"}],"is_trial":false,"path_per_floor":["R","M","?","?","M","M","T","E","$","R","E","R","M","M","M","B"],"character_chosen":"GUARDIAN","items_purchased":["Guardian:TimeCapacitor"],"campfire_rested":2,"item_purchase_floors":[9],"current_hp_per_floor":[65,65,65,38,31,29,29,23,23,42,25,44,34,24,22,1,1,1],"gold":105,"neow_bonus":"THREE_RARE_CARDS","is_daily":false,"chose_seed":false,"campfire_upgraded":1,"win_rate":0.0,"timestamp":1612206155,"path_taken":["R","M","?","?","M","M","T","E","?","R","E","R","M","?","M","BOSS"],"items_purchased_type":["Card"],"build_version":"2020-12-22","purchased_purges":0,"victory":false,"max_hp_per_floor":[65,65,65,65,65,65,65,65,65,65,65,65,65,65,65,65,65,65],"relic_stats":{"Blood Vial":12,"counters":[11,49],"Mummified Hand":[9],"Letter Opener":[35],"obtain_stats":[{"Guardian:PickAxe":4,"Blood Vial":8,"Mummified Hand":3,"Guardian:ModeShifter":0,"Letter Opener":7,"Bottled Lightning":11},{"Guardian:PickAxe":2,"Blood Vial":5,"Mummified Hand":1,"Guardian:ModeShifter":0,"Letter Opener":4,"Bottled Lightning":7},{"Guardian:PickAxe":9,"Blood Vial":24,"Mummified Hand":4,"Guardian:ModeShifter":0,"Letter Opener":17,"Bottled Lightning":33}]},"card_choices":[{"not_picked":["Guardian:RevengeProtocol","Guardian:SphericShield"],"picked":"Guardian:Gem_Synthetic","floor":0},{"not_picked":["Guardian:Planning","Guardian:VentSteam"],"picked":"Guardian:TimeBomb","floor":2},{"not_picked":["Guardian:Recover","Guardian:RollAttack"],"picked":"Guardian:Planning","floor":5},{"not_picked":["Guardian:TemporalStrike","Guardian:CrystalBeam"],"picked":"Guardian:ChargeUp","floor":6},{"not_picked":["Guardian:Recover","Guardian:ChargeCore"],"picked":"Guardian:ExploitGems","floor":8},{"not_picked":["Guardian:PrimingBeam","Guardian:CrystalBeam"],"picked":"Guardian:Incinerate","floor":9},{"not_picked":["Guardian:BodySlam","Guardian:RefractedBeam"],"picked":"Guardian:RevengeProtocol","floor":11},{"not_picked":["Guardian:Reroute","Guardian:Incinerate","Guardian:Planning"],"picked":"SKIP","floor":13},{"not_picked":["Guardian:Recover","Guardian:Planning"],"picked":"Guardian:BronzeOrb","floor":14},{"not_picked":["Guardian:ChargeCore","Guardian:Planning"],"picked":"Guardian:TimeSifter","floor":15}],"player_experience":1282615,"relics_obtained":[{"floor":7,"key":"Letter Opener"},{"floor":8,"key":"Blood Vial"},{"floor":11,"key":"Bottled Lightning"}],"event_choices":[{"damage_healed":0,"gold_gain":0,"player_choice":"Box","damage_taken":0,"relics_obtained":["Mummified Hand"],"max_hp_gain":0,"max_hp_loss":0,"event_name":"Big Fish","floor":3,"gold_loss":0,"cards_obtained":["Regret"]}],"is_beta":false,"boss_relics":[],"items_purged_floors":[],"is_endless":false,"potions_floor_spawned":[5,6,11,14],"killed_by":"WA_ARCHETYPE_RETAIN","ascension_level":15}}