{"host":"6gnv7me3tk2udb7q","time":1612210076,"event":{"mods":["BaseMod","Bestiary","Colored Map","Minty Spire (QoL Compilation)"],"gold_per_floor":[12,27,38,313,324,324,335,285,339,339,374,450,471,471,471],"floor_reached":14,"language":"ENG","playtime":619,"items_purged":[],"score":138,"play_id":"c954cad3-1692-465e-a41f-867002f633ca","local_time":"20210201150756","is_ascension_mode":true,"campfire_choices":[{"data":"Terror","floor":6,"key":"SMITH"}],"circlet_count":0,"master_deck":["AscendersBane","Strike_G","Strike_G","Strike_G","Strike_G","Strike_G","Defend_G","Defend_G","Defend_G","Defend_G","Defend_G","Survivor","Neutralize","Corpse Explosion","Terror+1","Endless Agony","Bouncing Flask","PiercingWail","Backflip"],"relics":["Ring of the Snake","Golden Idol","Frozen Egg 2","Happy Flower"],"acts_visited":["Exordium"],"potions_floor_usage":[7,11,14],"damage_taken":[{"damage":2,"enemies":"Jaw Worm","floor":1,"turns":4},{"damage":1,"enemies":"Cultist","floor":2,"turns":3},{"damage":0,"enemies":"2 Louse","floor":3,"turns":1},{"damage":6,"enemies":"Blue Slaver","floor":5,"turns":5},{"damage":0,"enemies":"3 Louse","floor":7,"turns":1},{"damage":9,"enemies":"3 Sentries","floor":11,"turns":4},{"damage":25,"enemies":"3 Sentries","floor":12,"turns":3},{"damage":12,"enemies":"Exordium Wildlife","floor":13,"turns":4},{"damage":52,"enemies":"Gremlin Nob","floor":14,"turns":4}],"seed_played":"7559318254509883769","potions_obtained":[{"floor":1,"key":"AttackPotion"},{"floor":3,"key":"DistilledChaos"},{"floor":7,"key":"Swift Potion"}],"is_trial":false,"path_per_floor":["M","M","M","?","M","R","M","?","T","?","E","?","M","E"],"character_chosen":"THE_SILENT","items_purchased":[],"campfire_rested":0,"item_purchase_floors":[],"current_hp_per_floor":[61,60,60,60,54,54,54,54,54,54,45,20,8,0,0],"gold":471,"neow_bonus":"THREE_RARE_CARDS","is_daily":false,"chose_seed":false,"campfire_upgraded":1,"win_rate":0.0,"timestamp":1612210076,"path_taken":["M","M","M","?","M","R","?","?","T","?","E","?","M","E"],"items_purchased_type":[],"build_version":"2020-12-22","purchased_purges":0,"victory":false,"max_hp_per_floor":[70,70,70,70,70,70,70,70,70,65,65,65,65,65,65],"card_choices":[{"not_picked":["Doppelganger","Night Terror"],"picked":"Corpse Explosion","floor":0},{"not_picked":["Outmaneuver","Backstab"],"picked":"Terror","floor":1},{"not_picked":["Dodge and Roll","Tactician"],"picked":"Endless Agony","floor":2},{"not_picked":["Prepared","Sucker Punch","Slice"],"picked":"SKIP","floor":3},{"not_picked":["Dodge and Roll","Sucker Punch","Backflip"],"picked":"SKIP","floor":5},{"not_picked":["Dagger Spray","Flying Knee"],"picked":"Bouncing Flask","floor":7},{"not_picked":["Bouncing Flask","Deflect"],"picked":"PiercingWail","floor":11},{"not_picked":["Concentrate","Flying Knee"],"picked":"Backflip","floor":13}],"player_experience":699905,"relics_obtained":[{"floor":11,"key":"Frozen Egg 2"},{"floor":12,"key":"Happy Flower"}],"event_choices":[{"damage_healed":0,"gold_gain":275,"player_choice":"Desecrate","damage_taken":0,"max_hp_gain":0,"max_hp_loss":0,"event_name":"Golden Shrine","floor":4,"gold_loss":0,"cards_obtained":["Regret"]},{"cards_removed":["Regret"],"damage_healed":0,"gold_gain":0,"player_choice":"Card Removal","damage_taken":0,"max_hp_gain":0,"max_hp_loss":0,"event_name":"The Cleric","floor":8,"gold_loss":50},{"damage_healed":0,"gold_gain":0,"player_choice":"Lose Max HP","damage_taken":0,"relics_obtained":["Golden Idol"],"max_hp_gain":0,"max_hp_loss":5,"event_name":"Golden Idol","floor":10,"gold_loss":0},{"damage_healed":0,"gold_gain":0,"player_choice":"Searched \u00271\u0027 times","damage_taken":0,"max_hp_gain":0,"max_hp_loss":0,"event_name":"Dead Adventurer","floor":12,"gold_loss":0}],"is_beta":false,"boss_relics":[],"items_purged_floors":[],"is_endless":false,"potions_floor_spawned":[1,3,7],"killed_by":"Gremlin Nob","ascension_level":10}}