{"host":"Bawah","time":1612159456,"event":{"mods":["BaseMod","Downfall","Marisa????????","Minty Spire (QoL Compilation)","Replay The Spire","StSLib","The Cursed"],"gold_per_floor":[99,99,129,429,429,429,429,429,429,455,455,488,488,500,515,515,515,515],"floor_reached":16,"language":"SPA","playtime":520,"items_purged":[],"score":135,"play_id":"d5e67dbb-66e6-41c2-8eaa-95c858ed7f2a","local_time":"20210201070416","is_ascension_mode":true,"campfire_choices":[{"data":"hexamod:Float","floor":1,"key":"SMITH"},{"data":"hexamod:Sear","floor":6,"key":"SMITH"},{"data":"hexamod:NecessarySacrifice","floor":9,"key":"SMITH"},{"floor":13,"key":"REST"}],"circlet_count":0,"master_deck":["hexamod:Strike","hexamod:Strike","hexamod:Strike","hexamod:Strike","hexamod:Defend","hexamod:Defend","hexamod:Defend","hexamod:Defend","hexamod:Sear+1","hexamod:Float+1","hexamod:ThermalTransfer","hexamod:ThermalTransfer","downfall:Icky","downfall:Icky","hexamod:NecessarySacrifice+1","hexamod:ThermalTransfer","hexamod:Again","hexamod:FastForward"],"relics":["hexamod:SpiritBrand","downfall:HeartsMalice","TungstenRod","Vajra","The Courier"],"acts_visited":["Exordium"],"potions_floor_usage":[12,15,15,15,16],"damage_taken":[{"damage":0,"enemies":"2 Louse","floor":2,"turns":1},{"damage":0,"enemies":"Jaw Worm","floor":5,"turns":1},{"damage":0,"enemies":"Small Slimes","floor":8,"turns":1},{"damage":38,"enemies":"3 Sentries","floor":10,"turns":10},{"damage":11,"enemies":"Gremlin Nob","floor":12,"turns":2},{"damage":9,"enemies":"Large Slime","floor":14,"turns":5},{"damage":4,"enemies":"Lots of Slimes","floor":15,"turns":3},{"damage":18,"enemies":"DF_ARCHETYPE_STREAMLINE","floor":16,"turns":3}],"seed_played":"4712966100697516765","potions_obtained":[{"floor":3,"key":"Languid Potion"},{"floor":3,"key":"Death Potion"},{"floor":3,"key":"LiquidBronze"},{"floor":14,"key":"Block Potion"},{"floor":15,"key":"hexamod:DoubleChargePotion"}],"is_trial":false,"path_per_floor":["R","M","?","?","M","R","T","M","R","E","?","E","R","M","M","B"],"character_chosen":"THE_SPIRIT","items_purchased":[],"campfire_rested":1,"item_purchase_floors":[],"current_hp_per_floor":[70,70,53,53,53,53,53,53,53,15,15,4,25,16,12,0,0,0],"gold":515,"neow_bonus":"THREE_ENEMY_KILL","is_daily":false,"chose_seed":false,"campfire_upgraded":3,"win_rate":0.0,"timestamp":1612159456,"path_taken":["R","M","?","?","M","R","T","M","R","E","?","E","R","?","M","BOSS"],"items_purchased_type":[],"build_version":"2020-12-18","purchased_purges":0,"victory":false,"max_hp_per_floor":[70,70,70,70,70,70,70,70,70,70,70,70,70,70,70,70,70,70],"card_choices":[{"not_picked":["hexamod:NightmareStrike","hexamod:BacktrackSmack"],"picked":"hexamod:ThermalTransfer","floor":2},{"not_picked":["hexamod:NightmareGuise","hexamod:Incineration"],"picked":"hexamod:ThermalTransfer","floor":3},{"not_picked":["hexamod:NightmareGuise","hexamod:RetreatToShadows","hexamod:BacktrackSmack"],"picked":"SKIP","floor":5},{"not_picked":["hexamod:BacktrackSmack","hexamod:InspiringFlames"],"picked":"hexamod:NecessarySacrifice","floor":8},{"not_picked":["hexamod:ThirdSeal","hexamod:NightmareStrike","hexamod:ShieldOfDarkness"],"picked":"SKIP","floor":10},{"not_picked":["hexamod:FourthSeal","hexamod:Hexaguard"],"picked":"hexamod:ThermalTransfer","floor":12},{"not_picked":["hexamod:InspiringFlames","hexamod:PhantomCloak"],"picked":"hexamod:Again","floor":14},{"not_picked":["hexamod:SkipABeat","hexamod:GhostOfSpirePast"],"picked":"hexamod:FastForward","floor":15}],"player_experience":859958,"relics_obtained":[{"floor":7,"key":"TungstenRod"},{"floor":10,"key":"Vajra"},{"floor":12,"key":"The Courier"}],"event_choices":[],"is_beta":true,"boss_relics":[],"items_purged_floors":[],"is_endless":false,"potions_floor_spawned":[10,14,15],"killed_by":"DF_ARCHETYPE_STREAMLINE","ascension_level":1}}