{"host":"7erghha4zaoybdup","time":1612191706,"event":{"mods":["2.2 Compatiblity","AchievementEnabler","Act Like it!","Astrologer","BaseMod","Better Third Choice","CapriCore","ChefMod","Chen","Colored Powertips","Conspire","Downfall","Friendly Minions","Gensokyo","GifTheSpireLib","Glutton Mod","Hermit","Hubris","Infinite Spire","Jorbs\u0027s Wanderer Trilogy","Lobotomy","LobotomyExtend","MarisaÅiñ∂âJÅ@ñÇóùçπÅj","Minty Spire (QoL Compilation)","Quick Restart","Random Character Button","ReimuÅiîé??öÎÅj","Reliquary","Shade Mod","Somnambulant","StSLib","The Administrix","The Alterego","The Bug Knight","The Clintock","The Cursed","The Disciple","The Dragon Tamer","The Fake Hero","The Gatherer","The Immortal","The Judge","The Marked","The Necromancer","The Poker Player","The Wild Card","TheBandit","Wandering Minibosses","Yakumo Yukari mod","Yuyuko","Åy?ï®?îvÅzREMEMod"],"gold_per_floor":[117,135,85,85,49,75,75,90,90,108,108,108,123,123,123,218,218,229,229,229,479,489,522,220,220,290,322,322,322],"floor_reached":28,"language":"ENG","playtime":2835,"items_purged":["Dazed"],"score":254,"play_id":"6bf1ba04-2f83-4cd0-b637-89b27d894492","local_time":"20210201090146","is_ascension_mode":false,"campfire_choices":[{"floor":7.0,"key":"REST"},{"floor":12.0,"key":"REST"},{"floor":15.0,"key":"REST"},{"data":"Gensokyo:MissMary","floor":25,"key":"SMITH"}],"circlet_count":0,"master_deck":["clintock:ClintockStrike","clintock:ClintockStrike","clintock:ClintockStrike","clintock:ClintockStrike","clintock:ClintockDefend","clintock:ClintockDefend","clintock:ClintockDefend","clintock:BaseSynthesis+1","clintock:Replenish","clintock:VectorFlow","UniverseFragment","clintock:Fluorescein","clintock:Sting","Hyperbeam","clintock:Alkylation","LaLuna","clintock:DnaMicroarray","CurseOfTheBell","clintock:Thymidine","Gensokyo:TurboGranny","LongBird","clintock:Excavate","hubris:DuctTapeCard","Gensokyo:ExoticEgg","Gensokyo:MissMary+1","clintock:MetabolicPathways"],"relics":["clintock:BiomoleculePool","REME_ComplimentaryCards","CogitoBucket","LetterFromLob","Pocketwatch","Eternal Feather","HellTrain","hubris:KleinBottle","Strange Spoon","Calling Bell","reliquary:WeakTea","Mummified Hand","TungstenRod","reliquary:JackalopeAntler","Black Star","conspire:Boomerang","hubris:DuctTape","clintock:StartCodon","Mastiff:ReiMu","Thread and Needle"],"acts_visited":["Exordium","Exordium"],"potions_floor_usage":[23,23,27],"damage_taken":[{"damage":5.0,"enemies":"conspire:RoseBush","floor":1.0,"turns":4.0},{"damage":5.0,"enemies":"Jaw Worm","floor":2.0,"turns":5.0},{"damage":40.0,"enemies":"3 Sentries","floor":6.0,"turns":10.0},{"damage":0.0,"enemies":"2 Louse","floor":8.0,"turns":1.0},{"damage":11.0,"enemies":"Blue Slaver","floor":10.0,"turns":3.0},{"damage":9.0,"enemies":"Gremlin Gang","floor":13.0,"turns":2.0},{"damage":35.0,"enemies":"Hexaghost","floor":16.0,"turns":7.0},{"damage":13,"enemies":"Gensokyo:AngelMirror","floor":18,"turns":2},{"damage":26,"enemies":"Gensokyo:3_Dogs","floor":22,"turns":5},{"damage":15,"enemies":"Gensokyo:Koishi","floor":23,"turns":6},{"damage":29,"enemies":"Gensokyo:Reisen","floor":27,"turns":4},{"damage":34,"enemies":"Gensokyo:3_Gloops","floor":28,"turns":1}],"seed_played":"-8400784915879564457","potions_obtained":[{"floor":8.0,"key":"Fire Potion"},{"floor":13.0,"key":"BlessingOfTheForge"},{"floor":22,"key":"FearPotion"},{"floor":23,"key":"conspire:TimeTravelPotion"}],"is_trial":false,"path_per_floor":["M","M","?","?","$","E","R","M","T","M","?","R","M","$","R","B",null,"M","AVR","?","?","M","E","COS","R","T","E","M"],"character_chosen":"CLINTOCK_CLASS","items_purchased":["clintock:Fluorescein","hubris:KleinBottle","Strange Spoon"],"campfire_rested":3,"item_purchase_floors":[5,14,14],"current_hp_per_floor":[75,70,70,70,70,30,54,54,54,43,23,56,47,18,51,16,80,67,67,67,67,41,26,26,41,41,15,0,0],"gold":322,"neow_bonus":"","is_daily":false,"chose_seed":false,"campfire_upgraded":1,"win_rate":0.0,"timestamp":1612191706,"path_taken":["M","M","?","?","$","E","R","M","T","M","?","R","M","?","R","BOSS","M","AVR","?","?","M","E","COS","R","T","E","M"],"items_purchased_type":["Card","Relic","Relic"],"build_version":"2020-12-22","purchased_purges":1,"victory":false,"max_hp_per_floor":[80,80,80,80,80,80,80,80,80,80,80,80,80,80,80,80,80,80,80,72,68,68,68,68,68,68,68,68,68],"card_choices":[{"not_picked":["clintock:Obstruct","clintock:DegradedPrimer"],"picked":"clintock:VectorFlow","floor":1.0},{"not_picked":["ShyLook","MeatLantern"],"picked":"UniverseFragment","floor":1.0},{"not_picked":["clintock:Ketosis","clintock:ATPReserves"],"picked":"clintock:Immunodeficiency","floor":2.0},{"not_picked":["clintock:Irradiate","clintock:Obstruct"],"picked":"clintock:Sting","floor":6.0},{"not_picked":["OldLady","ShyLook","CrumblingArmor"],"picked":"Singing Bowl","floor":6.0},{"not_picked":["clintock:Immunodeficiency","clintock:DegradedPrimer"],"picked":"clintock:EnergyMetabolism","floor":8.0},{"not_picked":["LittlePrince","HeroicMonk","DreamingCurrent"],"picked":"Singing Bowl","floor":8.0},{"not_picked":["CherryBlossoms","VoidDream","OSAHOGD"],"picked":"Singing Bowl","floor":10.0},{"not_picked":["clintock:Eureka","clintock:Recombination","clintock:Reductase"],"picked":"SKIP","floor":10.0},{"not_picked":["clintock:ImpulsiveShot","clintock:Interrupt"],"picked":"clintock:Alkylation","floor":13.0},{"not_picked":["SingingMachine","MHz"],"picked":"LaLuna","floor":13.0},{"not_picked":["hubris:Rewind","infinitespire:Punishment"],"picked":"infinitespire:FutureSight","floor":14.0},{"not_picked":["clintock:Mitosis","clintock:SuspendAnimation"],"picked":"clintock:DnaMicroarray","floor":16.0},{"not_picked":["Laetitia","Murderer","NakedNest"],"picked":"Singing Bowl","floor":16.0},{"not_picked":["clintock:DealersLuck","clintock:RandomForest"],"picked":"clintock:Thymidine","floor":18},{"not_picked":["CrumblingArmor","VoidDream","MeatLantern"],"picked":"Singing Bowl","floor":18},{"not_picked":["Gensokyo:EightFeetTall","Gensokyo:Doppelganger"],"picked":"Gensokyo:TurboGranny","floor":20},{"not_picked":["Wellcheers","BlackSwan","CrumblingArmor"],"picked":"Singing Bowl","floor":22},{"not_picked":["Murderer","BlackArmy"],"picked":"LongBird","floor":22},{"not_picked":["clintock:Excavate","clintock:Polymerize","clintock:ATPReserves"],"picked":"SKIP","floor":22},{"not_picked":["clintock:DAMP","clintock:Deoxyadenosine"],"picked":"clintock:Excavate","floor":23},{"not_picked":["clintock:DCMP","clintock:Immunodeficiency+1"],"picked":"clintock:MetabolicPathways","floor":27},{"not_picked":["FieryBird","MeatLantern","SnowQueen"],"picked":"Singing Bowl","floor":27}],"player_experience":280732,"relics_obtained":[{"floor":1.0,"key":"LetterFromLob"},{"floor":6.0,"key":"Pocketwatch"},{"floor":9.0,"key":"Eternal Feather"},{"floor":17,"key":"reliquary:WeakTea"},{"floor":17,"key":"Mummified Hand"},{"floor":17,"key":"TungstenRod"},{"floor":23,"key":"conspire:Boomerang"},{"floor":23,"key":"hubris:DuctTape"},{"floor":26,"key":"clintock:StartCodon"},{"floor":27,"key":"Mastiff:ReiMu"},{"floor":27,"key":"Thread and Needle"}],"event_choices":[{"cards_removed":["clintock:ClintockDefend"],"damage_healed":0.0,"max_hp_gain":0.0,"max_hp_loss":0.0,"gold_gain":0.0,"event_name":"The Cleric","player_choice":"Card Removal","floor":3.0,"gold_loss":50.0,"damage_taken":0.0},{"damage_healed":0.0,"max_hp_gain":0.0,"max_hp_loss":0.0,"gold_gain":0.0,"event_name":"Living Wall","player_choice":"Grow","floor":4.0,"gold_loss":0.0,"damage_taken":0.0,"cards_upgraded":["clintock:BaseSynthesis"]}],"is_beta":false,"boss_relics":[{"not_picked":["hubris:RunicObelisk","hubris:BlackHole"],"picked":"Calling Bell"}],"items_purged_floors":[19],"is_endless":false,"potions_floor_spawned":[8,13,22,23],"killed_by":"Gensokyo:3_Gloops","ascension_level":0}}