{"host":"Aki","time":1612157923,"event":{"mods":["ATMod(°¢èªMod)","BaseMod","Challenge The Spire","Custom Start","DeckTracker","Minty Spire (QoL Compilation)","Quick Restart","StSLib"],"gold_per_floor":[116,136,154,28,28,57,57,92,144,174,174,174,187,216,216,316,316,334,352,277,296,345,371,371,404,404,431,449,461,205,222,222,327,327,341,353,105,124,135,160,180,215,238,254,287,287,315,325,325,325,325,325,47,75,75],"floor_reached":56,"language":"ZHS","playtime":1802,"items_purged":["Strike_R","Strike_R","Strike_R+1"],"score":1922,"play_id":"8d91db31-4a8c-4016-9fa9-fdaf56eca1a5","local_time":"20210201133843","is_ascension_mode":true,"campfire_choices":[{"data":"AT_BodySlamDance","floor":7.0,"key":"SMITH"},{"data":"Entrench","floor":11.0,"key":"SMITH"},{"data":"Battle Trance","floor":15.0,"key":"SMITH"},{"data":"Berserk","floor":24,"key":"SMITH"},{"data":"Burning Pact","floor":32,"key":"SMITH"},{"data":"Offering","floor":46,"key":"SMITH"},{"floor":49,"key":"RECALL"},{"data":"Impervious","floor":52,"key":"SMITH"}],"circlet_count":0,"master_deck":["Defend_R+1","Defend_R","Defend_R","Defend_R","Bash+1","AT_FamilyPortrait","Burning Pact+1","Battle Trance+1","AT_BodySlamDance+1","Entrench+1","Berserk+1","Pommel Strike+1","Shrug It Off+1","Disarm+1","Offering+1","Dark Embrace+1","Warcry+1","Impervious+1","AT_DiedThrough+1"],"relics":["AT_ATBox","Sozu","Letter Opener","Art of War","AT_RedTearstoneRing","AT_ChloranthyRing","Lantern","Runic Cube","Bottled Lightning","Molten Egg 2","Ice Cream","Oddly Smooth Stone","Happy Flower","SlaversCollar","AT_BellowingDragoncrestRing","Omamori","CaptainsWheel","MealTicket","AT_RedNoBalance","Whetstone","Membership Card","AT_BladeRuinedKing"],"acts_visited":["Exordium","TheCity","TheBeyond","TheEnding"],"potions_floor_usage":[],"damage_taken":[{"damage":5.0,"enemies":"2 Louse","floor":1.0,"turns":2.0},{"damage":2.0,"enemies":"Jaw Worm","floor":2.0,"turns":2.0},{"damage":1.0,"enemies":"Cultist","floor":3.0,"turns":3.0},{"damage":16.0,"enemies":"Gremlin Nob","floor":6.0,"turns":3.0},{"damage":0.0,"enemies":"Lagavulin","floor":8.0,"turns":3.0},{"damage":18.0,"enemies":"Gremlin Nob","floor":10.0,"turns":4.0},{"damage":0.0,"enemies":"Looter","floor":13.0,"turns":1.0},{"damage":0.0,"enemies":"Lagavulin","floor":14.0,"turns":1.0},{"damage":0.0,"enemies":"The Guardian","floor":16.0,"turns":3.0},{"damage":0.0,"enemies":"Spheric Guardian","floor":18.0,"turns":3.0},{"damage":3.0,"enemies":"2 Thieves","floor":19.0,"turns":3.0},{"damage":0.0,"enemies":"3 Cultists","floor":21.0,"turns":3.0},{"damage":30,"enemies":"Book of Stabbing","floor":23,"turns":3},{"damage":0,"enemies":"Slavers","floor":25,"turns":2},{"damage":0,"enemies":"Gremlin Leader","floor":27,"turns":2},{"damage":0,"enemies":"Centurion and Healer","floor":28,"turns":1},{"damage":0,"enemies":"Snecko","floor":29,"turns":2},{"damage":0,"enemies":"Snake Plant","floor":31,"turns":1},{"damage":0,"enemies":"Collector","floor":33,"turns":2},{"damage":6,"enemies":"3 Darklings","floor":35,"turns":1},{"damage":0,"enemies":"Orb Walker","floor":36,"turns":1},{"damage":6,"enemies":"Maw","floor":38,"turns":2},{"damage":6,"enemies":"3 Darklings","floor":39,"turns":1},{"damage":0,"enemies":"Reptomancer","floor":40,"turns":1},{"damage":6,"enemies":"Jaw Worm Horde","floor":41,"turns":1},{"damage":6,"enemies":"Nemesis","floor":42,"turns":1},{"damage":0,"enemies":"Sphere and 2 Shapes","floor":44,"turns":1},{"damage":6,"enemies":"Reptomancer","floor":45,"turns":1},{"damage":6,"enemies":"Nemesis","floor":47,"turns":1},{"damage":0,"enemies":"Maw","floor":48,"turns":2},{"damage":34,"enemies":"Time Eater","floor":50,"turns":6},{"damage":6,"enemies":"Shield and Spear","floor":54,"turns":1},{"damage":13,"enemies":"The Heart","floor":55,"turns":3}],"seed_played":"-6859274056010255204","potions_obtained":[],"is_trial":false,"path_per_floor":["M","M","M","$","?","E","R","E","T","E","R","?","M","E","R","B",null,"M","M","?","M","T","E","R","E","T","E","M","M","$","M","R","B",null,"M","M","$","M","M","E","M","E","T","M","E","R","E","M","R","B",null,"R","$","E","B",null],"character_chosen":"IRONCLAD","items_purchased":["AT_BodySlamDance","Happy Flower","AT_BellowingDragoncrestRing","Membership Card"],"campfire_rested":0,"item_purchase_floors":[4,30,37,53],"current_hp_per_floor":[75,73,72,72,56,40,40,40,40,22,22,22,22,22,22,22,80,80,77,77,77,77,47,47,47,47,47,47,47,47,47,47,47,80,74,74,74,72,74,74,68,62,62,62,56,56,34,40,40,6,80,80,80,34,21],"gold":75,"neow_bonus":"BOSS_RELIC","is_daily":false,"chose_seed":false,"campfire_upgraded":7,"win_rate":0.0,"timestamp":1612157923,"path_taken":["M","M","M","$","?","E","R","E","T","E","R","?","M","E","R","BOSS","M","M","?","M","?","E","R","E","T","E","M","M","$","M","R","BOSS","M","M","$","?","M","E","M","E","T","M","E","R","E","M","R","BOSS","R","$","E","BOSS"],"items_purchased_type":["Card","Relic","Relic","Relic"],"build_version":"2020-12-18","purchased_purges":3,"victory":true,"max_hp_per_floor":[80,80,80,80,80,80,80,80,80,80,80,80,80,80,80,80,80,80,80,80,80,80,80,80,80,80,80,80,80,80,80,80,80,80,80,80,80,80,80,80,80,80,80,80,80,80,80,80,80,80,80,80,80,80,80],"card_choices":[{"not_picked":["Heavy Blade","Sever Soul"],"picked":"Burning Pact","floor":1.0},{"not_picked":["Clothesline","Clash"],"picked":"Battle Trance","floor":2.0},{"not_picked":["Cleave","Iron Wave","Thunderclap"],"picked":"SKIP","floor":3.0},{"not_picked":["Thunderclap","Flex","Shockwave"],"picked":"SKIP","floor":6.0},{"not_picked":["Evolve","Clothesline","AT_IchimonjiDouble"],"picked":"SKIP","floor":8.0},{"not_picked":["AT_DiedThrough","True Grit"],"picked":"Entrench","floor":10.0},{"not_picked":["Perfected Strike","Sword Boomerang","Burning Pact"],"picked":"SKIP","floor":13.0},{"not_picked":["Demon Form","Perfected Strike","Body Slam"],"picked":"SKIP","floor":14.0},{"not_picked":["Brutality","Feed"],"picked":"Berserk","floor":16.0},{"not_picked":["Twin Strike+1","True Grit","Intimidate"],"picked":"SKIP","floor":18.0},{"not_picked":["Havoc","Carnage","Clash"],"picked":"SKIP","floor":19.0},{"not_picked":["Body Slam","Cleave+1","Iron Wave"],"picked":"SKIP","floor":21.0},{"not_picked":["Warcry","AT_IchimonjiDouble","Clash"],"picked":"SKIP","floor":23},{"not_picked":["Double Tap","Iron Wave+1","AT_IchimonjiDouble+1"],"picked":"SKIP","floor":25},{"not_picked":["Heavy Blade+1","Battle Trance+1"],"picked":"Pommel Strike+1","floor":27},{"not_picked":["Iron Wave+1","AT_BodySlamDance","Searing Blow+1"],"picked":"SKIP","floor":28},{"not_picked":["Sever Soul+1","Blood for Blood+1"],"picked":"Shrug It Off+1","floor":29},{"not_picked":["Thunderclap+1","Warcry"],"picked":"Disarm+1","floor":31},{"not_picked":["Brutality","Bludgeon+1"],"picked":"Offering","floor":33},{"not_picked":["Carnage+1","Searing Blow+1","Reckless Charge+1"],"picked":"SKIP","floor":35},{"not_picked":["Warcry","Intimidate+1","Havoc+1"],"picked":"SKIP","floor":36},{"not_picked":["Inflame+1","Wild Strike+1","Heavy Blade+1"],"picked":"SKIP","floor":38},{"not_picked":["AT_CaressingTears","Carnage+1","AT_IchimonjiDouble+1"],"picked":"SKIP","floor":39},{"not_picked":["Ghostly Armor","Rage","Seeing Red+1"],"picked":"SKIP","floor":40},{"not_picked":["Armaments","Metallicize","Intimidate+1"],"picked":"SKIP","floor":41},{"not_picked":["Iron Wave+1","Shrug It Off"],"picked":"Dark Embrace+1","floor":42},{"not_picked":["Headbutt+1","Havoc"],"picked":"Warcry+1","floor":44},{"not_picked":["Entrench+1","Hemokinesis+1"],"picked":"Impervious","floor":45},{"not_picked":["Sword Boomerang+1","Flex","Heavy Blade+1"],"picked":"SKIP","floor":47},{"not_picked":["Iron Wave+1","Power Through","Dual Wield+1"],"picked":"SKIP","floor":48},{"not_picked":["Pummel+1","AT_IchimonjiDouble+1"],"picked":"AT_DiedThrough+1","floor":54}],"player_experience":28546,"relics_obtained":[{"floor":6.0,"key":"Letter Opener"},{"floor":8.0,"key":"Art of War"},{"floor":9.0,"key":"AT_RedTearstoneRing"},{"floor":10.0,"key":"AT_ChloranthyRing"},{"floor":14.0,"key":"Lantern"},{"floor":23,"key":"Bottled Lightning"},{"floor":25,"key":"Molten Egg 2"},{"floor":26,"key":"Ice Cream"},{"floor":27,"key":"Oddly Smooth Stone"},{"floor":40,"key":"Omamori"},{"floor":42,"key":"CaptainsWheel"},{"floor":43,"key":"MealTicket"},{"floor":45,"key":"AT_SilverBalance"},{"floor":47,"key":"Whetstone"},{"floor":54,"key":"AT_BladeRuinedKing"}],"event_choices":[{"damage_healed":0.0,"max_hp_gain":0.0,"max_hp_loss":0.0,"gold_gain":0.0,"event_name":"Shining Light","player_choice":"Entered Light","floor":5.0,"gold_loss":0.0,"damage_taken":16.0,"cards_upgraded":["Defend_R","Bash"]},{"cards_removed":["Strike_R"],"damage_healed":0.0,"max_hp_gain":0.0,"max_hp_loss":0.0,"gold_gain":0.0,"event_name":"Living Wall","player_choice":"Forget","floor":12.0,"gold_loss":0.0,"damage_taken":0.0},{"cards_removed":["Strike_R"],"damage_healed":0.0,"max_hp_gain":0.0,"max_hp_loss":0.0,"gold_gain":0.0,"event_name":"Beggar","player_choice":"Gave Gold","floor":20.0,"gold_loss":75.0,"damage_taken":0.0}],"is_beta":true,"boss_relics":[{"not_picked":["Coffee Dripper","Ectoplasm"],"picked":"Runic Cube"},{"not_picked":["Pandora\u0027s Box","Fusion Hammer"],"picked":"SlaversCollar"}],"items_purged_floors":[4,30,53],"is_endless":false,"potions_floor_spawned":[3,6,13,28,29,31,33,36,40,41,42,48],"ascension_level":2}}