{"host":"126yiuos2nq86se7","time":1612156594,"event":{"mods":["AchievementEnabler","Act Like it!","BaseMod","Colored Map","Colored Powertips","Friendly Minions","Highlight Path","Minty Spire (QoL Compilation)","Reimu??????","StSLib","SuperFastMode"],"gold_per_floor":[119,44,60,60,60,60,91,91,116,116,16,30,40,15,15,15,15],"floor_reached":16,"language":"ENG","playtime":605,"items_purged":["Strike_Lin:ReiMu","Strike_Lin:ReiMu"],"score":98,"play_id":"4f3c9284-2908-4831-b482-bc79677fe91f","local_time":"20210201161634","is_ascension_mode":false,"campfire_choices":[{"floor":6,"key":"REST"},{"floor":8,"key":"REST"},{"floor":10,"key":"REST"},{"floor":15,"key":"REST"}],"circlet_count":0,"master_deck":["Strike_Lin:ReiMu+1","Strike_Lin:ReiMu","Defend_Lin:ReiMu","Defend_Lin:ReiMu","Defend_Lin:ReiMu","Defend_Lin:ReiMu+1","NB:ReiMu","Stagnation:ReiMu","NineCharacters:ReiMu","SafetyPray:ReiMu","WonderfulDomain:ReiMu","UniversalSpiritual:ReiMu","YinYangSange:ReiMu","AirStrike:ReiMu"],"relics":["FlyPower:ReiMu","Peace Pipe","Du-Vu Doll","Anchor"],"acts_visited":["Exordium"],"potions_floor_usage":[16],"damage_taken":[{"damage":11,"enemies":"Cultist","floor":1,"turns":5},{"damage":0,"enemies":"Small Slimes","floor":3,"turns":5},{"damage":48,"enemies":"3 Sentries","floor":7,"turns":21},{"damage":0,"enemies":"2 Louse","floor":12,"turns":4},{"damage":21,"enemies":"Gremlin Gang","floor":13,"turns":8},{"damage":41,"enemies":"Slime Boss","floor":16,"turns":12}],"seed_played":"2066417612605950117","potions_obtained":[{"floor":7,"key":"SteroidPotion"}],"is_trial":false,"path_per_floor":["M","$","M","?","?","R","E","R","T","R","$","M","M","$","R","B"],"character_chosen":"REIMU","items_purchased":["AirStrike:ReiMu"],"campfire_rested":4,"item_purchase_floors":[14],"current_hp_per_floor":[48,48,48,36,36,53,5,22,22,39,39,39,18,18,35,0,0],"gold":15,"neow_bonus":"ONE_RARE_RELIC","is_daily":false,"chose_seed":false,"campfire_upgraded":0,"win_rate":0.0,"timestamp":1612156594,"path_taken":["M","?","M","?","?","R","E","R","T","R","$","?","M","?","R","BOSS"],"items_purchased_type":["Card"],"build_version":"2020-12-22","purchased_purges":2,"victory":false,"max_hp_per_floor":[59,59,59,59,59,59,59,59,59,59,59,59,59,59,59,59,59],"card_choices":[{"not_picked":["SpreadBorder2:ReiMu","AlertArray:ReiMu"],"picked":"NineCharacters:ReiMu","floor":1},{"not_picked":["OrbThrow:ReiMu","FantasyBorder:ReiMu"],"picked":"SafetyPray:ReiMu","floor":3},{"not_picked":["Intuition:ReiMu","BarrageOfMoneybags:ReiMu"],"picked":"WonderfulDomain:ReiMu","floor":7},{"not_picked":["AirStrike:ReiMu","WonderfulDomain:ReiMu"],"picked":"UniversalSpiritual:ReiMu","floor":12},{"not_picked":["MountainWay:ReiMu","Enchanting:ReiMu"],"picked":"YinYangSange:ReiMu","floor":13}],"player_experience":1473160,"relics_obtained":[{"floor":7,"key":"Du-Vu Doll"},{"floor":9,"key":"Anchor"}],"event_choices":[{"damage_healed":0,"gold_gain":0,"player_choice":"Entered Light","damage_taken":12,"max_hp_gain":0,"max_hp_loss":0,"event_name":"Shining Light","floor":4,"gold_loss":0,"cards_upgraded":["Strike_Lin:ReiMu","Defend_Lin:ReiMu"]},{"damage_healed":0,"gold_gain":0,"player_choice":"0 cards matched","damage_taken":0,"max_hp_gain":0,"max_hp_loss":0,"event_name":"Match and Keep!","floor":5,"gold_loss":0,"cards_obtained":[]}],"is_beta":false,"boss_relics":[],"items_purged_floors":[2,11],"is_endless":false,"potions_floor_spawned":[7],"killed_by":"Slime Boss","ascension_level":0}}