{"host":"o67iw34xdwlyp80a","time":1612180046,"event":{"mods":["BaseMod","Colored Map","Minty Spire (QoL Compilation)","Relic Stats","StSLib"],"gold_per_floor":[113,128,143,3,3,3,29,29,56,56,83,83,118,136,136,241,291,304,331,22,35,35,35,63,77,126,126,160,160,180,200,200,302,302,318,334,137,156,173,204,232,232,258,270,308,334,346,371,383,395],"floor_reached":51,"language":"ENG","playtime":3858,"items_purged":["Strike_R","Strike_R"],"score":980,"play_id":"03b98c2d-5a15-4d0e-a15c-049a76b02ae4","local_time":"20210201114726","is_ascension_mode":true,"campfire_choices":[{"data":"Berserk","floor":6.0,"key":"SMITH"},{"data":"Iron Wave","floor":8.0,"key":"SMITH"},{"data":"Shrug It Off","floor":10.0,"key":"SMITH"},{"data":"Pommel Strike","floor":15.0,"key":"SMITH"},{"floor":23.0,"key":"REST"},{"floor":27.0,"key":"REST"},{"data":"Demon Form","floor":29,"key":"SMITH"},{"floor":32,"key":"REST"},{"floor":42,"key":"REST"},{"data":"Barricade","floor":44,"key":"SMITH"},{"floor":47,"key":"REST"},{"floor":49,"key":"REST"}],"circlet_count":0,"master_deck":["Strike_R","Strike_R","Strike_R","Defend_R+1","Defend_R+1","Defend_R","Defend_R","Bash","Shrug It Off+1","Pommel Strike+1","Berserk+1","Iron Wave+1","Feed","Rage+1","Demon Form+1","Anger","Body Slam","Shrug It Off","Spot Weakness","Rampage","Iron Wave+1","Ghostly Armor","Entrench+1","Barricade+1","Thunderclap+1","Body Slam+1","Seeing Red+1"],"relics":["Burning Blood","War Paint","Tiny Chest","InkBottle","Matryoshka","Tiny House","Red Mask","Membership Card","Bag of Preparation","Strawberry","Question Card","Boot","Omamori","MealTicket","Bottled Tornado","Busted Crown","Sling","Happy Flower","CeramicFish","MawBank"],"acts_visited":["Exordium","TheCity","TheBeyond"],"potions_floor_usage":[31,36,38,40,40,50],"damage_taken":[{"damage":1.0,"enemies":"Cultist","floor":1.0,"turns":4.0},{"damage":0.0,"enemies":"Small Slimes","floor":2.0,"turns":3.0},{"damage":4.0,"enemies":"Jaw Worm","floor":3.0,"turns":4.0},{"damage":26.0,"enemies":"3 Sentries","floor":7.0,"turns":8.0},{"damage":6.0,"enemies":"Gremlin Nob","floor":11.0,"turns":4.0},{"damage":26.0,"enemies":"Lagavulin","floor":13.0,"turns":8.0},{"damage":0.0,"enemies":"3 Louse","floor":14.0,"turns":1.0},{"damage":38.0,"enemies":"The Guardian","floor":16.0,"turns":11.0},{"damage":12.0,"enemies":"Chosen","floor":18.0,"turns":5.0},{"damage":74.0,"enemies":"Masked Bandits","floor":19.0,"turns":8.0},{"damage":6.0,"enemies":"2 Thieves","floor":21.0,"turns":4.0},{"damage":57.0,"enemies":"Slavers","floor":24.0,"turns":6.0},{"damage":7.0,"enemies":"Centurion and Healer","floor":25.0,"turns":7.0},{"damage":18,"enemies":"Book of Stabbing","floor":28,"turns":6},{"damage":23,"enemies":"Shelled Parasite and Fungi","floor":30,"turns":5},{"damage":21,"enemies":"Cultist and Chosen","floor":31,"turns":8},{"damage":13,"enemies":"Champ","floor":33,"turns":9},{"damage":11,"enemies":"3 Shapes","floor":35,"turns":6},{"damage":30,"enemies":"3 Darklings","floor":36,"turns":5},{"damage":2,"enemies":"Spire Growth","floor":38,"turns":5},{"damage":10,"enemies":"Transient","floor":39,"turns":5},{"damage":61,"enemies":"Reptomancer","floor":40,"turns":7},{"damage":26,"enemies":"Sphere and 2 Shapes","floor":41,"turns":7},{"damage":23,"enemies":"Writhing Mass","floor":45,"turns":4},{"damage":33,"enemies":"Jaw Worm Horde","floor":46,"turns":5},{"damage":30,"enemies":"4 Shapes","floor":48,"turns":6},{"damage":52,"enemies":"Donu and Deca","floor":50,"turns":9}],"seed_played":"5210135949266830647","potions_obtained":[{"floor":3.0,"key":"BlessingOfTheForge"},{"floor":11.0,"key":"LiquidBronze"},{"floor":12.0,"key":"Explosive Potion"},{"floor":12.0,"key":"Explosive Potion"},{"floor":13.0,"key":"Ancient Potion"},{"floor":14.0,"key":"Swift Potion"},{"floor":17.0,"key":"SpeedPotion"},{"floor":18.0,"key":"LiquidMemories"},{"floor":24.0,"key":"Swift Potion"},{"floor":28,"key":"SkillPotion"},{"floor":31,"key":"Swift Potion"},{"floor":33,"key":"LiquidMemories"},{"floor":35,"key":"LiquidBronze"},{"floor":36,"key":"DistilledChaos"},{"floor":39,"key":"AttackPotion"},{"floor":46,"key":"FearPotion"}],"is_trial":false,"path_per_floor":["M","M","M","$","?","R","E","R","T","R","E","?","E","M","R","B",null,"M","?","$","M","T","R","E","M","T","R","E","R","M","M","R","B",null,"M","M","$","M","M","E","M","R","T","R","M","M","R","M","R","B",null],"character_chosen":"IRONCLAD","items_purchased":["Berserk","Membership Card","Spot Weakness","Rampage","Bag of Preparation","Sling","Happy Flower"],"campfire_rested":6,"item_purchase_floors":[4,20,20,20,20,37,37],"current_hp_per_floor":[72,78,80,80,85,85,65,65,65,65,65,65,45,51,51,22,89,86,18,18,21,28,64,13,15,15,52,43,43,26,14,53,46,110,108,84,99,103,99,47,27,68,68,68,54,27,69,48,90,44],"gold":407,"neow_bonus":"TWENTY_PERCENT_HP_BONUS","is_daily":false,"chose_seed":false,"campfire_upgraded":6,"win_rate":0.0,"timestamp":1612180046,"path_taken":["M","M","?","?","?","R","E","R","T","R","E","?","E","?","R","BOSS","M","?","$","M","?","R","E","M","T","R","E","R","?","M","R","BOSS","M","M","$","M","M","E","M","R","T","R","?","M","R","M","R","BOSS"],"items_purchased_type":["Card","Relic","Card","Card","Relic","Relic","Relic"],"build_version":"2020-12-22","purchased_purges":2,"victory":true,"max_hp_per_floor":[96,96,96,96,101,101,101,101,101,101,101,101,101,101,101,104,109,112,112,112,115,122,122,122,125,125,125,128,128,128,131,131,131,131,134,134,134,134,134,137,137,137,137,137,140,140,140,143,143,143],"relic_stats":{"Happy Flower":[16],"counters":[27,160],"CeramicFish":18,"Bag of Preparation":[34],"War Paint":["Defend_R","Defend_R"],"Question Card":15,"Boot":[13],"MawBank":96,"Burning Blood":162,"Busted Crown":18,"Tiny Chest":1,"MealTicket":15,"obtain_stats":[{"Tiny House":17,"Happy Flower":37,"CeramicFish":40,"Bag of Preparation":20,"Omamori":26,"War Paint":7,"Bottled Tornado":28,"Question Card":22,"Boot":24,"Sling":37,"MawBank":43,"Burning Blood":0,"Matryoshka":13,"Busted Crown":34,"Strawberry":22,"Tiny Chest":9,"MealTicket":26,"Red Mask":19,"Membership Card":20,"InkBottle":11},{"Tiny House":8,"Happy Flower":19,"CeramicFish":22,"Bag of Preparation":10,"Omamori":13,"War Paint":4,"Bottled Tornado":14,"Question Card":11,"Boot":12,"Sling":19,"MawBank":23,"Burning Blood":0,"Matryoshka":6,"Busted Crown":17,"Strawberry":11,"Tiny Chest":4,"MealTicket":13,"Red Mask":10,"Membership Card":10,"InkBottle":5},{"Tiny House":43,"Happy Flower":112,"CeramicFish":129,"Bag of Preparation":56,"Omamori":73,"War Paint":19,"Bottled Tornado":79,"Question Card":60,"Boot":66,"Sling":112,"MawBank":136,"Burning Blood":0,"Matryoshka":31,"Busted Crown":101,"Strawberry":60,"Tiny Chest":19,"MealTicket":73,"Red Mask":56,"Membership Card":56,"InkBottle":23}],"InkBottle":[52]},"card_choices":[{"not_picked":["Combust","Ghostly Armor"],"picked":"Shrug It Off","floor":1.0},{"not_picked":["Dropkick","Twin Strike","True Grit"],"picked":"SKIP","floor":2.0},{"not_picked":["Infernal Blade","Ghostly Armor"],"picked":"Pommel Strike","floor":3.0},{"not_picked":["Clothesline","Havoc"],"picked":"Iron Wave","floor":7.0},{"not_picked":["Thunderclap","Headbutt"],"picked":"Feed","floor":11.0},{"not_picked":["Ghostly Armor","Brutality","Whirlwind"],"picked":"SKIP","floor":13.0},{"not_picked":["Pommel Strike","Clash"],"picked":"Rage","floor":14.0},{"not_picked":["Offering","Berserk"],"picked":"Demon Form","floor":16.0},{"not_picked":["Wild Strike","Sentinel"],"picked":"Anger","floor":17.0},{"not_picked":["Disarm","Sword Boomerang"],"picked":"Body Slam","floor":18.0},{"not_picked":["Sentinel","Entrench"],"picked":"Shrug It Off","floor":19.0},{"not_picked":["Wild Strike","Thunderclap"],"picked":"Iron Wave+1","floor":21.0},{"not_picked":["Blood for Blood","Perfected Strike","Combust"],"picked":"Ghostly Armor","floor":24.0},{"not_picked":["Pummel+1","Body Slam","Entrench","Headbutt+1"],"picked":"SKIP","floor":25.0},{"not_picked":["Sentinel","Perfected Strike","Clothesline","Warcry"],"picked":"SKIP","floor":28},{"not_picked":["Searing Blow","Second Wind+1","Intimidate+1"],"picked":"Entrench+1","floor":30},{"not_picked":["Inflame","Thunderclap","Sever Soul+1"],"picked":"Barricade","floor":31},{"not_picked":["Flex"],"picked":"Thunderclap+1","floor":35},{"not_picked":["Thunderclap+1","Dark Embrace"],"picked":"SKIP","floor":36},{"not_picked":["Second Wind+1","Perfected Strike+1"],"picked":"SKIP","floor":38},{"not_picked":["Clothesline","True Grit"],"picked":"SKIP","floor":39},{"not_picked":["Wild Strike","Cleave"],"picked":"SKIP","floor":40},{"not_picked":["Headbutt+1"],"picked":"Body Slam+1","floor":41},{"not_picked":["Clash+1"],"picked":"Seeing Red+1","floor":45},{"not_picked":["Havoc+1","Burning Pact+1"],"picked":"SKIP","floor":46},{"not_picked":["Twin Strike+1","Second Wind"],"picked":"SKIP","floor":48}],"player_experience":1157216,"relics_obtained":[{"floor":7.0,"key":"War Paint"},{"floor":9.0,"key":"Tiny Chest"},{"floor":11.0,"key":"InkBottle"},{"floor":13.0,"key":"Matryoshka"},{"floor":19.0,"key":"Red Mask"},{"floor":22.0,"key":"Strawberry"},{"floor":22.0,"key":"Question Card"},{"floor":24.0,"key":"Boot"},{"floor":26.0,"key":"Omamori"},{"floor":26.0,"key":"MealTicket"},{"floor":28,"key":"Bottled Tornado"},{"floor":40,"key":"CeramicFish"},{"floor":43,"key":"MawBank"}],"event_choices":[{"damage_healed":0.0,"max_hp_gain":5.0,"max_hp_loss":0.0,"gold_gain":0.0,"event_name":"Big Fish","player_choice":"Donut","floor":5.0,"gold_loss":0.0,"damage_taken":0.0},{"damage_healed":0.0,"max_hp_gain":0.0,"max_hp_loss":0.0,"gold_gain":0.0,"event_name":"Lab","player_choice":"Got Potions","floor":12.0,"gold_loss":0.0,"damage_taken":0.0},{"damage_healed":0.0,"max_hp_gain":0.0,"max_hp_loss":0.0,"gold_gain":0.0,"event_name":"Masked Bandits","player_choice":"Fought Bandits","floor":19.0,"gold_loss":0.0,"damage_taken":0.0}],"is_beta":false,"boss_relics":[{"not_picked":["Runic Dome","Snecko Eye"],"picked":"Tiny House"},{"not_picked":["SlaversCollar","Black Blood"],"picked":"Busted Crown"}],"items_purged_floors":[20,37],"is_endless":false,"potions_floor_spawned":[3,11,13,14,18,24,28,31,33,35,36,39,46],"ascension_level":7}}