{"host":"bf5upntvbdompq33","time":1612157361,"event":{"mods":["BaseMod","Colored Map","Colored Powertips","Curses Come First","Minty Spire (QoL Compilation)","StSLib"],"gold_per_floor":[116,76,96,96,111,144,144,144,144,160,190,190,28,28,28,106,106,116,134,134,134],"floor_reached":20,"language":"ENG","playtime":796,"items_purged":[],"score":284,"play_id":"83dd9c95-3e81-4b3d-9957-6d072b9ae75a","local_time":"20210131222921","is_ascension_mode":true,"campfire_choices":[{"data":"Whirlwind","floor":8,"key":"SMITH"},{"data":"True Grit","floor":15,"key":"SMITH"}],"circlet_count":0,"master_deck":["AscendersBane","Strike_R+1","Strike_R","Strike_R","Strike_R","Strike_R","Defend_R","Defend_R","Defend_R+1","Defend_R","Bash","Whirlwind+1","Feel No Pain","Sentinel","Impervious","Parasite","Regret","True Grit+1","Feel No Pain","Carnage","Exhume","Metallicize"],"relics":["Black Blood","NeowsBlessing","Thread and Needle","Singing Bowl","Mercury Hourglass","StrikeDummy"],"acts_visited":["Exordium","TheCity"],"potions_floor_usage":[6,16,16,20],"damage_taken":[{"damage":0,"enemies":"Small Slimes","floor":1,"turns":1},{"damage":0,"enemies":"2 Louse","floor":3,"turns":1},{"damage":0,"enemies":"Cultist","floor":5,"turns":1},{"damage":36,"enemies":"3 Sentries","floor":6,"turns":9},{"damage":4,"enemies":"Blue Slaver","floor":10,"turns":5},{"damage":46,"enemies":"Hexaghost","floor":16,"turns":16},{"damage":49,"enemies":"Spheric Guardian","floor":18,"turns":6},{"damage":27,"enemies":"Shell Parasite","floor":19,"turns":9},{"damage":21,"enemies":"Chosen and Byrds","floor":20,"turns":8}],"seed_played":"-2733081548062071288","potions_obtained":[{"floor":5,"key":"Fire Potion"},{"floor":6,"key":"ElixirPotion"},{"floor":14,"key":"DistilledChaos"},{"floor":14,"key":"Weak Potion"},{"floor":16,"key":"PowerPotion"}],"is_trial":false,"path_per_floor":["M","$","M","?","M","E","?","R","T","M","?","?","$","?","R","B",null,"M","M","M"],"character_chosen":"IRONCLAD","items_purchased":["Whirlwind","True Grit","Feel No Pain","Carnage"],"campfire_rested":0,"item_purchase_floors":[2,13,13,13],"current_hp_per_floor":[78,78,80,64,70,40,60,60,60,64,64,64,64,64,64,24,68,31,18,0,0],"gold":134,"neow_bonus":"THREE_ENEMY_KILL","is_daily":false,"chose_seed":false,"campfire_upgraded":2,"win_rate":0.0,"timestamp":1612157361,"path_taken":["M","$","M","?","M","E","?","R","T","M","?","?","?","?","R","BOSS","M","?","M"],"items_purchased_type":["Card","Card","Card","Card"],"build_version":"2020-12-22","purchased_purges":0,"victory":false,"max_hp_per_floor":[80,80,80,80,80,80,80,80,80,82,82,82,82,82,82,82,82,82,84,84,84],"card_choices":[{"not_picked":["Sword Boomerang","Clash","Infernal Blade"],"picked":"SKIP","floor":1},{"not_picked":["Armaments","Battle Trance"],"picked":"Feel No Pain","floor":3},{"not_picked":["Rage","Thunderclap"],"picked":"Sentinel","floor":5},{"not_picked":["Clothesline","Reckless Charge"],"picked":"Impervious","floor":6},{"not_picked":["Flex","Twin Strike","Blood for Blood"],"picked":"Singing Bowl","floor":10},{"not_picked":["Limit Break","Feed"],"picked":"Exhume","floor":16},{"not_picked":["Shrug It Off","Havoc"],"picked":"Metallicize","floor":18},{"not_picked":["Cleave","Rage+1","Headbutt"],"picked":"Singing Bowl","floor":19}],"player_experience":1284234,"relics_obtained":[{"floor":6,"key":"Thread and Needle"},{"floor":9,"key":"Singing Bowl"}],"event_choices":[{"damage_healed":0,"gold_gain":0,"player_choice":"Entered Light","damage_taken":16,"max_hp_gain":0,"max_hp_loss":0,"event_name":"Shining Light","floor":4,"gold_loss":0,"cards_upgraded":["Strike_R","Defend_R"]},{"damage_healed":20,"gold_gain":0,"player_choice":"Healed and dodged fight","damage_taken":0,"max_hp_gain":0,"max_hp_loss":0,"event_name":"Mushrooms","floor":7,"gold_loss":0,"cards_obtained":["Parasite"]},{"damage_healed":0,"gold_gain":30,"player_choice":"Searched \u00272\u0027 times","damage_taken":0,"relics_obtained":["Mercury Hourglass"],"max_hp_gain":0,"max_hp_loss":0,"event_name":"Dead Adventurer","floor":11,"gold_loss":0},{"damage_healed":0,"gold_gain":0,"player_choice":"Box","damage_taken":0,"relics_obtained":["StrikeDummy"],"max_hp_gain":0,"max_hp_loss":0,"event_name":"Big Fish","floor":12,"gold_loss":0,"cards_obtained":["Regret"]},{"damage_healed":0,"gold_gain":0,"player_choice":"Got Potions","damage_taken":0,"max_hp_gain":0,"max_hp_loss":0,"event_name":"Lab","floor":14,"gold_loss":0}],"is_beta":false,"boss_relics":[{"not_picked":["Cursed Key","SlaversCollar"],"picked":"Black Blood"}],"items_purged_floors":[],"is_endless":false,"potions_floor_spawned":[5,6,16],"killed_by":"Chosen and Byrds","ascension_level":13}}