{"host":"5jyeqch4fosnsiz2","time":1612190259,"event":{"mods":["BaseMod","Bestiary","Colored Map","Colored Powertips","Filter the Spire","Minty Spire (QoL Compilation)","Relic Stats","StSLib","Waifu the Spire","ojb\u0027s Better Paths Mod","ojb\u0027s Info Mod"],"gold_per_floor":[115,133,9,9,9,9,40,63,75,115,147,176,220,202,214,328,340,365,377,92,92,109,123,136,136,136],"floor_reached":25,"language":"ENG","playtime":965,"items_purged":["Strike_G"],"score":246,"play_id":"f5a9d00d-afef-4062-bae1-5e66f8041772","local_time":"20210201093739","is_ascension_mode":false,"campfire_choices":[{"data":"Glass Knife","floor":6,"key":"SMITH"},{"floor":15,"key":"REST"}],"circlet_count":0,"master_deck":["Strike_G","Strike_G","Strike_G","Defend_G","Defend_G","Defend_G","Defend_G","Defend_G","Survivor","Neutralize","Glass Knife+1","Deadly Poison","PiercingWail","Bouncing Flask+1","Poisoned Stab","Skewer","Bane","Dodge and Roll","Calculated Gamble","Footwork","Well Laid Plans","Terror","Leg Sweep+1"],"relics":["Ring of the Snake","Akabeko","MawBank","Pear","Toy Ornithopter","Torii","Black Star","Enchiridion","Lee\u0027s Waffle"],"acts_visited":["Exordium","TheCity"],"potions_floor_usage":[7,16,18,18,23,24,25],"damage_taken":[{"damage":0,"enemies":"Cultist","floor":1,"turns":4},{"damage":0,"enemies":"Small Slimes","floor":2,"turns":3},{"damage":10,"enemies":"3 Sentries","floor":7,"turns":6},{"damage":26,"enemies":"Lagavulin","floor":10,"turns":5},{"damage":0,"enemies":"Jaw Worm","floor":11,"turns":1},{"damage":6,"enemies":"Exordium Wildlife","floor":12,"turns":3},{"damage":14,"enemies":"Gremlin Nob","floor":13,"turns":3},{"damage":10,"enemies":"The Guardian","floor":16,"turns":12},{"damage":10,"enemies":"2 Thieves","floor":18,"turns":4},{"damage":4,"enemies":"3 Byrds","floor":22,"turns":7},{"damage":15,"enemies":"Snake Plant","floor":23,"turns":4},{"damage":15,"enemies":"3 Cultists","floor":24,"turns":6},{"damage":72,"enemies":"Slavers","floor":25,"turns":6}],"seed_played":"2019377826725018545","potions_obtained":[{"floor":1,"key":"PowerPotion"},{"floor":12,"key":"GamblersBrew"},{"floor":13,"key":"ColorlessPotion"},{"floor":14,"key":"BlessingOfTheForge"},{"floor":14,"key":"Explosive Potion"},{"floor":16,"key":"Block Potion"},{"floor":23,"key":"Explosive Potion"},{"floor":24,"key":"DuplicationPotion"}],"is_trial":false,"path_per_floor":["M","M","$","?","$","R","E","T","T","E","M","M","E","?","R","B",null,"M","?","$","?","M","M","M","E"],"character_chosen":"THE_SILENT","items_purchased":["Bouncing Flask","Poisoned Stab","Lee\u0027s Waffle","Footwork"],"campfire_rested":1,"item_purchase_floors":[3,3,20,20],"current_hp_per_floor":[70,70,70,70,70,70,60,60,70,44,44,38,24,24,48,43,80,75,59,87,87,83,73,63,0,0],"gold":136,"neow_bonus":"ONE_RANDOM_RARE_CARD","is_daily":false,"chose_seed":false,"campfire_upgraded":1,"win_rate":0.0,"timestamp":1612190259,"path_taken":["M","?","$","?","$","R","E","?","T","E","M","?","E","?","R","BOSS","M","?","$","?","M","M","M","E"],"items_purchased_type":["Card","Card","Relic","Card"],"build_version":"2020-12-22","purchased_purges":1,"victory":false,"max_hp_per_floor":[70,70,70,70,70,70,70,70,80,80,80,80,80,80,80,80,80,80,80,87,87,87,87,87,87,87],"relic_stats":{"Lee\u0027s Waffle":28,"Torii":49,"counters":[13,64],"Black Star":0,"MawBank":144,"obtain_stats":[{"Lee\u0027s Waffle":20,"Pear":9,"Torii":13,"Enchiridion":19,"Black Star":17,"MawBank":8,"Akabeko":7,"Toy Ornithopter":10,"Ring of the Snake":0},{"Lee\u0027s Waffle":9,"Pear":3,"Torii":7,"Enchiridion":9,"Black Star":8,"MawBank":3,"Akabeko":3,"Toy Ornithopter":4,"Ring of the Snake":0},{"Lee\u0027s Waffle":41,"Pear":13,"Torii":25,"Enchiridion":41,"Black Star":37,"MawBank":13,"Akabeko":13,"Toy Ornithopter":18,"Ring of the Snake":0}],"Toy Ornithopter":25,"Ring of the Snake":[26]},"card_choices":[{"not_picked":["Cloak And Dagger","Finisher"],"picked":"Deadly Poison","floor":1},{"not_picked":["Underhanded Strike","Concentrate"],"picked":"PiercingWail","floor":2},{"not_picked":["Flying Knee","Accuracy"],"picked":"Skewer","floor":7},{"not_picked":["Blade Dance","PiercingWail"],"picked":"Bane","floor":10},{"not_picked":["Deflect","Quick Slash","Sucker Punch"],"picked":"SKIP","floor":11},{"not_picked":["Concentrate","Acrobatics"],"picked":"Dodge and Roll","floor":12},{"not_picked":["Glass Knife","Outmaneuver","Sucker Punch"],"picked":"SKIP","floor":13},{"not_picked":["Cloak And Dagger","Slice+1"],"picked":"Calculated Gamble","floor":18},{"not_picked":["Well Laid Plans","Cloak And Dagger"],"picked":"Terror","floor":22},{"not_picked":["Sucker Punch","Well Laid Plans","Poisoned Stab"],"picked":"SKIP","floor":23},{"not_picked":["Dagger Throw","Flying Knee"],"picked":"Leg Sweep+1","floor":24}],"player_experience":364324,"relics_obtained":[{"floor":7,"key":"Akabeko"},{"floor":8,"key":"MawBank"},{"floor":9,"key":"Pear"},{"floor":10,"key":"Toy Ornithopter"},{"floor":13,"key":"Torii"},{"floor":19,"key":"Enchiridion"}],"event_choices":[{"damage_healed":0,"gold_gain":0,"player_choice":"Grow","damage_taken":0,"max_hp_gain":0,"max_hp_loss":0,"event_name":"Living Wall","floor":4,"gold_loss":0,"cards_upgraded":["Bouncing Flask"]},{"damage_healed":0,"gold_gain":0,"player_choice":"Bought 2 Potions","damage_taken":0,"max_hp_gain":0,"max_hp_loss":0,"event_name":"The Woman in Blue","floor":14,"gold_loss":0},{"damage_healed":0,"gold_gain":0,"player_choice":"Obtained Book","damage_taken":16,"max_hp_gain":0,"max_hp_loss":0,"event_name":"Cursed Tome","floor":19,"gold_loss":0},{"damage_healed":0,"gold_gain":0,"cards_transformed":["Strike_G"],"player_choice":"Transformed","damage_taken":0,"max_hp_gain":0,"max_hp_loss":0,"event_name":"Transmorgrifier","floor":21,"gold_loss":0,"cards_obtained":["Well Laid Plans"]}],"is_beta":false,"boss_relics":[{"not_picked":["Calling Bell","Snecko Eye"],"picked":"Black Star"}],"items_purged_floors":[20],"is_endless":false,"potions_floor_spawned":[1,12,13,16,23,24],"killed_by":"Slavers","ascension_level":0}}