{"host":"v9ordiuf4xzdpttp","time":1612153258,"event":{"mods":["AchievementEnabler","Act Like it!","Aspiration","BaseMod","Better Third Choice","Better Vampires","BetterRewards","CCEM2","Colored Map","Gold Saver","Halation","Hubris","Infinite Spire","Jedi Mod","Marked Mod","Minty Spire (QoL Compilation)","Reliquary","Remove Card Discount Mod","Replay The Spire","Shop Mod","Spicy Shops","StSLib"],"gold_per_floor":[395,68,78,78,92,122,122,122,122,141,141,157,177,84,84,84,84],"floor_reached":16,"language":"ENG","playtime":839,"items_purged":["Strike_B","Strike_B","Defend_B","Defend_B","Defend_B","Dualcast","Strike_B","Strike_B","Defend_B","Beam Cell+1","Static Discharge"],"score":102,"play_id":"c0d6019f-808e-417e-97fa-7c41d5646afc","local_time":"20210131232058","is_ascension_mode":false,"campfire_choices":[{"floor":7,"key":"REST"},{"floor":11,"key":"REST"},{"floor":15,"key":"REST"}],"circlet_count":0,"master_deck":["Fusion+1","jedi:BurstFrost","Gash","Redo","Fusion","ReplayTheSpireMod:Private Reserves","Go for the Eyes+1","Rebound+1","Echo Form","Redo"],"relics":["Cracked Core","MerchantsRug","Lizard Tail","Molten Egg 2","aspiration:EnhancedActuators","hubris:SphereOfDissonance","halation:LostSnail"],"acts_visited":["Exordium"],"potions_floor_usage":[10,16],"damage_taken":[{"damage":8,"enemies":"Small Slimes","floor":1,"turns":3},{"damage":0,"enemies":"Cultist","floor":3,"turns":3},{"damage":3,"enemies":"Jaw Worm","floor":5,"turns":2},{"damage":34,"enemies":"Lagavulin","floor":6,"turns":7},{"damage":46,"enemies":"Exordium Thugs","floor":10,"turns":7},{"damage":0,"enemies":"Blue Slaver","floor":12,"turns":3},{"damage":9,"enemies":"Looter","floor":13,"turns":3},{"damage":18,"enemies":"Slime Boss","floor":16,"turns":5}],"seed_played":"691610149862880805","potions_obtained":[{"floor":6,"key":"jedi:StrikingPotion"},{"floor":10,"key":"FairyPotion"},{"floor":13,"key":"Weak Potion"}],"is_trial":false,"path_per_floor":["M","$","M","?","M","E","R","?","T","M","R","M","M","$","R","B"],"character_chosen":"DEFECT","items_purchased":["Fusion","jedi:BurstFrost","Gash","MerchantsRug","Molten Egg 2","Fusion","Static Discharge","Beam Cell+1","ReplayTheSpireMod:Private Reserves","Go for the Eyes+1","halation:LostSnail"],"campfire_rested":3,"item_purchase_floors":[0,0,0,0,0,2,2,2,2,2,14],"current_hp_per_floor":[32,32,32,32,29,37,59,59,59,13,35,35,26,26,48,30,30],"gold":84,"neow_bonus":"","is_daily":false,"chose_seed":false,"campfire_upgraded":0,"win_rate":0.0,"timestamp":1612153258,"path_taken":["M","$","M","?","?","E","R","?","T","M","R","M","?","$","R","BOSS"],"items_purchased_type":["Card","Card","Card","Relic","Relic","Card","Card","Card","Card","Card","Relic"],"build_version":"2020-12-22","purchased_purges":11,"victory":false,"max_hp_per_floor":[75,75,75,75,75,75,75,75,75,75,75,75,75,75,75,75,75],"card_choices":[{"not_picked":["Panic Button","jedi:BurstLightning+1"],"picked":"Redo","floor":1},{"not_picked":["jedi:blockon","Compile Driver+1"],"picked":"Rebound+1","floor":3},{"not_picked":["Crystallizer","Barrage+1","Undo"],"picked":"SKIP","floor":5},{"not_picked":["Fusion","Leap"],"picked":"Echo Form","floor":6},{"not_picked":["Redo","Gash+1","Beam Cell+1"],"picked":"SKIP","floor":10},{"not_picked":["Stack","Panic Button","aspiration:Polymerization"],"picked":"SKIP","floor":12},{"not_picked":["Skim","jedi:BurstLightning+1","Darkness"],"picked":"SKIP","floor":13}],"player_experience":256489,"relics_obtained":[{"floor":6,"key":"aspiration:EnhancedActuators"},{"floor":9,"key":"hubris:SphereOfDissonance"}],"event_choices":[{"damage_healed":0,"gold_gain":0,"player_choice":"Forge","damage_taken":0,"max_hp_gain":0,"max_hp_loss":0,"event_name":"Accursed Blacksmith","floor":4,"gold_loss":0,"cards_upgraded":["Fusion"]},{"damage_healed":0,"gold_gain":0,"cards_transformed":["Zap"],"player_choice":"Transformed","damage_taken":0,"max_hp_gain":0,"max_hp_loss":0,"event_name":"Transmorgrifier","floor":8,"gold_loss":0,"cards_obtained":["Redo"]}],"is_beta":false,"boss_relics":[],"items_purged_floors":[2,2,2,14,14,14,14,14,14,14,14],"is_endless":false,"potions_floor_spawned":[6,10,13],"killed_by":"Slime Boss","ascension_level":0}}