{"host":"g868zphnms2wggi3","time":1612182875,"event":{"mods":["Act Like it!","BaseMod","Colored Map","GifTheSpireLib","Good Game Mod","KomeijiMod","Lobotomy","LobotomyExtend","Minty Spire (QoL Compilation)","Relic Filter Mod","Reliquary","Replay The Spire","Shop Mod","StSLib","The Invoker Mod"],"gold_per_floor":[170,187,203,217,217,246,246,275,344,378,388,120,137,137,137,235,235,249,249,249,266,65,93,93,113,161,187,204,231,141,16,16,113,113,113],"floor_reached":34,"language":"ZHS","playtime":4008,"items_purged":["Defend_Remirira","Defend_Remirira"],"score":455,"play_id":"27cded6e-2e91-457d-a284-fefd32763b29","local_time":"20210201203435","is_ascension_mode":false,"campfire_choices":[{"data":"Magnetism","floor":15,"key":"SMITH"},{"data":"CurseofVladTepes","floor":24,"key":"SMITH"},{"floor":32,"key":"REST"}],"circlet_count":0,"master_deck":["Strike_Remiria","Strike_Remiria","Defend_Remirira","Absorbed","Scratch+1","Magnetism+1","Finesse+1","BloodCleaner","StigmaNizer","PartStrengthen+1","Pot Of Greed","Pot Of Greed","Lonely","PartStrengthen+1","CurseofVladTepes+1","RedMagic","FateCollect","AllTheWorldInNightmare","Paradox","BloodyMagicSquare","BathedInBlood","BathedInBlood","Pot Of Greed","BloodSurge","Offensive+1","BloodCoagulation"],"relics":["UnsealingCross","REME:ComplimentaryCards","reliquary:FeatherDuster","Prayer Wheel","reliquary:Sideboard","Grinning Jar","Membership Card","Replay:Baseball","SlaversCollar","SpecialStopwatch","Orichalcum","HandDrill","Blood Vial","Replay:Rubber Ducky","Blue Doll","Bag of Preparation","ReplayTheSpireMod:Ninjato"],"acts_visited":["Exordium","TheCity","TheBeyond"],"potions_floor_usage":[4,10,23,25,33],"damage_taken":[{"damage":0,"enemies":"Cultist","floor":1,"turns":3},{"damage":0,"enemies":"2 Louse","floor":2,"turns":2},{"damage":0,"enemies":"Small Slimes","floor":3,"turns":3},{"damage":3,"enemies":"Looter","floor":4,"turns":3},{"damage":6,"enemies":"Gremlin Nob","floor":6,"turns":5},{"damage":21,"enemies":"3 Sentries","floor":8,"turns":5},{"damage":14,"enemies":"Gremlin Nob","floor":10,"turns":3},{"damage":3,"enemies":"2 Fungi Beasts","floor":11,"turns":4},{"damage":2,"enemies":"Blue Slaver","floor":13,"turns":3},{"damage":20,"enemies":"Fading Forest","floor":16,"turns":11},{"damage":1,"enemies":"Chosen","floor":18,"turns":3},{"damage":11,"enemies":"Shell Parasite","floor":21,"turns":6},{"damage":26,"enemies":"Book of Stabbing","floor":23,"turns":5},{"damage":10,"enemies":"Cultist and Chosen","floor":25,"turns":8},{"damage":17,"enemies":"Gremlin Leader","floor":27,"turns":4},{"damage":24,"enemies":"Snake Plant","floor":28,"turns":3},{"damage":27,"enemies":"Slavers","floor":29,"turns":5},{"damage":11,"enemies":"Collector","floor":33,"turns":6}],"seed_played":"-6294303488664611215","potions_obtained":[{"floor":3,"key":"Weak Potion"},{"floor":4,"key":"Fire Potion"},{"floor":6,"key":"Adrenaline Potion"},{"floor":10,"key":"DistilledChaos"},{"floor":16,"key":"Energy Potion"},{"floor":27,"key":"CalmPotion"},{"floor":29,"key":"Energy Potion"},{"floor":33,"key":"Swift Potion"}],"is_trial":false,"path_per_floor":["M","M","M","M","?","E","?","E","T","E","M","$","M","?","R","B",null,"M","?","?","M","$","E","R","M","T","E","M","E","?","$","R","B",null],"character_chosen":"RemiriaScarlet","items_purchased":["Membership Card","Replay:Baseball","Orichalcum","HandDrill","ReplayTheSpireMod:Ninjato"],"campfire_rested":1,"item_purchase_floors":[12,12,22,22,31],"current_hp_per_floor":[100,100,100,97,97,91,71,50,50,36,33,33,31,31,31,25,100,99,99,99,88,88,71,71,63,63,48,26,1,1,1,31,42,100,100],"gold":113,"neow_bonus":"RANDOM_COLORLESS","is_daily":false,"chose_seed":false,"campfire_upgraded":2,"win_rate":0.0,"timestamp":1612182875,"path_taken":["M","M","?","M","?","E","?","E","T","E","M","$","M","?","R","BOSS","M","?","?","?","$","E","R","M","T","E","M","E","?","$","R","BOSS"],"items_purchased_type":["Relic","Relic","Relic","Relic","Relic"],"build_version":"2020-12-22","purchased_purges":2,"victory":false,"max_hp_per_floor":[100,100,100,100,100,100,100,100,100,100,100,100,100,100,100,100,100,100,100,100,100,100,100,100,100,100,100,100,100,100,100,100,100,100,100],"card_choices":[{"not_picked":["GradualImprovement","Mind Blast"],"picked":"Finesse","floor":0},{"not_picked":["LifeBreak","BloodSurge","ServantFlier"],"picked":"SKIP","floor":1},{"not_picked":["BloodSurge","FateCollect"],"picked":"BloodCleaner","floor":2},{"not_picked":["BodyStrengthen","Cripple"],"picked":"StigmaNizer","floor":3},{"not_picked":["FastHealing","BloodyMagicSquare","StigmaNizer"],"picked":"SKIP","floor":4},{"not_picked":["BloodyMagicSquare","BloodySuit"],"picked":"PartStrengthen","floor":6},{"not_picked":["Feint","Paradox","FastHealing"],"picked":"SKIP","floor":8},{"not_picked":["VampireClaw","ServantFlier"],"picked":"Paradox","floor":10},{"not_picked":["ThePrice","BloodCleaner"],"picked":"AllTheWorldInNightmare","floor":11},{"not_picked":["FastHealing","TricksterDevil","Warpath"],"picked":"SKIP","floor":11},{"not_picked":["Tepes","BloodCollect"],"picked":"FateCollect","floor":13},{"not_picked":["YoungDemonLord","BloodCollect","Warpath"],"picked":"SKIP","floor":13},{"not_picked":["BadLadyScramble","BloodCoagulation"],"picked":"RedMagic","floor":16},{"not_picked":["BloodCollect","DamonLordCradle_Remiria"],"picked":"CurseofVladTepes","floor":18},{"not_picked":["Offensive","BloodySuit+1","NightDance+1"],"picked":"SKIP","floor":18},{"not_picked":["Feint+1","DoubleEdge+1","VampireClaw"],"picked":"SKIP","floor":21},{"not_picked":["DamonLordCradle_Remiria+1","BloodySuit","ServantFlier"],"picked":"SKIP","floor":21},{"not_picked":["ServantFlier","ScarletNetherworld","Cripple"],"picked":"SKIP","floor":23},{"not_picked":["BodyStrengthen","Feint"],"picked":"BathedInBlood","floor":25},{"not_picked":["DemonsDinnerFork_Remiria","StigmaNizer"],"picked":"BathedInBlood","floor":25},{"not_picked":["Cripple","BloodySuit"],"picked":"BloodSurge","floor":27},{"not_picked":["FateCollect","FateConcerto"],"picked":"BloodyMagicSquare","floor":28},{"not_picked":["Impregnable","DemonsDinnerFork_Remiria","BloodCollect"],"picked":"SKIP","floor":28},{"not_picked":["Impregnable","DemonsDinnerFork_Remiria","BloodCollect"],"picked":"SKIP","floor":28},{"not_picked":["BloodCleaner+1","Culling+1"],"picked":"Offensive+1","floor":29},{"not_picked":["AllTheWorldInNightmare","Coercion"],"picked":"BloodCoagulation","floor":33}],"player_experience":190751,"relics_obtained":[{"floor":6,"key":"reliquary:FeatherDuster"},{"floor":8,"key":"Prayer Wheel"},{"floor":9,"key":"reliquary:Sideboard"},{"floor":10,"key":"Grinning Jar"},{"floor":23,"key":"Blood Vial"},{"floor":26,"key":"Replay:Rubber Ducky"},{"floor":27,"key":"Blue Doll"},{"floor":29,"key":"Bag of Preparation"}],"event_choices":[{"damage_healed":0,"gold_gain":0,"player_choice":"Entered Light","damage_taken":20,"max_hp_gain":0,"max_hp_loss":0,"event_name":"Shining Light","floor":7,"gold_loss":0,"cards_upgraded":["Scratch","PartStrengthen"]},{"cards_removed":["Defend_Remirira"],"damage_healed":0,"gold_gain":0,"player_choice":"Forget","damage_taken":0,"max_hp_gain":0,"max_hp_loss":0,"event_name":"Living Wall","floor":14,"gold_loss":0},{"damage_healed":0,"gold_gain":0,"player_choice":"Copied","damage_taken":0,"max_hp_gain":0,"max_hp_loss":0,"event_name":"Duplicator","floor":20,"gold_loss":0,"cards_obtained":["PartStrengthen"]},{"cards_removed":["Strike_Remiria"],"damage_healed":0,"gold_gain":0,"player_choice":"Upgrade and Remove","damage_taken":0,"max_hp_gain":0,"max_hp_loss":0,"event_name":"Designer","floor":30,"gold_loss":90,"cards_upgraded":["Finesse"]}],"is_beta":false,"boss_relics":[{"not_picked":["Coffee Dripper","reliquary:Ember"],"picked":"SlaversCollar"},{"not_picked":["ReplayTheSpireMod:DimensionalGlitch","SacredBark"],"picked":"UnsealingCross"}],"items_purged_floors":[12,22],"is_endless":false,"potions_floor_spawned":[3,4,6,10,16,18,27,29,33],"ascension_level":0}}