{"host":"j00kb0hny0pcox9b","time":1612164575,"event":{"mods":["AchievementEnabler","BaseMod","Colored Map","Minty Spire (QoL Compilation)","StSLib"],"gold_per_floor":[219,237,59,134,145,145,172,172,172,172,172,199,213,223,223,322,322,333,333,350,369,385,385,419,436,436,60,60,75,88,88,88,88,88],"floor_reached":33,"language":"ENG","playtime":1547,"items_purged":["Defend_R","Defend_R"],"score":329,"play_id":"49131d0f-f6cf-4ede-a570-515c0ccc60aa","local_time":"20210201002935","is_ascension_mode":true,"campfire_choices":[{"data":"Armaments","floor":6,"key":"SMITH"},{"data":"Iron Wave","floor":8,"key":"SMITH"},{"data":"Wild Strike","floor":10,"key":"SMITH"},{"data":"Clothesline","floor":15,"key":"SMITH"},{"floor":23,"key":"REST"},{"floor":28,"key":"REST"},{"data":"Heavy Blade","floor":32,"key":"SMITH"}],"circlet_count":0,"master_deck":["Strike_R","Strike_R","Strike_R","Strike_R","Strike_R","Defend_R","Defend_R","Bash","Iron Wave+1","Clash","Armaments+1","Wild Strike+1","Clothesline","Uppercut+1","Demon Form","Clothesline+1","Immolate","Shrug It Off","Rampage","Flame Barrier","Spot Weakness","Heavy Blade+1"],"relics":["Burning Blood","The Courier","Mummified Hand","Bottled Lightning","Snecko Eye","White Beast Statue","Smiling Mask","Blood Vial"],"acts_visited":["Exordium","TheCity"],"potions_floor_usage":[5,14,20,22,27,29,31,31],"damage_taken":[{"damage":4,"enemies":"Jaw Worm","floor":1,"turns":7},{"damage":7,"enemies":"Small Slimes","floor":2,"turns":4},{"damage":0,"enemies":"Cultist","floor":5,"turns":3},{"damage":25,"enemies":"Lagavulin","floor":7,"turns":7},{"damage":4,"enemies":"Gremlin Nob","floor":12,"turns":3},{"damage":0,"enemies":"Blue Slaver","floor":13,"turns":2},{"damage":13,"enemies":"Gremlin Gang","floor":14,"turns":5},{"damage":38,"enemies":"The Guardian","floor":16,"turns":10},{"damage":17,"enemies":"Spheric Guardian","floor":18,"turns":4},{"damage":26,"enemies":"Shell Parasite","floor":20,"turns":5},{"damage":38,"enemies":"Chosen and Byrds","floor":21,"turns":7},{"damage":13,"enemies":"Snake Plant","floor":22,"turns":2},{"damage":25,"enemies":"Gremlin Leader","floor":24,"turns":5},{"damage":10,"enemies":"3 Cultists","floor":25,"turns":4},{"damage":1,"enemies":"Centurion and Healer","floor":29,"turns":4},{"damage":21,"enemies":"Cultist and Chosen","floor":30,"turns":6},{"damage":0,"enemies":"Slavers","floor":31,"turns":1},{"damage":64,"enemies":"Automaton","floor":33,"turns":6}],"seed_played":"1387922460910497761","potions_obtained":[{"floor":2,"key":"SkillPotion"},{"floor":13,"key":"SteroidPotion"},{"floor":16,"key":"DuplicationPotion"},{"floor":21,"key":"Strength Potion"},{"floor":25,"key":"BloodPotion"},{"floor":29,"key":"SmokeBomb"}],"is_trial":false,"path_per_floor":["M","M","$","?","M","R","E","R","T","R","?","E","M","M","R","B",null,"M","?","M","M","M","R","E","M","T","$","R","M","M","E","R","B"],"character_chosen":"IRONCLAD","items_purchased":["Armaments","Wild Strike","Blood Vial","Flame Barrier","Spot Weakness","BlessingOfTheForge","SteroidPotion","PowerPotion"],"campfire_rested":2,"item_purchase_floors":[3,3,27,27,27,27,27,27],"current_hp_per_floor":[80,79,79,68,74,74,55,55,55,55,60,62,68,61,61,29,80,69,69,49,17,10,34,15,11,11,27,51,58,45,53,53,0,0],"gold":88,"neow_bonus":"HUNDRED_GOLD","is_daily":false,"chose_seed":false,"campfire_upgraded":5,"win_rate":0.0,"timestamp":1612164575,"path_taken":["M","M","$","?","M","R","E","R","T","R","?","E","M","?","R","BOSS","M","?","M","M","?","R","E","M","T","$","R","M","?","E","R","BOSS"],"items_purchased_type":["Card","Card","Relic","Card","Card","Potion","Potion","Potion"],"build_version":"2020-12-22","purchased_purges":2,"victory":false,"max_hp_per_floor":[80,80,80,80,80,80,80,80,80,80,80,80,80,80,80,80,80,80,80,80,80,80,80,80,80,80,80,80,80,80,80,80,80,80],"card_choices":[{"not_picked":["Seeing Red","Hemokinesis"],"picked":"Iron Wave","floor":1},{"not_picked":["Carnage","Warcry"],"picked":"Clash","floor":2},{"not_picked":["Pummel","Iron Wave"],"picked":"Clothesline","floor":5},{"not_picked":["Body Slam","Wild Strike"],"picked":"Headbutt","floor":7},{"not_picked":["Anger","Iron Wave"],"picked":"Uppercut","floor":12},{"not_picked":["Thunderclap","Clash"],"picked":"Demon Form","floor":13},{"not_picked":["Wild Strike","Body Slam"],"picked":"Clothesline","floor":14},{"not_picked":["Offering","Demon Form"],"picked":"Immolate","floor":16},{"not_picked":["Disarm+1","Twin Strike","Body Slam"],"picked":"SKIP","floor":18},{"not_picked":["Iron Wave","Flex"],"picked":"Shrug It Off","floor":20},{"not_picked":["Iron Wave","Searing Blow","Armaments"],"picked":"SKIP","floor":21},{"not_picked":["Anger","Dark Embrace+1","Body Slam"],"picked":"SKIP","floor":22},{"not_picked":["Power Through","Clash","Wild Strike"],"picked":"SKIP","floor":24},{"not_picked":["Feed","Rupture+1"],"picked":"Rampage","floor":25},{"not_picked":["Disarm","Dark Embrace+1"],"picked":"Heavy Blade","floor":29},{"not_picked":["Fire Breathing","Sword Boomerang","Clothesline"],"picked":"SKIP","floor":30}],"player_experience":280637,"relics_obtained":[{"floor":7,"key":"The Courier"},{"floor":9,"key":"Mummified Hand"},{"floor":12,"key":"Bottled Lightning"},{"floor":24,"key":"White Beast Statue"},{"floor":26,"key":"Smiling Mask"}],"event_choices":[{"damage_healed":0,"gold_gain":75,"player_choice":"Gather Gold","damage_taken":11,"max_hp_gain":0,"max_hp_loss":0,"event_name":"World of Goop","floor":4,"gold_loss":0},{"cards_removed":["Headbutt"],"damage_healed":5,"gold_gain":0,"player_choice":"Offered Common","damage_taken":0,"max_hp_gain":0,"max_hp_loss":0,"event_name":"Bonfire Elementals","floor":11,"gold_loss":0},{"cards_removed":["Headbutt"],"damage_healed":5,"gold_gain":0,"player_choice":"Offered Special","damage_taken":0,"max_hp_gain":0,"max_hp_loss":0,"event_name":"Bonfire Elementals","floor":11,"gold_loss":0},{"damage_healed":0,"gold_gain":0,"player_choice":"Forge","damage_taken":0,"max_hp_gain":0,"max_hp_loss":0,"event_name":"Accursed Blacksmith","floor":19,"gold_loss":0,"cards_upgraded":["Uppercut"]}],"is_beta":false,"boss_relics":[{"not_picked":["Tiny House","Fusion Hammer"],"picked":"Snecko Eye"}],"items_purged_floors":[3,27],"is_endless":false,"potions_floor_spawned":[2,13,16,21,25,29,30,31],"killed_by":"Automaton","ascension_level":2}}