{"host":"sian7qp8a9pc9xwd","time":1612223056,"event":{"mods":["BaseMod","Minty Spire (QoL Compilation)","StSLib","SuperFastMode"],"gold_per_floor":[114,133,133,147,322,357,357,34,34,34,34,48,48,78,78,179,179,195,214,229,229,229],"floor_reached":21,"language":"ENG","playtime":596,"items_purged":["Doubt"],"score":293,"play_id":"691f694e-53b8-4c09-91fb-f6006cfff59b","local_time":"20210201184416","is_ascension_mode":true,"campfire_choices":[{"data":"Demon Form","floor":7.0,"key":"SMITH"},{"data":"Shrug It Off","floor":10.0,"key":"SMITH"},{"data":"Bludgeon","floor":15.0,"key":"SMITH"}],"circlet_count":0,"master_deck":["AscendersBane","Strike_R","Strike_R","Strike_R","Strike_R","Strike_R","Defend_R","Defend_R","Defend_R","Defend_R","Shrug It Off","Clothesline","Demon Form+1","Shrug It Off+1","Bludgeon+1","Impervious","Battle Trance","Thunderclap+1","Intimidate+1"],"relics":["Burning Blood","NeowsBlessing","Darkstone Periapt","Gremlin Horn","Eternal Feather","Dream Catcher","Kunai","SlaversCollar"],"acts_visited":["Exordium","TheCity"],"potions_floor_usage":[],"damage_taken":[{"damage":0.0,"enemies":"2 Louse","floor":1.0,"turns":1.0},{"damage":0.0,"enemies":"Cultist","floor":2.0,"turns":1.0},{"damage":0.0,"enemies":"Jaw Worm","floor":4.0,"turns":1.0},{"damage":26.0,"enemies":"Lagavulin","floor":6.0,"turns":9.0},{"damage":5.0,"enemies":"Blue Slaver","floor":12.0,"turns":5.0},{"damage":19.0,"enemies":"3 Sentries","floor":14.0,"turns":7.0},{"damage":17.0,"enemies":"Slime Boss","floor":16.0,"turns":7.0},{"damage":20.0,"enemies":"2 Thieves","floor":18.0,"turns":5.0},{"damage":19.0,"enemies":"Chosen","floor":19.0,"turns":6.0},{"damage":33.0,"enemies":"Snake Plant","floor":20.0,"turns":6.0},{"damage":0,"enemies":"3 Cultists","floor":21,"turns":1}],"seed_played":"-8394593038494255116","potions_obtained":[{"floor":2.0,"key":"BlessingOfTheForge"},{"floor":6.0,"key":"EssenceOfSteel"},{"floor":12.0,"key":"DuplicationPotion"}],"is_trial":false,"path_per_floor":["M","M","?","M","?","E","R","$","T","R","$","M","T","E","R","B",null,"M","M","M","M"],"character_chosen":"IRONCLAD","items_purchased":["Gremlin Horn"],"campfire_rested":0,"item_purchase_floors":[8],"current_hp_per_floor":[78,80,80,80,80,60,60,60,60,66,66,67,67,54,63,52,73,59,46,19,19,19],"gold":229,"neow_bonus":"THREE_ENEMY_KILL","is_daily":false,"chose_seed":false,"campfire_upgraded":3,"win_rate":0.0,"timestamp":1612223056,"path_taken":["M","M","?","?","?","E","R","?","T","R","$","M","?","E","R","BOSS","M","M","?","M"],"items_purchased_type":["Relic"],"build_version":"2020-12-22","purchased_purges":1,"victory":false,"max_hp_per_floor":[80,80,80,80,80,80,80,80,80,80,80,80,80,80,80,80,80,80,80,80,80,80],"card_choices":[{"not_picked":["Searing Blow","Spot Weakness"],"picked":"Shrug It Off","floor":1.0},{"not_picked":["Havoc","Sword Boomerang"],"picked":"Clothesline","floor":2.0},{"not_picked":["Searing Blow","Bloodletting"],"picked":"Demon Form","floor":4.0},{"not_picked":["Iron Wave","Rage"],"picked":"Shrug It Off","floor":6.0},{"not_picked":["Power Through","Body Slam","Cleave"],"picked":"SKIP","floor":12.0},{"not_picked":["Thunderclap","Wild Strike"],"picked":"Bludgeon","floor":14.0},{"not_picked":["Double Tap","Brutality"],"picked":"Impervious","floor":16.0},{"not_picked":["Spot Weakness","Reckless Charge"],"picked":"Battle Trance","floor":18.0},{"not_picked":["Pommel Strike","Dual Wield"],"picked":"Thunderclap+1","floor":19.0},{"not_picked":["Twin Strike","Flex+1"],"picked":"Intimidate+1","floor":20.0}],"player_experience":864074,"relics_obtained":[{"floor":6.0,"key":"Darkstone Periapt"},{"floor":9.0,"key":"Eternal Feather"},{"floor":13.0,"key":"Dream Catcher"},{"floor":14.0,"key":"Kunai"}],"event_choices":[{"cards_removed":["Bash"],"damage_healed":0.0,"max_hp_gain":0.0,"max_hp_loss":0.0,"gold_gain":0.0,"event_name":"Bonfire Elementals","player_choice":"Offered Basic","floor":3.0,"gold_loss":0.0,"damage_taken":0.0},{"damage_healed":0.0,"max_hp_gain":0.0,"max_hp_loss":0.0,"gold_gain":175.0,"event_name":"Liars Game","player_choice":"AGREE","floor":5.0,"gold_loss":0.0,"damage_taken":0.0,"cards_obtained":["Doubt"]}],"is_beta":false,"boss_relics":[{"not_picked":["Pandora\u0027s Box","Astrolabe"],"picked":"SlaversCollar"}],"items_purged_floors":[8],"is_endless":false,"potions_floor_spawned":[2,6,12],"killed_by":"3 Cultists","ascension_level":11}}