{"host":"mldl8yn21h5bwkxz","time":1612175182,"event":{"mods":["BaseMod","Minty Spire (QoL Compilation)","Remilia（蕾米莉亚）","StSLib"],"gold_per_floor":[113,113,288,55,67,5,5,5,57,77,92,103,138,155,155,258,258,274,292,14,14,31,48,83,103,153,68,18,118,118,152,152,247,247,263,278,328,12,12,38,38,55,55,84,95,110,128,183,183,183,183,183,59,93,93],"floor_reached":56,"language":"ENG","playtime":2354,"items_purged":["Doubt","Parasite"],"score":1824,"play_id":"7f51a31e-266d-4905-b159-af4a0066c7cf","local_time":"20210201212622","is_ascension_mode":false,"campfire_choices":[{"floor":8,"key":"RECALL"},{"data":"Decay","floor":15,"key":"PURGE"},{"data":"Regret","floor":32,"key":"PURGE"},{"floor":41,"key":"DIG"},{"data":"Apotheosis","floor":49,"key":"SMITH"},{"floor":52,"key":"DIG"}],"circlet_count":0,"master_deck":["Blade Dance+1","Blade Dance+1","Blade Dance+1","Blade Dance+1","Adrenaline+1","Adrenaline+1","Adrenaline+1","Adrenaline+1","Burst+1","Burst+1","Burst+1","Accuracy+1","Accuracy+1","Infinite Blades+1","Acrobatics+1","Acrobatics+1","Acrobatics+1","Backflip+1","Backflip+1","Footwork+1","Footwork+1","Footwork+1","Storm of Steel+1","Storm of Steel+1","Glass Knife+1","Glass Knife+1","Poisoned Stab+1","Poisoned Stab+1","Poisoned Stab+1","Catalyst+1","Catalyst+1","Noxious Fumes+1","Noxious Fumes+1","Noxious Fumes+1","Cloak And Dagger+1","Cloak And Dagger+1","Leg Sweep+1","Leg Sweep+1","After Image+1","A Thousand Cuts+1","Envenom+1","Corpse Explosion+1","Choke+1","Finisher+1","Finisher+1","Well Laid Plans+1","Distraction","PiercingWail","Night Terror","Die Die Die","Riddle With Holes","Bane+1","Doppelganger","Apotheosis+1","Predator+1","Parasite"],"relics":["Ring of the Snake","Peace Pipe","Cursed Key","Ornamental Fan","Kunai","Shuriken","Nunchaku","Ninja Scroll","The Specimen","Snake Skull","WristBlade","Membership Card","The Courier","Mummified Hand","Bottled Tornado","Gremlin Horn","Matryoshka","Mummified Hand","TwistedFunnel","Bag of Marbles","Tough Bandages","Tingsha","Bag of Preparation","WristBlade","OrangePellets","Letter Opener","Oddly Smooth Stone","The Courier","Nunchaku","Orichalcum","MealTicket","Shovel","Eternal Feather","CaptainsWheel","Molten Egg 2","StoneCalendar","Paper Crane","Snake Skull","Pantograph","Calipers","Mango","Happy Flower","Akabeko","The Specimen","StrikeDummy","Lizard Tail","Ornamental Fan"],"acts_visited":["Exordium","TheCity","TheBeyond","TheEnding"],"potions_floor_usage":[50,55,55,55],"damage_taken":[{"damage":0,"enemies":"2 Louse","floor":1,"turns":1},{"damage":0,"enemies":"Jaw Worm","floor":5,"turns":1},{"damage":0,"enemies":"Small Slimes","floor":10,"turns":1},{"damage":0,"enemies":"Looter","floor":11,"turns":1},{"damage":0,"enemies":"Gremlin Gang","floor":12,"turns":1},{"damage":0,"enemies":"Gremlin Nob","floor":13,"turns":1},{"damage":0,"enemies":"3 Louse","floor":14,"turns":1},{"damage":0,"enemies":"Hexaghost","floor":16,"turns":2},{"damage":0,"enemies":"Shell Parasite","floor":18,"turns":1},{"damage":0,"enemies":"Spheric Guardian","floor":19,"turns":1},{"damage":0,"enemies":"Snake Plant","floor":22,"turns":1},{"damage":0,"enemies":"Centurion and Healer","floor":23,"turns":1},{"damage":0,"enemies":"Gremlin Leader","floor":24,"turns":1},{"damage":0,"enemies":"3 Cultists","floor":25,"turns":1},{"damage":0,"enemies":"Colosseum Slavers","floor":29,"turns":1},{"damage":0,"enemies":"Colosseum Nobs","floor":29,"turns":1},{"damage":0,"enemies":"Slavers","floor":31,"turns":1},{"damage":0,"enemies":"Champ","floor":33,"turns":2},{"damage":0,"enemies":"3 Shapes","floor":35,"turns":1},{"damage":0,"enemies":"Orb Walker","floor":36,"turns":1},{"damage":0,"enemies":"Mind Bloom Boss Battle","floor":37,"turns":2},{"damage":0,"enemies":"Giant Head","floor":40,"turns":2},{"damage":0,"enemies":"Writhing Mass","floor":42,"turns":1},{"damage":0,"enemies":"Reptomancer","floor":44,"turns":1},{"damage":0,"enemies":"Sphere and 2 Shapes","floor":45,"turns":1},{"damage":0,"enemies":"4 Shapes","floor":46,"turns":1},{"damage":0,"enemies":"3 Darklings","floor":47,"turns":1},{"damage":0,"enemies":"2 Orb Walkers","floor":48,"turns":1},{"damage":0,"enemies":"Time Eater","floor":50,"turns":5},{"damage":0,"enemies":"Shield and Spear","floor":54,"turns":1},{"damage":2,"enemies":"The Heart","floor":55,"turns":2}],"seed_played":"-3103801037894138904","potions_obtained":[{"floor":1,"key":"LiquidMemories"},{"floor":11,"key":"Block Potion"},{"floor":14,"key":"LiquidMemories"},{"floor":18,"key":"SpeedPotion"},{"floor":25,"key":"Regen Potion"},{"floor":29,"key":"CultistPotion"},{"floor":35,"key":"DistilledChaos"},{"floor":54,"key":"Weak Potion"}],"is_trial":false,"path_per_floor":["M","?","?","$","M","$","$","R","T","M","M","M","E","M","R","B",null,"M","M","$","?","M","M","E","M","T","?","$","?","T","E","R","B",null,"M","M","?","$","?","E","R","M","T","E","M","M","M","?","R","B",null,"R","$","E","B",null],"character_chosen":"THE_SILENT","items_purchased":["Matryoshka","Mummified Hand","TwistedFunnel","OrangePellets","Letter Opener","Oddly Smooth Stone","Die Die Die","Apotheosis","Paper Crane","Snake Skull","Pantograph","Lizard Tail"],"campfire_rested":0,"item_purchase_floors":[4,4,6,20,20,20,20,38,38,38,38,53],"current_hp_per_floor":[70,37,37,37,37,37,37,37,37,37,37,37,37,37,37,37,70,70,70,70,57,57,57,57,57,57,57,72,72,72,72,72,72,72,72,72,72,72,72,72,86,86,86,86,86,86,86,86,86,86,86,86,86,86,86],"gold":93,"neow_bonus":"REMOVE_CARD","is_daily":false,"chose_seed":false,"campfire_upgraded":1,"win_rate":0.0,"timestamp":1612175182,"path_taken":["M","?","?","$","M","?","$","R","T","M","M","M","E","M","R","BOSS","M","M","$","?","M","M","E","M","T","?","$","?","?","E","R","BOSS","M","?","?","?","?","E","R","?","T","E","M","M","M","?","R","BOSS","R","$","E","BOSS"],"items_purchased_type":["Relic","Relic","Relic","Relic","Relic","Relic","Card","Card","Relic","Relic","Relic","Relic"],"build_version":"2020-12-22","purchased_purges":2,"victory":true,"max_hp_per_floor":[70,70,70,70,70,70,70,70,70,70,70,70,70,70,70,70,70,70,70,70,75,75,75,75,75,75,75,72,72,72,72,72,72,72,72,72,72,72,72,72,86,86,86,86,86,86,86,86,86,86,86,86,86,86,86],"card_choices":[{"not_picked":["All Out Attack","Cloak And Dagger","Blade Dance"],"picked":"SKIP","floor":1},{"not_picked":["Acrobatics","Dagger Throw"],"picked":"Distraction","floor":5},{"not_picked":["Bane","Prepared"],"picked":"PiercingWail","floor":10},{"not_picked":["Dash","Blade Dance","Catalyst"],"picked":"SKIP","floor":11},{"not_picked":["Dagger Throw","Deflect","Catalyst"],"picked":"SKIP","floor":12},{"not_picked":["Unload","Endless Agony","Sucker Punch"],"picked":"SKIP","floor":13},{"not_picked":["Bane","Dagger Spray","Deflect"],"picked":"SKIP","floor":14},{"not_picked":["After Image","Storm of Steel"],"picked":"Night Terror","floor":16},{"not_picked":["Blade Dance","Poisoned Stab","Crippling Poison"],"picked":"SKIP","floor":18},{"not_picked":["All Out Attack+1","Choke","Sucker Punch"],"picked":"SKIP","floor":19},{"not_picked":["Deflect","Setup"],"picked":"Riddle With Holes","floor":22},{"not_picked":["Deadly Poison+1","Bouncing Flask+1","Quick Slash"],"picked":"SKIP","floor":23},{"not_picked":["Slice","Cloak And Dagger+1"],"picked":"Bane+1","floor":24},{"not_picked":["Crippling Poison+1","Caltrops","Bane"],"picked":"SKIP","floor":25},{"not_picked":["Backflip","Deadly Poison","Leg Sweep"],"picked":"SKIP","floor":31},{"not_picked":["A Thousand Cuts","Corpse Explosion"],"picked":"Doppelganger","floor":33},{"not_picked":["Blade Dance","Dagger Spray+1","Flying Knee+1"],"picked":"SKIP","floor":35},{"not_picked":["Infinite Blades","Outmaneuver+1","Calculated Gamble+1"],"picked":"SKIP","floor":36},{"not_picked":["Catalyst+1","Flechettes+1"],"picked":"Predator+1","floor":40},{"not_picked":["Poisoned Stab+1","Outmaneuver","Terror"],"picked":"SKIP","floor":42},{"not_picked":["Quick Slash+1","Predator+1","Deflect+1"],"picked":"SKIP","floor":44},{"not_picked":["Blur+1","Dodge and Roll","Underhanded Strike+1"],"picked":"SKIP","floor":45},{"not_picked":["Sucker Punch+1","Dagger Throw+1","Cloak And Dagger"],"picked":"SKIP","floor":46},{"not_picked":["Night Terror","Underhanded Strike+1","Quick Slash+1"],"picked":"SKIP","floor":47},{"not_picked":["Backstab+1","Sucker Punch+1","Dagger Throw+1"],"picked":"SKIP","floor":54}],"player_experience":166696,"relics_obtained":[{"floor":9,"key":"Bag of Marbles"},{"floor":13,"key":"Bag of Preparation"},{"floor":24,"key":"The Courier"},{"floor":26,"key":"Nunchaku"},{"floor":26,"key":"Orichalcum"},{"floor":29,"key":"Shovel"},{"floor":29,"key":"Eternal Feather"},{"floor":30,"key":"CaptainsWheel"},{"floor":31,"key":"Molten Egg 2"},{"floor":37,"key":"StoneCalendar"},{"floor":40,"key":"Calipers"},{"floor":41,"key":"Mango"},{"floor":43,"key":"Happy Flower"},{"floor":44,"key":"Akabeko"},{"floor":48,"key":"The Specimen"},{"floor":52,"key":"StrikeDummy"},{"floor":54,"key":"Ornamental Fan"}],"event_choices":[{"damage_healed":0,"gold_gain":0,"player_choice":"Success","damage_taken":33,"relics_obtained":["Gremlin Horn"],"max_hp_gain":0,"max_hp_loss":0,"event_name":"Scrap Ooze","floor":2,"gold_loss":0},{"damage_healed":0,"gold_gain":175,"player_choice":"AGREE","damage_taken":0,"max_hp_gain":0,"max_hp_loss":0,"event_name":"Liars Game","floor":3,"gold_loss":0,"cards_obtained":["Doubt"]},{"damage_healed":0,"gold_gain":0,"player_choice":"Shed Blood","damage_taken":18,"max_hp_gain":5,"max_hp_loss":0,"event_name":"Forgotten Altar","floor":21,"gold_loss":0},{"damage_healed":0,"gold_gain":0,"player_choice":"Obtained Relic","damage_taken":0,"relics_obtained":["MealTicket"],"max_hp_gain":0,"max_hp_loss":0,"event_name":"Addict","floor":27,"gold_loss":85},{"damage_healed":0,"gold_gain":0,"player_choice":"Fight","damage_taken":0,"max_hp_gain":0,"max_hp_loss":0,"event_name":"Colosseum","floor":29,"gold_loss":0},{"damage_healed":0,"gold_gain":0,"player_choice":"Fought Nobs","damage_taken":0,"max_hp_gain":0,"max_hp_loss":0,"event_name":"Colosseum","floor":29,"gold_loss":0},{"damage_healed":0,"gold_gain":0,"player_choice":"Fight","damage_taken":0,"max_hp_gain":0,"max_hp_loss":0,"event_name":"MindBloom","floor":37,"gold_loss":0},{"cards_removed":["Backflip"],"damage_healed":0,"gold_gain":0,"player_choice":"Removed Skill","damage_taken":0,"max_hp_gain":0,"max_hp_loss":0,"event_name":"Falling","floor":39,"gold_loss":0},{"damage_healed":0,"gold_gain":0,"player_choice":"Fight","damage_taken":0,"max_hp_gain":0,"max_hp_loss":0,"event_name":"Mysterious Sphere","floor":48,"gold_loss":0}],"is_beta":false,"boss_relics":[{"not_picked":["Velvet Choker","Sozu"],"picked":"WristBlade"},{"not_picked":["Tiny House","Busted Crown","Empty Cage"]}],"items_purged_floors":[4,28],"is_endless":false,"potions_floor_spawned":[1,11,14,18,23,24,25,29,35,40,45,46,48,54],"ascension_level":0}}