{"host":"7cp3z5w0tcrrm8ys","time":1612167452,"event":{"mods":["AchievementEnabler","BaseMod","DeckTracker","Minty Spire (QoL Compilation)","StSLib","SuperFastMode"],"gold_per_floor":[116,129,129,143,154,154,165,188,188,153,170,170,130,150,150,150,150],"floor_reached":16,"language":"KOR","playtime":412,"items_purged":[],"score":188,"play_id":"735474d2-b89b-4d64-95ad-0c88630e0ad0","local_time":"20210201171732","is_ascension_mode":true,"campfire_choices":[{"data":"Footwork","floor":6,"key":"SMITH"},{"data":"Leg Sweep","floor":15,"key":"SMITH"}],"circlet_count":0,"master_deck":["AscendersBane","Strike_G","Strike_G","Strike_G","Strike_G","Strike_G","Defend_G","Defend_G","Defend_G","Defend_G","Defend_G","Survivor","Neutralize","Leg Sweep+1","All Out Attack","Poisoned Stab","Footwork+1","Backflip","Dagger Throw","PiercingWail","PiercingWail","Blur"],"relics":["Ring of the Snake","NeowsBlessing","Unceasing Top","Odd Mushroom","Eternal Feather"],"acts_visited":["Exordium"],"potions_floor_usage":[7,8,16],"damage_taken":[{"damage":0,"enemies":"Cultist","floor":1,"turns":1},{"damage":0,"enemies":"Small Slimes","floor":2,"turns":2},{"damage":0,"enemies":"Jaw Worm","floor":4,"turns":1},{"damage":4,"enemies":"3 Louse","floor":5,"turns":3},{"damage":36,"enemies":"Exordium Thugs","floor":7,"turns":9},{"damage":11,"enemies":"The Mushroom Lair","floor":8,"turns":5},{"damage":2,"enemies":"Large Slime","floor":11,"turns":5},{"damage":0,"enemies":"Looter","floor":13,"turns":4},{"damage":28,"enemies":"Exordium Thugs","floor":14,"turns":6},{"damage":29,"enemies":"Hexaghost","floor":16,"turns":14}],"seed_played":"757821548137395442","potions_obtained":[{"floor":1,"key":"Strength Potion"},{"floor":5,"key":"GamblersBrew"},{"floor":7,"key":"CultistPotion"},{"floor":11,"key":"Fire Potion"}],"is_trial":false,"path_per_floor":["M","M","?","M","M","R","M","?","T","?","M","?","M","M","R","B"],"character_chosen":"THE_SILENT","items_purchased":[],"campfire_rested":0,"item_purchase_floors":[],"current_hp_per_floor":[59,59,59,59,55,55,19,8,8,24,22,44,44,16,28,0,0],"gold":150,"neow_bonus":"THREE_ENEMY_KILL","is_daily":false,"chose_seed":false,"campfire_upgraded":2,"win_rate":0.0,"timestamp":1612167452,"path_taken":["M","?","?","M","?","R","M","?","T","?","?","?","M","M","R","BOSS"],"items_purchased_type":[],"build_version":"2020-12-22","purchased_purges":0,"victory":false,"max_hp_per_floor":[66,66,66,66,66,66,66,66,66,66,66,66,66,66,66,66,66],"card_choices":[{"not_picked":["Finisher","Setup"],"picked":"Leg Sweep","floor":1},{"not_picked":["Poisoned Stab","Slice"],"picked":"All Out Attack","floor":2},{"not_picked":["Catalyst","Quick Slash"],"picked":"Poisoned Stab","floor":4},{"not_picked":["Flechettes","All Out Attack"],"picked":"Footwork","floor":5},{"not_picked":["Infinite Blades","Cloak And Dagger"],"picked":"Backflip","floor":7},{"not_picked":["Slice","Corpse Explosion"],"picked":"Dagger Throw","floor":8},{"not_picked":["Deflect","All Out Attack"],"picked":"PiercingWail","floor":11},{"not_picked":["Endless Agony","Dodge and Roll"],"picked":"PiercingWail","floor":13},{"not_picked":["Underhanded Strike","Corpse Explosion"],"picked":"Blur","floor":14}],"player_experience":804324,"relics_obtained":[{"floor":8,"key":"Odd Mushroom"},{"floor":9,"key":"Eternal Feather"}],"event_choices":[{"damage_healed":0,"gold_gain":0,"player_choice":"Gave Potion","damage_taken":0,"relics_obtained":["Unceasing Top"],"max_hp_gain":0,"max_hp_loss":0,"event_name":"WeMeetAgain","floor":3,"gold_loss":0},{"damage_healed":0,"gold_gain":0,"player_choice":"Fought Mushrooms","damage_taken":0,"max_hp_gain":0,"max_hp_loss":0,"event_name":"Mushrooms","floor":8,"gold_loss":0},{"damage_healed":16,"gold_gain":0,"player_choice":"Healed","damage_taken":0,"max_hp_gain":0,"max_hp_loss":0,"event_name":"The Cleric","floor":10,"gold_loss":35},{"damage_healed":22,"gold_gain":0,"player_choice":"Banana","damage_taken":0,"max_hp_gain":0,"max_hp_loss":0,"event_name":"Big Fish","floor":12,"gold_loss":0}],"is_beta":false,"boss_relics":[],"items_purged_floors":[],"is_endless":false,"potions_floor_spawned":[1,5,7,11],"killed_by":"Hexaghost","ascension_level":20}}