{"host":"Ryley","time":1612155313,"event":{"mods":["BaseMod","Downfall","Minty Spire (QoL Compilation)","StSLib"],"gold_per_floor":[99,110,126,138,138,130,130,130,99,111,111,128,128,138,155,256,306,306,322,322,341,104,104,104,142,158,182,182,150,150,150,168,272,272,272,290,127,145,155,155,155,175,9,9,23,23,23,36,47,47],"floor_reached":51,"language":"ENG","playtime":2585,"items_purged":["hexamod:Strike","hexamod:Strike","hexamod:FirstSeal"],"score":715,"play_id":"9773be7f-696d-4b37-95a5-0c876b0fd727","local_time":"20210131225513","is_ascension_mode":false,"campfire_choices":[{"data":"hexamod:Sear","floor":1,"key":"SMITH"},{"floor":11,"key":"REST"},{"data":"hexamod:ForkedFlame","floor":18,"key":"SMITH"},{"floor":28,"key":"REST"},{"data":"hexamod:Firestarter","floor":30,"key":"SMITH"},{"data":"hexamod:SpectersWail","floor":35,"key":"SMITH"},{"data":"hexamod:GhostLash","floor":40,"key":"SMITH"},{"floor":47,"key":"REST"}],"circlet_count":0,"master_deck":["hexamod:Strike+1","hexamod:Strike+1","hexamod:Defend+1","hexamod:Defend+1","hexamod:Defend+1","hexamod:Defend+1","hexamod:Sear+1","hexamod:Float+1","hexamod:SoulSteal+1","hexamod:NightmareStrike+1","hexamod:SpectersWail+1","hexamod:ForkedFlame+1","hexamod:HeatMetal+1","hexamod:AdvancingGuard","hexamod:ThermalTransfer+1","hexamod:PhantomFireball+1","hexamod:Firestarter+1","hexamod:FlamesFromBeyond","hexamod:ChargedBarrage","hexamod:GhostLash+1","hexamod:NightmareGuise","hexamod:GhostShield+1","hexamod:SwordOfDarkness","hexamod:Hexaguard+1","hexamod:PowerFromBeyond","hexamod:RetreatToShadows+1","hexamod:RadiantFlame+1","hexamod:GhostShield+1","hexamod:BurningTouch+1"],"relics":["hexamod:SpiritBrand","Bottled Tornado","InkBottle","Tiny House","Blue Candle","Lee\u0027s Waffle","Meat on the Bone","Pen Nib","hexamod:TheBrokenSeal","MutagenicStrength","bronze:MakeshiftBattery","Ornamental Fan","Lantern","Mummified Hand"],"acts_visited":["Exordium","TheCity","TheBeyond"],"potions_floor_usage":[25,25,25,29,33,38,50,50],"damage_taken":[{"damage":1,"enemies":"Cultist","floor":2,"turns":3},{"damage":12,"enemies":"2 Louse","floor":3,"turns":3},{"damage":0,"enemies":"Small Slimes","floor":4,"turns":3},{"damage":19,"enemies":"Exordium Thugs","floor":8,"turns":4},{"damage":2,"enemies":"downfall:FleeingMerchant","floor":9,"turns":4},{"damage":17,"enemies":"3 Louse","floor":10,"turns":4},{"damage":16,"enemies":"Large Slime","floor":12,"turns":3},{"damage":4,"enemies":"2 Fungi Beasts","floor":14,"turns":2},{"damage":0,"enemies":"Lots of Slimes","floor":15,"turns":2},{"damage":13,"enemies":"WA_ARCHETYPE_RETAIN","floor":16,"turns":6},{"damage":14,"enemies":"Shell Parasite","floor":19,"turns":5},{"damage":25,"enemies":"Snake Plant","floor":21,"turns":6},{"damage":7,"enemies":"downfall:FleeingMerchant","floor":22,"turns":4},{"damage":73,"enemies":"Gremlin Leader","floor":25,"turns":9},{"damage":41,"enemies":"Shelled Parasite and Fungi","floor":26,"turns":6},{"damage":14,"enemies":"Snecko","floor":27,"turns":5},{"damage":12,"enemies":"downfall:FleeingMerchant","floor":29,"turns":4},{"damage":4,"enemies":"Snake Plant","floor":32,"turns":4},{"damage":16,"enemies":"IC_MUSHROOM_ARCHETYPE","floor":33,"turns":7},{"damage":3,"enemies":"Orb Walker","floor":36,"turns":3},{"damage":0,"enemies":"downfall:FleeingMerchant","floor":37,"turns":4},{"damage":0,"enemies":"3 Shapes","floor":38,"turns":3},{"damage":2,"enemies":"Jaw Worm Horde","floor":39,"turns":4},{"damage":2,"enemies":"Sphere and 2 Shapes","floor":42,"turns":3},{"damage":11,"enemies":"downfall:FleeingMerchant","floor":43,"turns":3},{"damage":0,"enemies":"Maw","floor":45,"turns":5},{"damage":7,"enemies":"Spire Growth","floor":48,"turns":4},{"damage":0,"enemies":"4 Shapes","floor":49,"turns":4},{"damage":15,"enemies":"SI_POISON_ARCHETYPE","floor":50,"turns":10}],"seed_played":"-1651615791884574497","potions_obtained":[{"floor":3,"key":"PowerPotion"},{"floor":9,"key":"Swift Potion"},{"floor":10,"key":"SpeedPotion"},{"floor":10,"key":"FearPotion"},{"floor":16,"key":"AttackPotion"},{"floor":21,"key":"Dexterity Potion"},{"floor":25,"key":"FairyPotion"},{"floor":25,"key":"DistilledChaos"},{"floor":27,"key":"LiquidMemories"},{"floor":32,"key":"Explosive Potion"},{"floor":33,"key":"PowerPotion"},{"floor":38,"key":"Energy Potion"}],"is_trial":false,"path_per_floor":["R","M","M","M","T","?","T","M","$","M","R","M","?","M","M","B",null,"R","M","?","M","$","?","T","E","M","M","R","$","R","?","M","B",null,"R","M","$","M","M","R","T","M","$","?","M","?","R","M","M","B",null],"character_chosen":"THE_SPIRIT","items_purchased":["hexamod:HeatMetal","Lee\u0027s Waffle","hexamod:SwordOfDarkness","Energy Potion","Lantern","Mummified Hand"],"campfire_rested":3,"item_purchase_floors":[9,22,29,37,43,43],"current_hp_per_floor":[70,69,57,57,57,50,50,31,36,26,47,31,31,27,34,28,75,75,68,63,38,82,82,82,21,28,33,57,92,92,92,88,72,92,92,89,92,92,90,90,90,88,77,77,77,77,92,85,85,70],"gold":47,"neow_bonus":"ONE_RANDOM_RARE_CARD","is_daily":false,"chose_seed":false,"campfire_upgraded":5,"win_rate":0.0,"timestamp":1612155313,"path_taken":["R","M","M","M","?","?","T","M","$","M","R","M","?","M","M","BOSS","R","M","?","M","$","?","T","E","M","M","R","$","R","?","M","BOSS","R","M","$","M","M","R","T","M","$","?","?","?","R","?","M","BOSS"],"items_purchased_type":["Card","Relic","Card","Potion","Relic","Relic"],"build_version":"2020-12-18","purchased_purges":3,"victory":true,"max_hp_per_floor":[70,70,70,70,70,70,70,70,70,70,70,70,70,70,70,70,75,75,75,75,75,82,82,82,82,82,82,82,92,92,92,92,92,92,92,92,92,92,92,92,92,92,92,92,92,92,92,92,92,92],"card_choices":[{"not_picked":["hexamod:GhostLash","hexamod:ThermalTransfer"],"picked":"hexamod:SoulSteal","floor":2},{"not_picked":["hexamod:GhostOfSpirePast","hexamod:SoulSteal"],"picked":"hexamod:NightmareStrike","floor":3},{"not_picked":["hexamod:FlamesFromBeyond","hexamod:GhostShield"],"picked":"hexamod:Firestarter","floor":4},{"not_picked":["hexamod:GhostOfSpirePresent","hexamod:RecurringNightmare"],"picked":"hexamod:SpectersWail","floor":8},{"not_picked":["hexamod:ChargedBarrage","hexamod:SwordOfDarkness","hexamod:Again"],"picked":"SKIP","floor":8},{"not_picked":["hexamod:ShieldOfDarkness","hexamod:BurningTouch"],"picked":"hexamod:ForkedFlame","floor":9},{"not_picked":["hexamod:FlamesFromBeyond","hexamod:SwordOfDarkness"],"picked":"hexamod:AdvancingGuard","floor":10},{"not_picked":["hexamod:FlamesFromBeyond","hexamod:BacktrackSmack"],"picked":"hexamod:ThermalTransfer","floor":12},{"not_picked":["hexamod:FlamesFromBeyond","hexamod:AdvancingGuard"],"picked":"hexamod:PhantomFireball","floor":14},{"not_picked":["hexamod:GhostflameBarrier","hexamod:FastForward","hexamod:EtherealExpedition"],"picked":"SKIP","floor":15},{"not_picked":["hexamod:GhostOfSpirePresent","hexamod:ParanormalForm"],"picked":"hexamod:FifthSeal","floor":16},{"not_picked":["hexamod:CatchUp","hexamod:SpectersWail"],"picked":"hexamod:Firestarter","floor":17},{"not_picked":["hexamod:RainOfEmbers","hexamod:PowerFromBeyond"],"picked":"hexamod:FlamesFromBeyond","floor":19},{"not_picked":["hexamod:HauntingEcho","hexamod:RadiantFlame"],"picked":"hexamod:ChargedBarrage","floor":21},{"not_picked":["hexamod:GhostLash","hexamod:Incineration","hexamod:FirstSeal"],"picked":"SKIP","floor":21},{"not_picked":["hexamod:Incineration","hexamod:FirstSeal"],"picked":"hexamod:GhostLash","floor":21},{"not_picked":["hexamod:SecondSeal","hexamod:RadiantFlame"],"picked":"hexamod:GhostflameBarrier","floor":22},{"not_picked":["hexamod:GhostShield","hexamod:GhostLash","hexamod:ThirdSeal"],"picked":"SKIP","floor":22},{"not_picked":["hexamod:SixthSeal","hexamod:Firestarter"],"picked":"hexamod:NightmareGuise","floor":25},{"not_picked":["hexamod:NightmareStrike+1","hexamod:BacktrackSmack","hexamod:GhostflameBarrier"],"picked":"SKIP","floor":25},{"not_picked":["hexamod:HeatShield","hexamod:HeatCrush","hexamod:HeatMetal"],"picked":"SKIP","floor":26},{"not_picked":["hexamod:ShieldOfDarkness","hexamod:FastForward+1","hexamod:SpectersWail"],"picked":"SKIP","floor":27},{"not_picked":["hexamod:ChargedBarrage+1","hexamod:HauntingEcho","hexamod:ExtraCrispy"],"picked":"SKIP","floor":27},{"not_picked":["hexamod:ThirdSeal","hexamod:FourthSeal"],"picked":"hexamod:FirstSeal","floor":29},{"not_picked":["hexamod:SoulSteal","hexamod:ParanormalForm"],"picked":"hexamod:GhostShield+1","floor":29},{"not_picked":["hexamod:ShieldOfDarkness+1","hexamod:SwordOfDarkness+1","hexamod:ExtraCrispy"],"picked":"SKIP","floor":32},{"not_picked":["hexamod:CatchUp+1","hexamod:FastForward+1"],"picked":"hexamod:Hexaguard+1","floor":36},{"not_picked":["hexamod:ThermalTransfer","hexamod:GhostShield+1","hexamod:StepThrough"],"picked":"SKIP","floor":37},{"not_picked":["hexamod:Haunt","hexamod:GhostShield+1","hexamod:Firestarter+1"],"picked":"SKIP","floor":38},{"not_picked":["hexamod:CatchUp","hexamod:Again+1"],"picked":"hexamod:PowerFromBeyond","floor":39},{"not_picked":["hexamod:SwordOfDarkness+1","hexamod:BacktrackSmack"],"picked":"hexamod:RetreatToShadows+1","floor":42},{"not_picked":["hexamod:ForkedFlame","hexamod:AdvancingGuard"],"picked":"hexamod:RadiantFlame+1","floor":43},{"not_picked":["hexamod:Hexaguard+1","hexamod:InspiringFlames+1"],"picked":"hexamod:GhostShield+1","floor":45},{"not_picked":["hexamod:InspiringFlames+1","hexamod:SpectersWail","hexamod:Rewind"],"picked":"SKIP","floor":48},{"not_picked":["hexamod:AdvancingGuard","hexamod:SecondSeal"],"picked":"hexamod:BurningTouch+1","floor":49}],"player_experience":362746,"relics_obtained":[{"floor":5,"key":"Bottled Tornado"},{"floor":7,"key":"InkBottle"},{"floor":24,"key":"Meat on the Bone"},{"floor":25,"key":"Pen Nib"},{"floor":41,"key":"Ornamental Fan"}],"event_choices":[{"damage_healed":0,"gold_gain":0,"player_choice":"Ignored","damage_taken":0,"max_hp_gain":0,"max_hp_loss":0,"event_name":"Vampires","floor":23,"gold_loss":0},{"damage_healed":0,"gold_gain":0,"player_choice":"Inject Mutagens","damage_taken":0,"relics_obtained":["MutagenicStrength"],"max_hp_gain":0,"max_hp_loss":0,"event_name":"Drug Dealer","floor":31,"gold_loss":0},{"damage_healed":0,"gold_gain":0,"player_choice":"Ignored","damage_taken":0,"max_hp_gain":0,"max_hp_loss":0,"event_name":"NoteForYourself","floor":44,"gold_loss":0}],"is_beta":true,"boss_relics":[{"not_picked":["Philosopher\u0027s Stone","Black Star"],"picked":"Tiny House"},{"not_picked":["Snecko Eye","Empty Cage"],"picked":"bronze:MakeshiftBattery"}],"items_purged_floors":[22,37,43],"is_endless":false,"potions_floor_spawned":[3,10,15,16,19,25,27,32,33,38,39,42,45,49],"ascension_level":0}}