{"host":"yq2wmfr0u0wuvxc0","time":1612167864,"event":{"mods":["Act Like it!","Aspiration","BaseMod","Curses Come First","Downfall","Friendly Minions","Gensokyo","Hubris","Infinite Spire","Marisa????????","Minty Spire (QoL Compilation)","Pale of the Ancients","Remilia??????","Shop Mod","Smile Girya","Spicy Shops","StSLib","The Jungle","The Servant 0.9.4","Wide Potions"],"gold_per_floor":[116,116,132,132,132,160,3,3,26,26,58,5,25,43,43,144,144,159,159,205,218,98,98,132,132,207,207,53,71,71,71,71,71,71],"floor_reached":33,"language":"ZHS","playtime":1048,"items_purged":["Strike_P","Strike_P"],"score":332,"play_id":"8d5adc5f-b728-43d4-a925-b4a1b8b3d56d","local_time":"20210201002424","is_ascension_mode":true,"campfire_choices":[{"data":"Study","floor":8,"key":"SMITH"},{"data":"Eruption","floor":15,"key":"SMITH"},{"data":"ConjureBlade","floor":23,"key":"SMITH"},{"floor":25,"key":"REST"},{"data":"SignatureMove","floor":27,"key":"SMITH"},{"floor":32,"key":"REST"}],"circlet_count":0,"master_deck":["Strike_P","Strike_P","Defend_P","Defend_P","Defend_P","Defend_P","Eruption+1","Vigilance","Conclude","Study+1","MasterReality","FollowUp","SignatureMove+1","ConjureBlade+1","CurseOfTheBell","EmptyFist+1","ForeignInfluence+1","SashWhip+1","SandsOfTime+1","hubris:NaturalOne","DeusExMachina"],"relics":["PureWater","NeowsBlessing","infinitespire:Beetle Shell","hubris:AstralHammer","infinitespire:CheckeredPen","Tiny Chest","Akabeko","Gensokyo:Justice","Nunchaku","Calling Bell","hubris:TenFootPole","Molten Egg 2","Bird Faced Urn","hubris:Icosahedron","Blood Vial","Gensokyo:LionMask","Sundial","Question Card","Bag of Marbles"],"acts_visited":["Gensokyo:Gensokyo","Gensokyo:Gensokyoer"],"potions_floor_usage":[16,16,16,21,24,29],"damage_taken":[{"damage":0,"enemies":"Gensokyo:2_Kodama","floor":1,"turns":1},{"damage":2,"enemies":"Gensokyo:3_Fairies","floor":3,"turns":2},{"damage":0,"enemies":"Gensokyo:Mamizou","floor":6,"turns":2},{"damage":11,"enemies":"Gensokyo:Aya","floor":11,"turns":5},{"damage":0,"enemies":"Gensokyo:Python","floor":13,"turns":2},{"damage":0,"enemies":"Gensokyo:LivingMonolith","floor":14,"turns":2},{"damage":32,"enemies":"Gensokyo:Reimu","floor":16,"turns":6},{"damage":4,"enemies":"Gensokyo:Chomper","floor":18,"turns":3},{"damage":32,"enemies":"Gensokyo:3_Dogs","floor":21,"turns":4},{"damage":38,"enemies":"Gensokyo:Reisen","floor":24,"turns":4},{"damage":17,"enemies":"Gensokyo:Wraith","floor":29,"turns":3},{"damage":145,"enemies":"Gensokyo:Eternal_Rivals","floor":33,"turns":8}],"seed_played":"6107220825292599408","potions_obtained":[{"floor":3,"key":"LiquidMemories"},{"floor":13,"key":"EntropicBrew"},{"floor":21,"key":"DistilledChaos"}],"is_trial":false,"path_per_floor":["M","?","M","T","?","E","$","R","T","?","E","$","M","M","R","B",null,"M","?","T","M","?","R","E","R","T","R","$","M","AVR","$","R","B"],"character_chosen":"WATCHER","items_purchased":["Tiny Chest","FollowUp","SandsOfTime+1"],"campfire_rested":2,"item_purchase_floors":[7,12,28],"current_hp_per_floor":[72,58,56,56,56,56,56,56,56,56,45,45,45,45,45,13,72,68,68,68,42,42,42,10,31,31,31,31,20,20,20,41,0,0],"gold":71,"neow_bonus":"THREE_ENEMY_KILL","is_daily":false,"chose_seed":false,"campfire_upgraded":4,"win_rate":0.0,"timestamp":1612167864,"path_taken":["M","?","M","?","?","E","?","R","T","?","E","?","M","M","R","BOSS","M","?","?","?","?","R","E","R","T","R","$","M","AVR","?","R","BOSS"],"items_purchased_type":["Relic","Card","Card"],"build_version":"2020-12-22","purchased_purges":2,"victory":false,"max_hp_per_floor":[72,72,72,72,72,72,72,72,72,72,72,72,72,72,72,72,72,72,72,72,72,72,72,72,72,72,72,72,72,72,72,72,72,72],"card_choices":[{"not_picked":["Protect","DeceiveReality"],"picked":"Conclude","floor":1},{"not_picked":["Nirvana","SashWhip"],"picked":"PathToVictory","floor":3},{"not_picked":["FlyingSleeves","Protect"],"picked":"Study","floor":6},{"not_picked":["FlyingSleeves","CrushJoints"],"picked":"MasterReality","floor":11},{"not_picked":["WreathOfFlame","CrushJoints"],"picked":"SignatureMove","floor":13},{"not_picked":["Consecrate","ThirdEye","Evaluate"],"picked":"SKIP","floor":14},{"not_picked":["Omniscience","Brilliance"],"picked":"ConjureBlade","floor":16},{"not_picked":["Prostrate","Fasting2+1"],"picked":"EmptyFist+1","floor":18},{"not_picked":["EmptyFist+1","EmptyBody"],"picked":"ForeignInfluence+1","floor":21},{"not_picked":["Nirvana","Consecrate+1"],"picked":"SashWhip+1","floor":24},{"not_picked":["BowlingBash+1","EmptyBody","ThirdEye"],"picked":"DeusExMachina","floor":29}],"player_experience":295863,"relics_obtained":[{"floor":4,"key":"hubris:AstralHammer"},{"floor":6,"key":"infinitespire:CheckeredPen"},{"floor":9,"key":"Akabeko"},{"floor":11,"key":"Nunchaku"},{"floor":17,"key":"hubris:TenFootPole"},{"floor":17,"key":"Molten Egg 2"},{"floor":17,"key":"Bird Faced Urn"},{"floor":20,"key":"Blood Vial"},{"floor":24,"key":"Sundial"},{"floor":26,"key":"Question Card"}],"event_choices":[],"is_beta":false,"boss_relics":[{"not_picked":["Tiny House","Runic Dome"],"picked":"Calling Bell"}],"items_purged_floors":[28,30],"is_endless":false,"potions_floor_spawned":[3,13,21,24],"killed_by":"Gensokyo:Eternal_Rivals","ascension_level":3}}