{"host":"kg61lsvem4dxoat8","time":1612184444,"event":{"mods":["AchievementEnabler","BaseMod","Better Altar","Better Match","Better Sensory Stone","Highlight Path","Minty Spire (QoL Compilation)","Quick Restart","Relic Sorter","Relic Stats","StSLib","Synergy Search","slay the spire mod where everything is the same but ironclad has a cowboy hat"],"gold_per_floor":[116,116,135,85,85,85,104,115,115,133,162,162,197,197,197,296,296,306,306,306,111,111,142,142,176,176,176,207,220,232,232,232,330,330,347,366,366,384,45,78,78,28,55,75,25,25,0,10,10,10],"floor_reached":51,"language":"ENG","playtime":1415,"items_purged":["Anger","Feed","Parasite"],"score":1077,"play_id":"434df37a-dacb-4d4e-bd11-3d76baad5a36","local_time":"20210201210044","is_ascension_mode":true,"campfire_choices":[{"data":"Rampage","floor":6,"key":"SMITH"},{"data":"Double Tap","floor":12,"key":"SMITH"},{"floor":15,"key":"REST"},{"floor":24,"key":"REST"},{"floor":32,"key":"REST"},{"data":"Rupture","floor":41,"key":"SMITH"},{"floor":49,"key":"REST"}],"circlet_count":0,"master_deck":["Bash","Rampage+1","Twin Strike+1","Double Tap+1","Pommel Strike","Battle Trance","Impervious","Pommel Strike","Armaments","Bloodletting","Wild Strike","Rupture","Master of Strategy","Flame Barrier+1","Feel No Pain+1","Reaper","Uppercut+1","Rupture+1","Shrug It Off+1"],"relics":["Burning Blood","Red Skull","Thread and Needle","TungstenRod","Smiling Mask","Pandora\u0027s Box","Bottled Flame","Brimstone","Bag of Marbles","Blood Vial","Gremlin Horn","Letter Opener","Sundial","Philosopher\u0027s Stone","InkBottle","Lee\u0027s Waffle","Juzu Bracelet","Prayer Wheel","PreservedInsect","Red Mask"],"acts_visited":["Exordium","TheCity","TheBeyond"],"potions_floor_usage":[8,11,13,16,18,25,28,40,40,48,50],"damage_taken":[{"damage":1,"enemies":"Cultist","floor":1,"turns":4},{"damage":2,"enemies":"Small Slimes","floor":3,"turns":3},{"damage":6,"enemies":"2 Louse","floor":7,"turns":3},{"damage":23,"enemies":"Gremlin Gang","floor":8,"turns":5},{"damage":11,"enemies":"3 Louse","floor":10,"turns":5},{"damage":19,"enemies":"Gremlin Nob","floor":11,"turns":4},{"damage":21,"enemies":"Lagavulin","floor":13,"turns":4},{"damage":27,"enemies":"Hexaghost","floor":16,"turns":7},{"damage":2,"enemies":"2 Thieves","floor":18,"turns":3},{"damage":29,"enemies":"Book of Stabbing","floor":23,"turns":3},{"damage":24,"enemies":"Slavers","floor":25,"turns":3},{"damage":23,"enemies":"Gremlin Leader","floor":28,"turns":3},{"damage":2,"enemies":"Shell Parasite","floor":29,"turns":3},{"damage":12,"enemies":"Snecko","floor":30,"turns":4},{"damage":36,"enemies":"Collector","floor":33,"turns":6},{"damage":2,"enemies":"3 Shapes","floor":35,"turns":3},{"damage":26,"enemies":"3 Darklings","floor":36,"turns":4},{"damage":39,"enemies":"Writhing Mass","floor":38,"turns":3},{"damage":54,"enemies":"Nemesis","floor":40,"turns":5},{"damage":0,"enemies":"Jaw Worm Horde","floor":44,"turns":2},{"damage":5,"enemies":"Sphere and 2 Shapes","floor":48,"turns":4},{"damage":41,"enemies":"Donu and Deca","floor":50,"turns":6}],"seed_played":"3721452008544121801","potions_obtained":[{"floor":3,"key":"Block Potion"},{"floor":5,"key":"Weak Potion"},{"floor":5,"key":"DistilledChaos"},{"floor":5,"key":"Strength Potion"},{"floor":10,"key":"Block Potion"},{"floor":11,"key":"FearPotion"},{"floor":18,"key":"Swift Potion"},{"floor":25,"key":"EssenceOfSteel"},{"floor":29,"key":"ElixirPotion"},{"floor":38,"key":"Strength Potion"},{"floor":40,"key":"Strength Potion"},{"floor":48,"key":"Fruit Juice"}],"is_trial":false,"path_per_floor":["M","?","M","?","?","R","M","M","T","M","E","R","E","?","R","B",null,"M","T","?","$","?","E","R","E","T","?","E","M","M","?","R","B",null,"M","M","T","M","$","E","R","$","T","M","$","?","?","M","R","B",null],"character_chosen":"IRONCLAD","items_purchased":["Brimstone","Lee\u0027s Waffle","Juzu Bracelet","Rupture"],"campfire_rested":4,"item_purchase_floors":[21,39,39,39],"current_hp_per_floor":[77,77,80,80,80,80,80,63,63,58,45,45,30,30,54,33,68,72,72,72,72,72,49,73,55,55,55,40,46,42,37,61,33,68,80,64,64,46,87,39,39,39,39,47,47,47,47,71,85,76],"gold":10,"neow_bonus":"RANDOM_COMMON_RELIC","is_daily":false,"chose_seed":false,"campfire_upgraded":3,"win_rate":0.0,"timestamp":1612184444,"path_taken":["M","?","?","?","?","R","M","?","T","M","E","R","E","?","R","BOSS","M","?","?","$","?","E","R","E","T","?","E","?","M","?","R","BOSS","M","M","?","M","$","E","R","?","T","M","$","?","?","M","R","BOSS"],"items_purchased_type":["Relic","Relic","Relic","Card"],"build_version":"2020-12-22","purchased_purges":3,"victory":true,"max_hp_per_floor":[80,80,80,80,80,80,80,80,80,80,80,80,80,80,80,80,80,80,80,80,80,80,80,80,80,80,80,80,80,80,80,80,80,80,80,80,80,80,87,87,87,87,87,87,84,80,80,85,85,85],"relic_stats":{"Lee\u0027s Waffle":41,"Gremlin Horn":[9,14],"counters":[22,87],"PreservedInsect":0,"Juzu Bracelet":0,"Letter Opener":[120],"Smiling Mask":150,"Burning Blood":125,"Blood Vial":16,"Sundial":[10],"Pandora\u0027s Box":["Pommel Strike","Armaments","Feed","Anger","Bloodletting","Wild Strike","Rupture"],"Prayer Wheel":2,"obtain_stats":[{"Lee\u0027s Waffle":39,"Gremlin Horn":26,"Thread and Needle":9,"PreservedInsect":43,"Juzu Bracelet":39,"Letter Opener":27,"Smiling Mask":13,"Burning Blood":0,"Blood Vial":25,"Bottled Flame":19,"Brimstone":21,"Sundial":28,"Pandora\u0027s Box":17,"Philosopher\u0027s Stone":34,"Prayer Wheel":40,"Bag of Marbles":23,"Red Mask":47,"Red Skull":0,"TungstenRod":11,"InkBottle":37},{"Lee\u0027s Waffle":18,"Gremlin Horn":11,"Thread and Needle":4,"PreservedInsect":19,"Juzu Bracelet":18,"Letter Opener":11,"Smiling Mask":7,"Burning Blood":0,"Blood Vial":11,"Bottled Flame":9,"Brimstone":9,"Sundial":12,"Pandora\u0027s Box":8,"Philosopher\u0027s Stone":15,"Prayer Wheel":19,"Bag of Marbles":10,"Red Mask":20,"Red Skull":0,"TungstenRod":6,"InkBottle":17},{"Lee\u0027s Waffle":70,"Gremlin Horn":44,"Thread and Needle":15,"PreservedInsect":75,"Juzu Bracelet":70,"Letter Opener":44,"Smiling Mask":28,"Burning Blood":0,"Blood Vial":44,"Bottled Flame":38,"Brimstone":38,"Sundial":47,"Pandora\u0027s Box":35,"Philosopher\u0027s Stone":60,"Prayer Wheel":75,"Bag of Marbles":41,"Red Mask":77,"Red Skull":0,"TungstenRod":24,"InkBottle":67}],"TungstenRod":56,"InkBottle":[6]},"card_choices":[{"not_picked":["Wild Strike","Clash"],"picked":"Rampage","floor":1},{"not_picked":["Sword Boomerang","Warcry"],"picked":"Twin Strike","floor":3},{"not_picked":["Intimidate","Iron Wave"],"picked":"Double Tap","floor":7},{"not_picked":["Burning Pact","Iron Wave","Cleave"],"picked":"SKIP","floor":8},{"not_picked":["Cleave","Flex","Power Through"],"picked":"SKIP","floor":10},{"not_picked":["Heavy Blade","Warcry"],"picked":"Pommel Strike","floor":11},{"not_picked":["Impervious","Heavy Blade"],"picked":"Battle Trance","floor":13},{"not_picked":["Double Tap","Fiend Fire"],"picked":"Impervious","floor":16},{"not_picked":["Warcry","Whirlwind","Headbutt"],"picked":"SKIP","floor":18},{"not_picked":["The Bomb","Deep Breath"],"picked":"Master of Strategy","floor":22},{"not_picked":["Rage","Rampage+1","Thunderclap"],"picked":"SKIP","floor":23},{"not_picked":["Headbutt","Pommel Strike"],"picked":"Flame Barrier+1","floor":25},{"not_picked":["Heavy Blade","Havoc","Armaments+1"],"picked":"SKIP","floor":28},{"not_picked":["Twin Strike","Warcry","True Grit+1"],"picked":"SKIP","floor":29},{"not_picked":["Inflame+1","Pommel Strike"],"picked":"Feel No Pain+1","floor":30},{"not_picked":["Feed","Corruption"],"picked":"Reaper","floor":33},{"not_picked":["Clash+1","Inflame+1","Warcry"],"picked":"SKIP","floor":35},{"not_picked":["Headbutt","Twin Strike"],"picked":"Uppercut+1","floor":36},{"not_picked":["Searing Blow+1","Iron Wave","Headbutt"],"picked":"SKIP","floor":38},{"not_picked":["Bludgeon","Carnage+1","Pommel Strike+1"],"picked":"SKIP","floor":40},{"not_picked":["Pommel Strike","Wild Strike+1"],"picked":"Shrug It Off+1","floor":44},{"not_picked":["Warcry+1","Headbutt","Searing Blow"],"picked":"SKIP","floor":44},{"not_picked":["Flex","Clash","Wild Strike+1"],"picked":"SKIP","floor":48},{"not_picked":["Battle Trance","Whirlwind","Shrug It Off+1"],"picked":"SKIP","floor":48}],"player_experience":1424621,"relics_obtained":[{"floor":9,"key":"Thread and Needle"},{"floor":11,"key":"TungstenRod"},{"floor":13,"key":"Smiling Mask"},{"floor":19,"key":"Bottled Flame"},{"floor":23,"key":"Bag of Marbles"},{"floor":25,"key":"Blood Vial"},{"floor":26,"key":"Gremlin Horn"},{"floor":27,"key":"Letter Opener"},{"floor":28,"key":"Sundial"},{"floor":37,"key":"InkBottle"},{"floor":40,"key":"Prayer Wheel"},{"floor":43,"key":"PreservedInsect"}],"event_choices":[{"cards_removed":["Strike_R"],"damage_healed":0,"gold_gain":0,"player_choice":"Offered Basic","damage_taken":0,"max_hp_gain":0,"max_hp_loss":0,"event_name":"Bonfire Elementals","floor":2,"gold_loss":0},{"cards_removed":["Strike_R"],"damage_healed":0,"gold_gain":0,"player_choice":"Card Removal","damage_taken":0,"max_hp_gain":0,"max_hp_loss":0,"event_name":"The Cleric","floor":4,"gold_loss":50},{"damage_healed":0,"gold_gain":0,"player_choice":"Got Potions","damage_taken":0,"max_hp_gain":0,"max_hp_loss":0,"event_name":"Lab","floor":5,"gold_loss":0},{"damage_healed":0,"gold_gain":0,"player_choice":"Forge","damage_taken":0,"max_hp_gain":0,"max_hp_loss":0,"event_name":"Accursed Blacksmith","floor":14,"gold_loss":0,"cards_upgraded":["Twin Strike"]},{"damage_healed":0,"gold_gain":0,"player_choice":"Ignored","damage_taken":0,"max_hp_gain":0,"max_hp_loss":0,"event_name":"Vampires","floor":20,"gold_loss":0},{"damage_healed":0,"gold_gain":2,"player_choice":"1","damage_taken":0,"max_hp_gain":0,"max_hp_loss":0,"event_name":"betterStone:BetterStone","floor":22,"gold_loss":0},{"damage_healed":0,"gold_gain":0,"player_choice":"Relic","damage_taken":0,"max_hp_gain":0,"max_hp_loss":0,"event_name":"Wheel of Change","floor":27,"gold_loss":0},{"damage_healed":0,"gold_gain":0,"player_choice":"","damage_taken":6,"max_hp_gain":0,"max_hp_loss":0,"event_name":"Knowing Skull","floor":31,"potions_obtained":[],"gold_loss":0,"cards_obtained":[]},{"damage_healed":0,"gold_gain":0,"player_choice":"Max HP","damage_taken":0,"max_hp_gain":0,"max_hp_loss":4,"event_name":"Winding Halls","floor":46,"gold_loss":0},{"damage_healed":0,"gold_gain":0,"player_choice":"Paid","damage_taken":0,"relics_obtained":["Red Mask"],"max_hp_gain":0,"max_hp_loss":0,"event_name":"Tomb of Lord Red Mask","floor":47,"gold_loss":25}],"is_beta":false,"boss_relics":[{"not_picked":["SlaversCollar","Snecko Eye"],"picked":"Pandora\u0027s Box"},{"not_picked":["Mark of Pain","Black Star"],"picked":"Philosopher\u0027s Stone"}],"items_purged_floors":[21,42,45],"is_endless":false,"potions_floor_spawned":[3,7,10,11,18,25,29,38,40,48],"ascension_level":9}}