{"host":"v2nniiiz7kpx7fwo","time":1612181992,"event":{"mods":["2.2 Compatiblity","AchievementEnabler","BaseMod","Colored Map","Colored Powertips","DeckTracker","Highlight Path","KOR Keyword Fix","Minty Spire (QoL Compilation)","Permanent Neow","Quick Restart","Rare Cards Sparkle","SuperFastMode"],"gold_per_floor":[113,113,93,18,29,29,45,45,126,142,142,142,67,98,98,175,175,188,188,217,217,217,242,259,271,320,320,354,364,364,264,264,335,335,352,365,365,385,105,133,133,133,156,156,175,251,251,281,281,281,281],"floor_reached":50,"language":"KOR","playtime":3162,"items_purged":["Strike_G","Defend_G","Defend_G"],"score":860,"play_id":"ad08ff0d-cd71-4331-9faf-a3a1a4010cd9","local_time":"20210201211952","is_ascension_mode":true,"campfire_choices":[{"data":"Crippling Poison","floor":6.0,"key":"SMITH"},{"data":"Leg Sweep","floor":8.0,"key":"SMITH"},{"floor":12.0,"key":"RECALL"},{"floor":15.0,"key":"REST"},{"floor":27.0,"key":"REST"},{"floor":32.0,"key":"REST"},{"floor":42.0,"key":"REST"},{"floor":44.0,"key":"REST"},{"data":"Corpse Explosion","floor":47.0,"key":"SMITH"},{"data":"Dash","floor":49.0,"key":"SMITH"}],"circlet_count":0,"master_deck":["AscendersBane","Strike_G+1","Defend_G","Survivor","Neutralize","Leg Sweep+1","Unload+1","Crippling Poison+1","Night Terror","CurseOfTheBell","Necronomicurse","Predator","Bullet Time","Concentrate","Dash+1","Decay","Envenom","Riddle With Holes","Mind Blast","HandOfGreed","Choke+1","Bouncing Flask+1","Crippling Poison+1","Corpse Explosion+1"],"relics":["Snecko Eye","Kunai","Matryoshka","Calling Bell","Blood Vial","Pear","Thread and Needle","Necronomicon","Red Mask","Lantern","MealTicket","Anchor","Whetstone","Empty Cage","TwistedFunnel","Dream Catcher","Bag of Marbles","Toxic Egg 2"],"acts_visited":["Exordium","TheCity","TheBeyond"],"potions_floor_usage":[50],"damage_taken":[{"damage":6.0,"enemies":"Jaw Worm","floor":1.0,"turns":6.0},{"damage":0.0,"enemies":"Small Slimes","floor":5.0,"turns":6.0},{"damage":0.0,"enemies":"Cultist","floor":7.0,"turns":4.0},{"damage":0.0,"enemies":"Red Slaver","floor":10.0,"turns":5.0},{"damage":17.0,"enemies":"Lagavulin","floor":14.0,"turns":7.0},{"damage":24.0,"enemies":"Hexaghost","floor":16.0,"turns":10.0},{"damage":25.0,"enemies":"Shell Parasite","floor":18.0,"turns":6.0},{"damage":1.0,"enemies":"Masked Bandits","floor":20.0,"turns":4.0},{"damage":16.0,"enemies":"Slavers","floor":23.0,"turns":4.0},{"damage":0.0,"enemies":"3 Byrds","floor":24.0,"turns":2.0},{"damage":0.0,"enemies":"Snecko","floor":25.0,"turns":3.0},{"damage":26.0,"enemies":"Gremlin Leader","floor":28.0,"turns":11.0},{"damage":0.0,"enemies":"Chosen and Byrds","floor":29.0,"turns":4.0},{"damage":16.0,"enemies":"Automaton","floor":33.0,"turns":9.0},{"damage":3.0,"enemies":"Orb Walker","floor":35.0,"turns":4.0},{"damage":2.0,"enemies":"3 Shapes","floor":36.0,"turns":6.0},{"damage":0.0,"enemies":"Maw","floor":38.0,"turns":7.0},{"damage":51.0,"enemies":"Reptomancer","floor":40.0,"turns":7.0},{"damage":1.0,"enemies":"3 Darklings","floor":45.0,"turns":2.0},{"damage":0.0,"enemies":"4 Shapes","floor":48.0,"turns":3.0},{"damage":74,"enemies":"Time Eater","floor":50,"turns":10}],"seed_played":"-9071286540631329359","potions_obtained":[{"floor":1.0,"key":"Explosive Potion"},{"floor":3.0,"key":"GhostInAJar"},{"floor":23.0,"key":"SkillPotion"},{"floor":25.0,"key":"Fire Potion"},{"floor":29.0,"key":"Block Potion"},{"floor":36.0,"key":"SkillPotion"},{"floor":48.0,"key":"SteroidPotion"}],"is_trial":false,"path_per_floor":["M","?","?","$","M","R","M","R","T","M","$","R","$","E","R","B",null,"M","?","?","?","$","E","M","M","T","R","E","M","?","$","R","B",null,"M","M","?","M","$","E","?","R","T","R","M","T","R","M","R","B"],"character_chosen":"THE_SILENT","items_purchased":["Night Terror","TwistedFunnel"],"campfire_rested":5,"item_purchase_floors":[13,39],"current_hp_per_floor":[53,53,53,53,53,53,53,53,53,53,53,53,53,36,55,31,67,44,28,29,29,29,15,17,19,19,41,17,19,19,34,56,42,68,67,67,57,59,74,25,25,47,47,69,70,70,70,72,72,0,0],"gold":281,"neow_bonus":"BOSS_RELIC","is_daily":false,"chose_seed":false,"campfire_upgraded":4,"win_rate":0.0,"timestamp":1612181992,"path_taken":["M","?","?","$","M","R","M","R","T","?","?","R","$","E","R","BOSS","M","?","?","?","$","E","M","M","T","R","E","M","?","?","R","BOSS","M","M","?","M","$","E","?","R","T","R","?","?","R","M","R","BOSS"],"items_purchased_type":["Card","Relic"],"build_version":"2020-12-22","purchased_purges":3,"victory":false,"max_hp_per_floor":[66,66,66,66,66,66,66,66,66,66,66,66,66,66,66,66,76,76,76,76,76,76,76,76,76,76,76,76,76,76,76,76,76,76,76,76,76,76,76,76,76,76,76,76,76,76,76,76,76,76,76],"card_choices":[{"not_picked":["Flying Knee","Underhanded Strike"],"picked":"Leg Sweep","floor":1.0},{"not_picked":["Dagger Spray","Outmaneuver"],"picked":"Crippling Poison","floor":5.0},{"not_picked":["Outmaneuver","Bane","Acrobatics"],"picked":"SKIP","floor":7.0},{"not_picked":["Catalyst","Deflect","Wraith Form v2"],"picked":"SKIP","floor":10.0},{"not_picked":["Poisoned Stab","Leg Sweep","Slice"],"picked":"SKIP","floor":14.0},{"not_picked":["Outmaneuver","Setup","All Out Attack"],"picked":"SKIP","floor":18.0},{"not_picked":["Blade Dance+1","Prepared"],"picked":"Predator","floor":20.0},{"not_picked":["Outmaneuver","Backstab","Acrobatics"],"picked":"SKIP","floor":23.0},{"not_picked":["Acrobatics","Expertise","Finisher"],"picked":"SKIP","floor":24.0},{"not_picked":["Caltrops","Quick Slash","Bane"],"picked":"SKIP","floor":25.0},{"not_picked":["Die Die Die","Blade Dance","Dagger Spray+1"],"picked":"SKIP","floor":28.0},{"not_picked":["Skewer","Reflex"],"picked":"Dash","floor":29.0},{"not_picked":["Malaise","Burst"],"picked":"Envenom","floor":33.0},{"not_picked":["Poisoned Stab","Underhanded Strike"],"picked":"Riddle With Holes","floor":35.0},{"not_picked":["All Out Attack","Predator+1","Dodge and Roll+1"],"picked":"SKIP","floor":36.0},{"not_picked":["Mayhem","Flash of Steel"],"picked":"Mind Blast","floor":37.0},{"not_picked":["Thinking Ahead","Finesse"],"picked":"HandOfGreed","floor":37.0},{"not_picked":["Outmaneuver+1","Blur"],"picked":"Choke+1","floor":38.0},{"not_picked":["Flechettes","Cloak And Dagger"],"picked":"Bouncing Flask+1","floor":40.0},{"not_picked":["Dodge and Roll","Skewer+1"],"picked":"Corpse Explosion","floor":42.0},{"not_picked":["Quick Slash","Backflip+1","Outmaneuver+1"],"picked":"SKIP","floor":45.0},{"not_picked":["Dash","Deflect+1","Leg Sweep+1"],"picked":"SKIP","floor":48.0}],"player_experience":481358,"relics_obtained":[{"floor":9.0,"key":"Kunai"},{"floor":14.0,"key":"Matryoshka"},{"floor":17.0,"key":"Blood Vial"},{"floor":17.0,"key":"Pear"},{"floor":17.0,"key":"Thread and Needle"},{"floor":19.0,"key":"Necronomicon"},{"floor":20.0,"key":"Red Mask"},{"floor":23.0,"key":"Lantern"},{"floor":26.0,"key":"MealTicket"},{"floor":26.0,"key":"Anchor"},{"floor":28.0,"key":"Whetstone"},{"floor":40.0,"key":"Dream Catcher"},{"floor":43.0,"key":"Bag of Marbles"},{"floor":46.0,"key":"Toxic Egg 2"}],"event_choices":[{"damage_healed":0.0,"max_hp_gain":0.0,"max_hp_loss":0.0,"gold_gain":0.0,"cards_transformed":["Strike_G"],"event_name":"Living Wall","player_choice":"Change","floor":2.0,"gold_loss":0.0,"damage_taken":0.0,"cards_obtained":["Unload"]},{"damage_healed":0.0,"max_hp_gain":0.0,"max_hp_loss":0.0,"gold_gain":0.0,"event_name":"The Woman in Blue","player_choice":"Bought 1 Potion","floor":3.0,"gold_loss":0.0,"damage_taken":0.0},{"damage_healed":0.0,"max_hp_gain":0.0,"max_hp_loss":0.0,"gold_gain":0.0,"event_name":"Cursed Tome","player_choice":"Obtained Book","floor":19.0,"gold_loss":0.0,"damage_taken":16.0},{"damage_healed":0.0,"max_hp_gain":0.0,"max_hp_loss":0.0,"gold_gain":0.0,"event_name":"Masked Bandits","player_choice":"Fought Bandits","floor":20.0,"gold_loss":0.0,"damage_taken":0.0},{"damage_healed":0.0,"max_hp_gain":0.0,"max_hp_loss":0.0,"gold_gain":0.0,"cards_transformed":["Strike_G","Strike_G"],"event_name":"Drug Dealer","player_choice":"Became Test Subject","floor":21.0,"gold_loss":0.0,"damage_taken":0.0,"cards_obtained":["Bullet Time","Concentrate"]},{"damage_healed":0.0,"max_hp_gain":0.0,"max_hp_loss":0.0,"gold_gain":0.0,"event_name":"Forgotten Altar","player_choice":"Smashed Altar","floor":30.0,"gold_loss":0.0,"damage_taken":0.0,"cards_obtained":["Decay"]},{"damage_healed":0.0,"max_hp_gain":0.0,"max_hp_loss":0.0,"gold_gain":0.0,"event_name":"SensoryStone","player_choice":"Memory 3","floor":37.0,"gold_loss":0.0,"damage_taken":10.0},{"damage_healed":0.0,"max_hp_gain":0.0,"max_hp_loss":0.0,"gold_gain":0.0,"event_name":"Duplicator","player_choice":"Copied","floor":41.0,"gold_loss":0.0,"damage_taken":0.0,"cards_obtained":["Crippling Poison"]}],"is_beta":false,"boss_relics":[{"not_picked":["Runic Pyramid","Philosopher\u0027s Stone"],"picked":"Calling Bell"},{"not_picked":["Busted Crown","SlaversCollar"],"picked":"Empty Cage"}],"items_purged_floors":[4,31,39],"is_endless":false,"potions_floor_spawned":[1,10,23,25,29,36,48],"killed_by":"Time Eater","ascension_level":14}}