{"host":"p8f0otjoacyb9giz","time":1612202732,"event":{"mods":["AchievementEnabler","BaseMod","Downfall","Minty Spire (QoL Compilation)","StSLib"],"gold_per_floor":[99,116,116,136,136,152,152,52,84,98,108,108,118,144,155,256,256,156,172,172,186,198,198,198,13,348,248,267,367,367,386,403,505,505,505,522,537,554,393,393,393,422,562,405,432,487,487,517,530,530,530,555,108,108,108,108],"floor_reached":57,"language":"ENG","playtime":3759,"items_purged":["downfall:Malfunctioning","sneckomod:Defend"],"score":1534,"play_id":"f8415544-85bf-440c-bb56-230fffe8b319","local_time":"20210201210532","is_ascension_mode":true,"campfire_choices":[{"data":"sneckomod:SnekBite","floor":1.0,"key":"SMITH"},{"data":"sneckomod:Nope","floor":8.0,"key":"SMITH"},{"floor":18.0,"key":"RECALL"},{"floor":27.0,"key":"REST"},{"floor":30.0,"key":"REST"},{"floor":35.0,"key":"REST"},{"floor":47.0,"key":"REST"},{"floor":54,"key":"REST"}],"circlet_count":0,"master_deck":["sneckomod:Strike+1","sneckomod:Defend","sneckomod:Defend","sneckomod:TailWhip+1","sneckomod:SnekBite+1","sneckomod:Unknown","sneckomod:Unknown+1","sneckomod:WideSting+1","sneckomod:Nope+1","sneckomod:PureSnecko+1","sneckomod:UnknownStrength","expansioncontent:AwakenDeath","sneckomod:ImprovisedAttack+1","sneckomod:SerpentMind","sneckomod:Nope+1","expansioncontent:Hexaburn"],"relics":["Runic Pyramid","downfall:HeartBlessingBlue","Singing Bowl","Ice Cream","Thread and Needle","Fusion Hammer","downfall:HeartBlessingGreen","Shuriken","Old Coin","downfall:HeartBlessingRed","FossilizedHelix","Mummified Hand","Runic Dome","DollysMirror","Art of War","Centennial Puzzle","Bronze Scales","Calipers","Bag of Preparation","Bag of Marbles","Whetstone","StoneCalendar"],"acts_visited":["Exordium","TheCity","TheBeyond","TheEnding"],"potions_floor_usage":[56,56,56],"damage_taken":[{"damage":0.0,"enemies":"Jaw Worm","floor":2.0,"turns":3.0},{"damage":0.0,"enemies":"Small Slimes","floor":4.0,"turns":3.0},{"damage":1.0,"enemies":"Cultist","floor":6.0,"turns":3.0},{"damage":14.0,"enemies":"Lagavulin","floor":9.0,"turns":6.0},{"damage":4.0,"enemies":"3 Louse","floor":10.0,"turns":3.0},{"damage":13.0,"enemies":"Blue Slaver","floor":11.0,"turns":3.0},{"damage":8.0,"enemies":"Large Slime","floor":13.0,"turns":5.0},{"damage":17.0,"enemies":"3 Sentries","floor":14.0,"turns":4.0},{"damage":0.0,"enemies":"2 Fungi Beasts","floor":15.0,"turns":3.0},{"damage":46.0,"enemies":"DF_ARCHETYPE_STREAMLINE","floor":16.0,"turns":8.0},{"damage":2.0,"enemies":"Chosen","floor":19.0,"turns":4.0},{"damage":6.0,"enemies":"Sentry and Sphere","floor":21.0,"turns":4.0},{"damage":14.0,"enemies":"Cultist and Chosen","floor":22.0,"turns":7.0},{"damage":0.0,"enemies":"downfall:FleeingMerchant","floor":25.0,"turns":4.0},{"damage":46.0,"enemies":"Slavers","floor":26.0,"turns":4.0},{"damage":20.0,"enemies":"Snake Plant","floor":28.0,"turns":5.0},{"damage":40.0,"enemies":"Colosseum Nobs","floor":29.0,"turns":5.0},{"damage":3.0,"enemies":"3 Cultists","floor":31.0,"turns":5.0},{"damage":0.0,"enemies":"Snecko","floor":32.0,"turns":3.0},{"damage":0.0,"enemies":"SI_MIRROR_ARCHETYPE","floor":33.0,"turns":4.0},{"damage":31.0,"enemies":"3 Darklings","floor":36.0,"turns":4.0},{"damage":0.0,"enemies":"3 Shapes","floor":37.0,"turns":4.0},{"damage":0.0,"enemies":"Transient","floor":38.0,"turns":5.0},{"damage":0.0,"enemies":"downfall:FleeingMerchant","floor":39.0,"turns":4.0},{"damage":0.0,"enemies":"Nemesis","floor":42.0,"turns":5.0},{"damage":0.0,"enemies":"downfall:FleeingMerchant","floor":43.0,"turns":1.0},{"damage":0.0,"enemies":"Giant Head","floor":45.0,"turns":3.0},{"damage":46.0,"enemies":"2 Orb Walkers","floor":46.0,"turns":4.0},{"damage":0.0,"enemies":"Nemesis","floor":48.0,"turns":3.0},{"damage":14.0,"enemies":"Writhing Mass","floor":49.0,"turns":4.0},{"damage":3.0,"enemies":"IC_BLOCK_ARCHETYPE","floor":50.0,"turns":6.0},{"damage":116,"enemies":"downfall:CharBossMerchant","floor":52,"turns":8},{"damage":0,"enemies":"downfall:NeowBoss","floor":55,"turns":8},{"damage":24,"enemies":"downfall:NeowBossFinal","floor":56,"turns":5}],"seed_played":"8500261026682455830","potions_obtained":[{"floor":4.0,"key":"FearPotion"},{"floor":13.0,"key":"LiquidMemories"},{"floor":14.0,"key":"DistilledChaos"},{"floor":16.0,"key":"Weak Potion"},{"floor":19.0,"key":"BlessingOfTheForge"},{"floor":23.0,"key":"CultistPotion"},{"floor":38.0,"key":"PowerPotion"},{"floor":49.0,"key":"PowerPotion"}],"is_trial":false,"path_per_floor":["R","M","?","M","?","M","T","R","E","M","M","?","M","E","M","B",null,"R","M","?","M","M","?","T","$","E","R","M","?","R","M","M","B",null,"R","M","M","M","$","?","T","E","$","?","E","?","R","E","M","B",null,"E","$","R","B","B",null],"character_chosen":"THE_SNECKO","items_purchased":["expansioncontent:AwakenDeath","DollysMirror","expansioncontent:Hexaburn","Bronze Scales","Whetstone","StoneCalendar"],"campfire_rested":5,"item_purchase_floors":[25,39,43,44,53,53],"current_hp_per_floor":[90,90,90,90,90,89,89,99,87,83,72,69,63,48,50,6,112,112,112,112,106,94,94,94,96,52,88,68,30,66,65,65,67,126,126,97,99,101,103,103,103,105,107,107,109,65,107,109,97,94,146,52,52,96,96,72],"gold":108,"neow_bonus":"BOSS_RELIC","is_daily":false,"chose_seed":false,"campfire_upgraded":2,"win_rate":0.0,"timestamp":1612202732,"path_taken":["R","M","?","M","?","?","T","R","E","M","M","?","M","E","M","BOSS","R","M","?","?","M","?","T","$","E","R","M","?","R","M","M","BOSS","R","M","M","M","$","?","T","E","$","?","E","?","R","E","M","BOSS","E","$","R","BOSS","BOSS"],"items_purchased_type":["Card","Relic","Card","Relic","Relic","Relic"],"build_version":"2020-12-22","purchased_purges":2,"victory":true,"max_hp_per_floor":[90,90,90,90,90,90,90,100,102,102,104,104,106,108,110,112,112,112,114,114,114,116,116,116,118,120,120,120,122,122,124,124,126,126,126,128,130,132,134,134,134,136,138,138,140,142,142,144,146,146,146,148,148,148,148,148],"card_choices":[{"not_picked":["sneckomod:SoulDraw","sneckomod:UnknownCommonAttack"],"picked":"sneckomod:WideSting","floor":2.0},{"not_picked":["sneckomod:UnknownCommonSkill","sneckomod:DiceBlock"],"picked":"sneckomod:Nope","floor":4.0},{"not_picked":["sneckomod:UnknownBlock","sneckomod:MasterEye","sneckomod:SnakeSap"],"picked":"SKIP","floor":6.0},{"not_picked":["sneckomod:Unknown1Cost","sneckomod:UnknownUncommonSkill","sneckomod:SoulCleanse"],"picked":"Singing Bowl","floor":9.0},{"not_picked":["sneckomod:SnekBeam","sneckomod:UnlimitedRolls"],"picked":"sneckomod:PureSnecko","floor":10.0},{"not_picked":["sneckomod:DefensiveFlair","sneckomod:UnknownWeak","sneckomod:IronFang"],"picked":"Singing Bowl","floor":11.0},{"not_picked":["sneckomod:RainOfDice","sneckomod:DiceCrush","sneckomod:Unknown1Cost"],"picked":"Singing Bowl","floor":13.0},{"not_picked":["sneckomod:QuickMove","sneckomod:UnknownCommonSkill","sneckomod:QuickBite"],"picked":"Singing Bowl","floor":14.0},{"not_picked":["sneckomod:Nope","sneckomod:UnknownDraw","sneckomod:SoulExchange"],"picked":"Singing Bowl","floor":15.0},{"not_picked":["sneckomod:UnlimitedRolls","sneckomod:GlitteringGambit","sneckomod:Restock"],"picked":"Singing Bowl","floor":16.0},{"not_picked":["sneckomod:Unknown0Cost","sneckomod:UnknownClassSLIMEBOUND","sneckomod:UnknownBlock"],"picked":"Singing Bowl","floor":19.0},{"not_picked":["sneckomod:SnekBeam","sneckomod:QuickBite"],"picked":"sneckomod:UnknownStrength","floor":21.0},{"not_picked":["sneckomod:UnknownStrike","sneckomod:DiceBlock","sneckomod:WideSting"],"picked":"Singing Bowl","floor":22.0},{"not_picked":["sneckomod:UnknownBlock","sneckomod:TrashToTreasure","sneckomod:UnknownClassPURPLE"],"picked":"Singing Bowl","floor":25.0},{"not_picked":["sneckomod:UnknownWeak","sneckomod:DiceBlock","sneckomod:UnknownDexterity"],"picked":"Singing Bowl","floor":26.0},{"not_picked":["sneckomod:Memorize","sneckomod:SlitherStrike"],"picked":"sneckomod:ImprovisedAttack","floor":28.0},{"not_picked":["sneckomod:Nope","sneckomod:SoulRoll","sneckomod:UnknownDraw+1"],"picked":"Singing Bowl","floor":29.0},{"not_picked":["sneckomod:QuickMove","sneckomod:UnknownCommonSkill+1","sneckomod:Unknown1Cost"],"picked":"Singing Bowl","floor":31.0},{"not_picked":["sneckomod:UnknownUncommonAttack+1","sneckomod:Nope"],"picked":"sneckomod:SerpentMind","floor":32.0},{"not_picked":["sneckomod:UnknownBoss","sneckomod:UnknownRareSkill","sneckomod:Mudshield"],"picked":"Singing Bowl","floor":33.0},{"not_picked":["sneckomod:UnknownCommonAttack","sneckomod:UnknownClassTHE_CHAMP_GRAY","sneckomod:Nope"],"picked":"Singing Bowl","floor":36.0},{"not_picked":["sneckomod:RainOfDice","sneckomod:UnknownBlock+1","sneckomod:UnknownColorless"],"picked":"Singing Bowl","floor":37.0},{"not_picked":["sneckomod:DiceCrush","sneckomod:QuickBite","sneckomod:UnknownCommonAttack+1"],"picked":"Singing Bowl","floor":38.0},{"not_picked":["sneckomod:SnakeSap","sneckomod:UnknownDexterity","sneckomod:WideSting+1"],"picked":"Singing Bowl","floor":39.0},{"not_picked":["sneckomod:Unknown2Cost","sneckomod:SnekBeam","sneckomod:UnknownColorless"],"picked":"Singing Bowl","floor":42.0},{"not_picked":["sneckomod:UnknownCommonSkill+1","sneckomod:UnknownClassSLIMEBOUND+1","sneckomod:Nope"],"picked":"Singing Bowl","floor":43.0},{"not_picked":["sneckomod:Rotation","sneckomod:QuickMove+1","sneckomod:Memorize+1"],"picked":"Singing Bowl","floor":45.0},{"not_picked":["sneckomod:IronFang+1","sneckomod:Unknown0Cost","sneckomod:UnknownUncommonSkill"],"picked":"Singing Bowl","floor":46.0},{"not_picked":["sneckomod:MixItUp+1","sneckomod:DiceBoulder+1","sneckomod:Unknown0Cost"],"picked":"Singing Bowl","floor":48.0},{"not_picked":["sneckomod:QuickBite+1","sneckomod:SoulRoll+1","sneckomod:UnknownRareSkill"],"picked":"Singing Bowl","floor":49.0},{"not_picked":["sneckomod:UnknownCommonSkill+1","sneckomod:UnknownCommonAttack","sneckomod:QuickBite+1"],"picked":"Singing Bowl","floor":52}],"player_experience":432381,"relics_obtained":[{"floor":9.0,"key":"Singing Bowl"},{"floor":14.0,"key":"Thread and Needle"},{"floor":24.0,"key":"Shuriken"},{"floor":26.0,"key":"Old Coin"},{"floor":29.0,"key":"FossilizedHelix"},{"floor":29.0,"key":"Mummified Hand"},{"floor":41.0,"key":"Art of War"},{"floor":42.0,"key":"Centennial Puzzle"},{"floor":46.0,"key":"Calipers"},{"floor":48.0,"key":"Bag of Preparation"},{"floor":52,"key":"Bag of Marbles"}],"event_choices":[{"cards_removed":["sneckomod:Strike"],"damage_healed":0.0,"max_hp_gain":0.0,"max_hp_loss":0.0,"gold_gain":0.0,"event_name":"The Cleric","player_choice":"Card Removal","floor":3.0,"gold_loss":0.0,"damage_taken":0.0},{"damage_healed":0.0,"max_hp_gain":0.0,"max_hp_loss":0.0,"gold_gain":0.0,"event_name":"Scrap Ooze","player_choice":"Success","floor":12.0,"gold_loss":0.0,"damage_taken":3.0,"relics_obtained":["Ice Cream"]},{"damage_healed":0.0,"max_hp_gain":0.0,"max_hp_loss":0.0,"gold_gain":0.0,"event_name":"Accursed Blacksmith","player_choice":"Forge","floor":20.0,"gold_loss":0.0,"damage_taken":0.0,"cards_upgraded":["sneckomod:PureSnecko"]},{"cards_removed":["sneckomod:Strike"],"damage_healed":0.0,"max_hp_gain":0.0,"max_hp_loss":0.0,"gold_gain":0.0,"event_name":"Falling","player_choice":"Removed Attack","floor":40.0,"gold_loss":0.0,"damage_taken":0.0},{"damage_healed":0.0,"max_hp_gain":0.0,"max_hp_loss":0.0,"gold_gain":0.0,"event_name":"Mysterious Sphere","player_choice":"Fight","floor":46.0,"gold_loss":0.0,"damage_taken":0.0}],"is_beta":false,"boss_relics":[{"not_picked":["expansioncontent:StudyCardRelic","Black Star"],"picked":"Fusion Hammer"},{"not_picked":["Cursed Key","Coffee Dripper"],"picked":"Runic Dome"}],"items_purged_floors":[25,43],"is_endless":false,"potions_floor_spawned":[4,13,14,15,16,19,28,29,31,33,38,45,48,49],"ascension_level":2}}