{"host":"7jl348xfsxr8glry","time":1612178165,"event":{"mods":["AchievementEnabler","BaseMod","Colored Map","Minty Spire (QoL Compilation)","Random Character Button","Unceasing Turn Reminder"],"gold_per_floor":[109,122,140,90,90,90,117,132,210,210,229,229,229,248,248,367,367,367,357,357,357],"floor_reached":20,"language":"ENG","playtime":3418,"items_purged":[],"score":202,"play_id":"03043187-cb30-4f44-b0ef-071c70238014","local_time":"20210201221605","is_ascension_mode":true,"campfire_choices":[{"data":"Clothesline","floor":6,"key":"SMITH"},{"floor":12,"key":"REST"},{"floor":15,"key":"REST"}],"circlet_count":0,"master_deck":["Strike_R","Strike_R","Strike_R","Strike_R","Defend_R","Defend_R","Defend_R","Defend_R","Bash","Clothesline+1","Pommel Strike","Spot Weakness","Demon Form","Heavy Blade","Armaments","Flex"],"relics":["Burning Blood","NeowsBlessing","The Courier","Blue Candle","Golden Idol"],"acts_visited":["Exordium","TheCity"],"potions_floor_usage":[14,16,18,20],"damage_taken":[{"damage":0,"enemies":"Cultist","floor":1,"turns":1},{"damage":0,"enemies":"Jaw Worm","floor":2,"turns":1},{"damage":0,"enemies":"Small Slimes","floor":3,"turns":1},{"damage":33,"enemies":"Lagavulin","floor":7,"turns":8},{"damage":11,"enemies":"3 Louse","floor":8,"turns":3},{"damage":17,"enemies":"2 Fungi Beasts","floor":11,"turns":3},{"damage":34,"enemies":"Exordium Thugs","floor":14,"turns":5},{"damage":37,"enemies":"The Guardian","floor":16,"turns":10},{"damage":0,"enemies":"3 Byrds","floor":18,"turns":1},{"damage":34,"enemies":"2 Thieves","floor":19,"turns":4},{"damage":52,"enemies":"3 Cultists","floor":20,"turns":4}],"seed_played":"8144778181924625165","potions_obtained":[{"floor":1,"key":"SmokeBomb"},{"floor":8,"key":"SteroidPotion"},{"floor":11,"key":"Explosive Potion"},{"floor":16,"key":"ColorlessPotion"}],"is_trial":false,"path_per_floor":["M","M","M","?","T","R","E","M","T","?","M","R","?","M","R","B",null,"M","M","M"],"character_chosen":"IRONCLAD","items_purchased":[],"campfire_rested":2,"item_purchase_floors":[],"current_hp_per_floor":[80,80,80,80,80,80,53,48,48,48,37,61,54,26,50,19,80,80,52,0,0],"gold":357,"neow_bonus":"THREE_ENEMY_KILL","is_daily":false,"chose_seed":false,"campfire_upgraded":1,"win_rate":0.0,"timestamp":1612178165,"path_taken":["M","?","M","?","?","R","E","M","T","?","M","R","?","M","R","BOSS","M","M","M"],"items_purchased_type":[],"build_version":"2020-12-22","purchased_purges":0,"victory":false,"max_hp_per_floor":[80,80,80,80,80,80,80,80,80,80,80,80,80,80,80,80,80,80,80,80,80],"card_choices":[{"not_picked":["Reckless Charge","Pummel"],"picked":"Clothesline","floor":1},{"not_picked":["Whirlwind","Reckless Charge"],"picked":"Pommel Strike","floor":2},{"not_picked":["Sword Boomerang","Body Slam","Flame Barrier"],"picked":"SKIP","floor":3},{"not_picked":["Whirlwind","Iron Wave"],"picked":"Spot Weakness","floor":7},{"not_picked":["Havoc","Warcry"],"picked":"Demon Form","floor":8},{"not_picked":["Infernal Blade","Battle Trance"],"picked":"Heavy Blade","floor":11},{"not_picked":["Uppercut","Dropkick"],"picked":"Armaments","floor":14},{"not_picked":["Rage","Bloodletting"],"picked":"Flex","floor":19}],"player_experience":206399,"relics_obtained":[{"floor":5,"key":"The Courier"},{"floor":7,"key":"Blue Candle"}],"event_choices":[{"cards_removed":["Strike_R"],"damage_healed":0,"gold_gain":0,"player_choice":"Card Removal","damage_taken":0,"max_hp_gain":0,"max_hp_loss":0,"event_name":"The Cleric","floor":4,"gold_loss":50},{"damage_healed":0,"gold_gain":0,"player_choice":"Take Wound","damage_taken":0,"relics_obtained":["Golden Idol"],"max_hp_gain":0,"max_hp_loss":0,"event_name":"Golden Idol","floor":10,"gold_loss":0,"cards_obtained":["Injury"]},{"cards_removed":["Injury"],"damage_healed":0,"gold_gain":0,"player_choice":"Card Removal","damage_taken":7,"max_hp_gain":0,"max_hp_loss":0,"event_name":"Golden Wing","floor":13,"gold_loss":0}],"is_beta":false,"boss_relics":[{"not_picked":["Fusion Hammer","Snecko Eye","Runic Pyramid"]}],"items_purged_floors":[],"is_endless":false,"potions_floor_spawned":[1,8,11,16],"killed_by":"3 Cultists","ascension_level":3}}