{"host":"mnpd8gh7cwxsn5kh","time":1612199402,"event":{"mods":["BaseMod","Bestiary","Block Reminder","Colored Map","Colored Powertips","Highlight Path","Minty Spire (QoL Compilation)","Relic Sorter","Relic Stats"],"gold_per_floor":[359,0,16,26,36,62,62,88,135,145,173,173,138,151,151,249,249,232,147,161,239,311,345,345,365,389,427,439,469,505,353,353,450,450,468,468,485,231,231,258,336,336,336],"floor_reached":42,"language":"ENG","playtime":6803,"items_purged":["Strike_G","Strike_G"],"score":746,"play_id":"a722352a-560f-4e8e-82da-29969f1c8780","local_time":"20210201181002","is_ascension_mode":true,"campfire_choices":[{"floor":7,"key":"REST"},{"data":"Caltrops","floor":15,"key":"SMITH"},{"data":"Dodge and Roll","floor":28,"key":"SMITH"},{"data":"Leg Sweep","floor":32,"key":"SMITH"}],"circlet_count":0,"master_deck":["Strike_G","Strike_G","Defend_G","Defend_G","Defend_G","Defend_G","Survivor","Neutralize","Caltrops+1","Skewer","Poisoned Stab","Cloak And Dagger","Leg Sweep+1","Flying Knee","Quick Slash","PiercingWail","Prepared","Dodge and Roll+1","PiercingWail","Adrenaline","Leg Sweep","Well Laid Plans","Noxious Fumes","Predator","Bouncing Flask"],"relics":["Ring of the Snake","Membership Card","Toy Ornithopter","Potion Belt","Bronze Scales","Sundial","Tiny Chest","Bag of Marbles","Busted Crown","Boot","Gremlin Horn","InkBottle","FossilizedHelix","MawBank","Bag of Preparation","Strawberry","Frozen Eye","Empty Cage","Sling","Nunchaku","Anchor","Pantograph"],"acts_visited":["Exordium","TheCity","TheBeyond"],"potions_floor_usage":[8,8,10,11,23,27,33,33,33,37,37,42,42,42,42,42],"damage_taken":[{"damage":0,"enemies":"Cultist","floor":1,"turns":6},{"damage":3,"enemies":"2 Louse","floor":3,"turns":3},{"damage":0,"enemies":"Small Slimes","floor":4,"turns":3},{"damage":1,"enemies":"Exordium Wildlife","floor":5,"turns":7},{"damage":28,"enemies":"3 Sentries","floor":6,"turns":10},{"damage":17,"enemies":"Gremlin Nob","floor":8,"turns":4},{"damage":5,"enemies":"Blue Slaver","floor":10,"turns":3},{"damage":26,"enemies":"3 Sentries","floor":11,"turns":10},{"damage":0,"enemies":"Looter","floor":14,"turns":3},{"damage":0,"enemies":"Hexaghost","floor":16,"turns":9},{"damage":5,"enemies":"2 Thieves","floor":18,"turns":4},{"damage":2,"enemies":"Shell Parasite","floor":20,"turns":5},{"damage":28,"enemies":"Slavers","floor":23,"turns":5},{"damage":7,"enemies":"Centurion and Healer","floor":25,"turns":12},{"damage":6,"enemies":"Book of Stabbing","floor":27,"turns":5},{"damage":0,"enemies":"Snecko","floor":29,"turns":4},{"damage":64,"enemies":"Collector","floor":33,"turns":19},{"damage":27,"enemies":"3 Darklings","floor":35,"turns":6},{"damage":0,"enemies":"Orb Walker","floor":37,"turns":5},{"damage":21,"enemies":"Reptomancer","floor":40,"turns":9},{"damage":62,"enemies":"Giant Head","floor":42,"turns":9}],"seed_played":"5758063511596469964","potions_obtained":[{"floor":1,"key":"FearPotion"},{"floor":6,"key":"AttackPotion"},{"floor":8,"key":"SkillPotion"},{"floor":11,"key":"Fruit Juice"},{"floor":14,"key":"Fruit Juice"},{"floor":18,"key":"SkillPotion"},{"floor":23,"key":"SpeedPotion"},{"floor":29,"key":"FairyPotion"},{"floor":35,"key":"EntropicBrew"},{"floor":40,"key":"Poison Potion"}],"is_trial":false,"path_per_floor":["M","$","M","M","M","E","R","E","T","M","E","?","?","M","R","B",null,"M","?","M","T","T","E","?","M","T","E","R","M","T","$","R","B",null,"M","?","M","$","?","E","T","E"],"character_chosen":"THE_SILENT","items_purchased":["Membership Card","Toy Ornithopter","Potion Belt","Skewer","Poisoned Stab","Frozen Eye","PowerPotion","Swift Potion","Noxious Fumes","Sling","Nunchaku","Predator"],"campfire_rested":1,"item_purchase_floors":[2,2,2,2,2,31,31,31,38,38,38,38],"current_hp_per_floor":[45,45,42,42,41,13,34,27,27,27,11,36,54,54,54,54,70,65,65,63,63,63,40,40,33,33,37,37,37,44,44,44,26,72,45,45,55,55,55,34,34,0,0],"gold":336,"neow_bonus":"TWO_FIFTY_GOLD","is_daily":false,"chose_seed":false,"campfire_upgraded":3,"win_rate":0.0,"timestamp":1612199402,"path_taken":["M","$","M","?","M","E","R","E","T","M","E","?","?","M","R","BOSS","M","?","M","?","?","E","?","?","T","E","R","M","?","?","R","BOSS","M","?","M","$","?","E","?","E"],"items_purchased_type":["Relic","Relic","Relic","Card","Card","Relic","Potion","Potion","Card","Relic","Relic","Card"],"build_version":"2020-12-22","purchased_purges":2,"victory":false,"max_hp_per_floor":[70,70,70,70,70,70,70,70,70,70,75,75,75,75,75,75,75,75,75,75,75,75,75,75,75,75,80,80,80,87,87,87,87,87,87,83,83,83,83,83,83,83,83],"relic_stats":{"Gremlin Horn":[14,14],"counters":[21,141],"Bag of Preparation":[12],"Boot":[49],"MawBank":60,"Nunchaku":[4],"Busted Crown":20,"Sundial":[18],"Bronze Scales":[344],"Pantograph":0,"Tiny Chest":3,"obtain_stats":[{"Potion Belt":2,"Gremlin Horn":21,"Bag of Preparation":27,"Boot":19,"MawBank":26,"Empty Cage":34,"Sling":38,"Frozen Eye":31,"Nunchaku":38,"Anchor":40,"Busted Crown":17,"Sundial":8,"Bronze Scales":6,"Strawberry":30,"Pantograph":41,"Tiny Chest":9,"Bag of Marbles":11,"Membership Card":2,"Toy Ornithopter":2,"InkBottle":22,"FossilizedHelix":23,"Ring of the Snake":0},{"Potion Belt":1,"Gremlin Horn":12,"Bag of Preparation":15,"Boot":11,"MawBank":14,"Empty Cage":17,"Sling":19,"Frozen Eye":16,"Nunchaku":19,"Anchor":20,"Busted Crown":10,"Sundial":6,"Bronze Scales":5,"Strawberry":16,"Pantograph":20,"Tiny Chest":6,"Bag of Marbles":8,"Membership Card":1,"Toy Ornithopter":1,"InkBottle":12,"FossilizedHelix":13,"Ring of the Snake":0},{"Potion Belt":6,"Gremlin Horn":67,"Bag of Preparation":89,"Boot":62,"MawBank":84,"Empty Cage":112,"Sling":123,"Frozen Eye":93,"Nunchaku":123,"Anchor":132,"Busted Crown":58,"Sundial":33,"Bronze Scales":29,"Strawberry":93,"Pantograph":132,"Tiny Chest":33,"Bag of Marbles":46,"Membership Card":6,"Toy Ornithopter":6,"InkBottle":67,"FossilizedHelix":72,"Ring of the Snake":0}],"Toy Ornithopter":80,"InkBottle":[30],"Ring of the Snake":[42]},"card_choices":[{"not_picked":["Prepared","Calculated Gamble"],"picked":"Caltrops","floor":1},{"not_picked":["Backflip","Eviscerate"],"picked":"Cloak And Dagger","floor":3},{"not_picked":["Envenom","Distraction"],"picked":"Leg Sweep","floor":4},{"not_picked":["Acrobatics","Bouncing Flask"],"picked":"Flying Knee","floor":5},{"not_picked":["Prepared","Flechettes"],"picked":"Quick Slash","floor":6},{"not_picked":["Dodge and Roll","Underhanded Strike"],"picked":"PiercingWail","floor":8},{"not_picked":["Caltrops","Bullet Time"],"picked":"Prepared","floor":10},{"not_picked":["Dagger Spray","Predator"],"picked":"Dodge and Roll","floor":11},{"not_picked":["Dodge and Roll","Flying Knee"],"picked":"PiercingWail","floor":14},{"not_picked":["After Image","A Thousand Cuts"],"picked":"Adrenaline","floor":16},{"not_picked":["Dagger Spray"],"picked":"SKIP","floor":18},{"not_picked":[],"picked":"Leg Sweep","floor":20},{"not_picked":["Quick Slash"],"picked":"SKIP","floor":23},{"not_picked":["Accuracy"],"picked":"SKIP","floor":25},{"not_picked":["Deflect"],"picked":"SKIP","floor":27},{"not_picked":[],"picked":"Well Laid Plans","floor":29},{"not_picked":["Quick Slash"],"picked":"SKIP","floor":35},{"not_picked":["Prepared"],"picked":"SKIP","floor":37},{"not_picked":[],"picked":"Bouncing Flask","floor":40}],"player_experience":238459,"relics_obtained":[{"floor":6,"key":"Bronze Scales"},{"floor":8,"key":"Sundial"},{"floor":9,"key":"Tiny Chest"},{"floor":11,"key":"Bag of Marbles"},{"floor":21,"key":"Gremlin Horn"},{"floor":22,"key":"InkBottle"},{"floor":23,"key":"FossilizedHelix"},{"floor":26,"key":"MawBank"},{"floor":27,"key":"Bag of Preparation"},{"floor":30,"key":"Strawberry"},{"floor":40,"key":"Anchor"},{"floor":41,"key":"Pantograph"}],"event_choices":[{"damage_healed":25,"gold_gain":0,"player_choice":"Banana","damage_taken":0,"max_hp_gain":0,"max_hp_loss":0,"event_name":"Big Fish","floor":12,"gold_loss":0},{"damage_healed":18,"gold_gain":0,"player_choice":"Healed","damage_taken":0,"max_hp_gain":0,"max_hp_loss":0,"event_name":"The Cleric","floor":13,"gold_loss":35},{"damage_healed":0,"gold_gain":0,"player_choice":"Obtained Relic","damage_taken":0,"relics_obtained":["Boot"],"max_hp_gain":0,"max_hp_loss":0,"event_name":"Addict","floor":19,"gold_loss":85},{"damage_healed":0,"gold_gain":0,"player_choice":"Ignored","damage_taken":0,"max_hp_gain":0,"max_hp_loss":0,"event_name":"Beggar","floor":24,"gold_loss":0},{"damage_healed":0,"gold_gain":0,"player_choice":"Max HP","damage_taken":0,"max_hp_gain":0,"max_hp_loss":4,"event_name":"Winding Halls","floor":36,"gold_loss":0},{"damage_healed":0,"gold_gain":0,"player_choice":"Ignored","damage_taken":0,"max_hp_gain":0,"max_hp_loss":0,"event_name":"Tomb of Lord Red Mask","floor":39,"gold_loss":0}],"is_beta":false,"boss_relics":[{"not_picked":["HoveringKite","SlaversCollar"],"picked":"Busted Crown"},{"not_picked":["Calling Bell","Sozu"],"picked":"Empty Cage"}],"items_purged_floors":[31,38],"is_endless":false,"potions_floor_spawned":[1,6,8,11,14,18,23,29,35,40],"killed_by":"Giant Head","ascension_level":7}}