{"host":"99l0i25nwwr6z99u","time":1612145375,"event":{"mods":["Act Like it!","BaseMod","Colored Map","Colored Powertips","Downfall","Googly Eyes","Minty Spire (QoL Compilation)","Quick Restart","StSLib"],"gold_per_floor":[99,115,129,129,229,229,255,274,274,306,306,323,336,50,60,60,60,60],"floor_reached":16,"language":"ENG","playtime":534,"items_purged":["bronze:Strike"],"score":112,"play_id":"e744f3a8-4a1d-4b41-b9d9-07dc9acd28ce","local_time":"20210131210935","is_ascension_mode":true,"campfire_choices":[{"data":"bronze:Replicate","floor":1,"key":"SMITH"},{"floor":6,"key":"REST"},{"data":"bronze:AlphaBuild","floor":11,"key":"SMITH"}],"circlet_count":0,"master_deck":["bronze:Strike","bronze:Defend","bronze:Defend","bronze:Defend","bronze:Defend","bronze:Replicate+1","bronze:Goto","bronze:WildBeam","bronze:Iterate+1","bronze:Invalidate","bronze:WhirlingStrike","bronze:AlphaBuild+1","bronze:CutThrough","bronze:Constructor","bronze:HardenedForm","bronze:BuggyMess","bronze:OilSpill"],"relics":["bronze:BronzeCore","Singing Bowl","Anchor","Vajra"],"acts_visited":["Exordium"],"potions_floor_usage":[16,16,16,16,16],"damage_taken":[{"damage":0,"enemies":"2 Louse","floor":2,"turns":4},{"damage":2,"enemies":"Jaw Worm","floor":3,"turns":2},{"damage":47,"enemies":"downfall:Heads","floor":5,"turns":5},{"damage":0,"enemies":"Cultist","floor":8,"turns":2},{"damage":15,"enemies":"Gremlin Nob","floor":10,"turns":4},{"damage":0,"enemies":"2 Fungi Beasts","floor":12,"turns":1},{"damage":0,"enemies":"Exordium Wildlife","floor":13,"turns":1},{"damage":0,"enemies":"downfall:FleeingMerchant","floor":14,"turns":4},{"damage":0,"enemies":"2 Fungi Beasts","floor":15,"turns":2},{"damage":64,"enemies":"DF_ARCHETYPE_STREAMLINE","floor":16,"turns":9}],"seed_played":"-8892107435565282611","potions_obtained":[{"floor":5,"key":"BlessingOfTheForge"},{"floor":8,"key":"SteroidPotion"},{"floor":12,"key":"LiquidMemories"},{"floor":15,"key":"EntropicBrew"}],"is_trial":false,"path_per_floor":["R","M","M","?","?","R","T","M","?","E","R","M","M","$","M","B"],"character_chosen":"THE_AUTOMATON","items_purchased":["bronze:HardenedForm","bronze:BuggyMess"],"campfire_rested":1,"item_purchase_floors":[14,14],"current_hp_per_floor":[77,77,75,68,21,44,44,44,69,54,54,56,58,58,58,0,0,0],"gold":60,"neow_bonus":"TEN_PERCENT_HP_BONUS","is_daily":false,"chose_seed":false,"campfire_upgraded":2,"win_rate":0.0,"timestamp":1612145375,"path_taken":["R","M","M","?","?","R","T","M","?","E","R","M","M","$","M","BOSS"],"items_purchased_type":["Card","Card"],"build_version":"2020-12-22","purchased_purges":1,"victory":false,"max_hp_per_floor":[77,77,77,77,77,77,77,77,77,77,77,79,81,81,81,81,81,81],"card_choices":[{"not_picked":["bronze:ChosenStrike","bronze:ChildClass"],"picked":"bronze:WildBeam","floor":2},{"not_picked":["bronze:BugBarrage","bronze:Repair"],"picked":"bronze:Iterate","floor":3},{"not_picked":["bronze:NullPointer","bronze:Constructor"],"picked":"bronze:WhirlingStrike","floor":5},{"not_picked":["bronze:BuggyMess","bronze:WhirlingStrike"],"picked":"bronze:AlphaBuild","floor":8},{"not_picked":["bronze:Turbo","bronze:DelayedSlice"],"picked":"bronze:CutThrough","floor":10},{"not_picked":["bronze:DelayedSlice","bronze:WhirlingStrike","bronze:Shell"],"picked":"Singing Bowl","floor":12},{"not_picked":["bronze:NullPointer","bronze:WhirlingStrike","bronze:WildBeam"],"picked":"Singing Bowl","floor":13},{"not_picked":["bronze:ChosenStrike","bronze:WildBeam"],"picked":"bronze:Constructor","floor":14},{"not_picked":["bronze:Turbo","bronze:Iterate"],"picked":"bronze:OilSpill","floor":15}],"player_experience":968437,"relics_obtained":[{"floor":7,"key":"Anchor"},{"floor":10,"key":"Vajra"}],"event_choices":[{"damage_healed":0,"gold_gain":0,"player_choice":"Success","damage_taken":7,"relics_obtained":["Singing Bowl"],"max_hp_gain":0,"max_hp_loss":0,"event_name":"Scrap Ooze","floor":4,"gold_loss":0},{"damage_healed":25,"gold_gain":0,"player_choice":"Banana","damage_taken":0,"max_hp_gain":0,"max_hp_loss":0,"event_name":"Big Fish","floor":9,"gold_loss":0}],"is_beta":false,"boss_relics":[],"items_purged_floors":[14],"is_endless":false,"potions_floor_spawned":[5,8,12,15],"killed_by":"DF_ARCHETYPE_STREAMLINE","ascension_level":2}}