{"host":"rtczl7o4e2em2rmi","time":1612167329,"event":{"mods":["AchievementEnabler","BaseMod","Bestiary","Custom Start","Minty Spire (QoL Compilation)","Permanent Neow","Relic Filter","Relic Stats","StSLib"],"gold_per_floor":[113,113,127,127,127,161,173,190,190,190,208,32,32,51,51,147,147,165,178,189,202,48,81,93,93,93,121,121,133,146,73,73,73,73],"floor_reached":33,"language":"ZHS","playtime":9818,"items_purged":[],"score":537,"play_id":"fd58499d-fba0-49bd-8b76-c93cba88089d","local_time":"20210201031529","is_ascension_mode":true,"campfire_choices":[{"data":"Streamline","floor":10.0,"key":"SMITH"},{"data":"Dualcast","floor":13.0,"key":"SMITH"},{"data":"White Noise","floor":15.0,"key":"SMITH"},{"floor":25.0,"key":"REST"},{"floor":28.0,"key":"REST"},{"data":"Fission","floor":32.0,"key":"SMITH"}],"circlet_count":0,"master_deck":["AscendersBane","Strike_B","Strike_B","Strike_B","Strike_B","Defend_B","Defend_B","Defend_B","Defend_B","Zap+1","Dualcast+1","Discovery","Streamline+1","Coolheaded","Blizzard","White Noise+1","Sweeping Beam","Auto Shields","Conserve Battery","Ball Lightning","Fission+1","Turbo+1","Tempest","Steam+1","Capacitor","Aggregate","Buffer","Recycle","Fusion+1","Double Energy","Barrage+1","Cold Snap+1","Seek","Genetic Algorithm","Sweeping Beam","Self Repair"],"relics":["Cracked Core","TungstenRod","DataDisk","Gambling Chip","Emotion Chip","SacredBark","Orrery","Meat on the Bone","Turnip","Lantern"],"acts_visited":["Exordium","TheCity"],"potions_floor_usage":[],"damage_taken":[{"damage":1.0,"enemies":"Cultist","floor":1.0,"turns":3.0},{"damage":3.0,"enemies":"Small Slimes","floor":3.0,"turns":3.0},{"damage":14.0,"enemies":"Lagavulin","floor":6.0,"turns":7.0},{"damage":5.0,"enemies":"2 Louse","floor":7.0,"turns":2.0},{"damage":0.0,"enemies":"Lots of Slimes","floor":8.0,"turns":1.0},{"damage":0.0,"enemies":"3 Louse","floor":11.0,"turns":2.0},{"damage":0.0,"enemies":"Large Slime","floor":14.0,"turns":3.0},{"damage":0.0,"enemies":"Slime Boss","floor":16.0,"turns":7.0},{"damage":7.0,"enemies":"Shell Parasite","floor":18.0,"turns":2.0},{"damage":4.0,"enemies":"3 Byrds","floor":19.0,"turns":5.0},{"damage":4.0,"enemies":"Cultist and Chosen","floor":20.0,"turns":2.0},{"damage":4.0,"enemies":"Snake Plant","floor":21.0,"turns":3.0},{"damage":37.0,"enemies":"Gremlin Leader","floor":23.0,"turns":8.0},{"damage":35.0,"enemies":"Shelled Parasite and Fungi","floor":24.0,"turns":8.0},{"damage":38.0,"enemies":"Slavers","floor":27.0,"turns":8.0},{"damage":9.0,"enemies":"3 Cultists","floor":29.0,"turns":5.0},{"damage":22.0,"enemies":"Snake Plant","floor":30.0,"turns":4.0},{"damage":58,"enemies":"Collector","floor":33,"turns":7}],"seed_played":"-4425223062670889665","potions_obtained":[{"floor":3.0,"key":"Swift Potion"},{"floor":6.0,"key":"ColorlessPotion"},{"floor":8.0,"key":"Block Potion"},{"floor":14.0,"key":"Explosive Potion"},{"floor":20.0,"key":"Weak Potion"},{"floor":23.0,"key":"FairyPotion"},{"floor":24.0,"key":"GamblersBrew"}],"is_trial":false,"path_per_floor":["M","T","M","?","?","E","M","M","T","R","M","$","R","M","R","B",null,"M","M","M","M","$","E","M","R","T","E","R","M","M","$","R","B"],"character_chosen":"DEFECT","items_purchased":["Emotion Chip","Conserve Battery","Orrery","Self Repair"],"campfire_rested":2,"item_purchase_floors":[12,12,22,31],"current_hp_per_floor":[67,67,64,69,69,55,50,50,50,50,50,50,50,50,50,50,73,66,62,58,54,54,17,49,73,73,47,71,62,52,52,52,0,0],"gold":73,"neow_bonus":"RANDOM_COLORLESS","is_daily":false,"chose_seed":false,"campfire_upgraded":4,"win_rate":0.0,"timestamp":1612167329,"path_taken":["M","?","?","?","?","E","M","M","T","R","M","$","R","M","R","BOSS","M","M","M","?","$","E","M","R","T","E","R","M","M","$","R","BOSS"],"items_purchased_type":["Relic","Card","Relic","Card"],"build_version":"2020-12-22","purchased_purges":0,"victory":false,"max_hp_per_floor":[75,75,75,80,80,80,80,80,80,80,80,80,80,80,80,80,80,80,80,80,80,80,80,80,80,80,80,80,80,80,80,80,80,80],"relic_stats":{"Emotion Chip":[56,38,12,0,6],"counters":[18,80],"Gambling Chip":[30],"Turnip":[5],"obtain_stats":[{"DataDisk":6,"Emotion Chip":12,"Lantern":27,"Gambling Chip":9,"SacredBark":17,"Orrery":22,"Turnip":26,"Cracked Core":0,"TungstenRod":2,"Meat on the Bone":23},{"DataDisk":3,"Emotion Chip":6,"Lantern":15,"Gambling Chip":5,"SacredBark":8,"Orrery":12,"Turnip":14,"Cracked Core":0,"TungstenRod":1,"Meat on the Bone":13},{"DataDisk":13,"Emotion Chip":18,"Lantern":64,"Gambling Chip":16,"SacredBark":28,"Orrery":40,"Turnip":56,"Cracked Core":0,"TungstenRod":3,"Meat on the Bone":48}],"TungstenRod":53,"Meat on the Bone":36},"card_choices":[{"not_picked":["Madness","Good Instincts"],"picked":"Discovery","floor":0.0},{"not_picked":["Coolheaded","Skim"],"picked":"Streamline","floor":1.0},{"not_picked":["Beam Cell","Recycle"],"picked":"Coolheaded","floor":3.0},{"not_picked":["Reprogram","Amplify"],"picked":"Blizzard","floor":6.0},{"not_picked":["Sweeping Beam","Reinforced Body"],"picked":"White Noise","floor":7.0},{"not_picked":["Streamline","Compile Driver"],"picked":"Sweeping Beam","floor":8.0},{"not_picked":["Hologram","Reboot"],"picked":"Auto Shields","floor":11.0},{"not_picked":["Streamline","Force Field"],"picked":"Ball Lightning","floor":14.0},{"not_picked":["Machine Learning","Hyperbeam"],"picked":"Fission","floor":16.0},{"not_picked":["White Noise","Stack+1"],"picked":"Turbo+1","floor":18.0},{"not_picked":["Streamline","Compile Driver+1"],"picked":"Tempest","floor":19.0},{"not_picked":["Go for the Eyes","Turbo+1"],"picked":"Steam+1","floor":20.0},{"not_picked":["Rebound","Beam Cell+1"],"picked":"Capacitor","floor":21.0},{"not_picked":["Ball Lightning","Rebound+1"],"picked":"Aggregate","floor":22.0},{"not_picked":["Gash","Genetic Algorithm"],"picked":"Buffer","floor":22.0},{"not_picked":["Redo","Darkness"],"picked":"Recycle","floor":22.0},{"not_picked":["Leap","Stack+1"],"picked":"Fusion+1","floor":22.0},{"not_picked":["Scrape","Steam Power"],"picked":"Double Energy","floor":22.0},{"not_picked":["Redo+1","Rebound"],"picked":"Barrage+1","floor":23.0},{"not_picked":["Redo","Static Discharge"],"picked":"Cold Snap+1","floor":24.0},{"not_picked":["White Noise","Steam"],"picked":"Seek","floor":27.0},{"not_picked":["Beam Cell","Go for the Eyes"],"picked":"Genetic Algorithm","floor":29.0},{"not_picked":["Rip and Tear","Turbo"],"picked":"Sweeping Beam","floor":30.0}],"player_experience":505885,"relics_obtained":[{"floor":2.0,"key":"TungstenRod"},{"floor":6.0,"key":"DataDisk"},{"floor":9.0,"key":"Gambling Chip"},{"floor":23.0,"key":"Meat on the Bone"},{"floor":26.0,"key":"Turnip"},{"floor":27.0,"key":"Lantern"}],"event_choices":[{"damage_healed":0.0,"max_hp_gain":5.0,"max_hp_loss":0.0,"gold_gain":0.0,"event_name":"Big Fish","player_choice":"Donut","floor":4.0,"gold_loss":0.0,"damage_taken":0.0},{"damage_healed":0.0,"max_hp_gain":0.0,"max_hp_loss":0.0,"gold_gain":0.0,"event_name":"Upgrade Shrine","player_choice":"Upgraded","floor":5.0,"gold_loss":0.0,"damage_taken":0.0,"cards_upgraded":["Zap"]}],"is_beta":false,"boss_relics":[{"not_picked":["Astrolabe","Coffee Dripper"],"picked":"SacredBark"}],"items_purged_floors":[],"is_endless":false,"potions_floor_spawned":[3,6,8,14,20,21,23,24],"killed_by":"Collector","ascension_level":10}}