{"host":"5x08nt64u3vxxcfi","time":1612166691,"event":{"mods":["BaseMod","Minty Spire (QoL Compilation)","StSLib","SuperFastMode"],"gold_per_floor":[111,130,145,118,134,166,13,26,26,26,26,41,72,85,85,85,85],"floor_reached":16,"language":"KOR","playtime":365,"items_purged":[],"score":143,"play_id":"36ab3c4f-d38a-4d49-9610-462beb9bb08e","local_time":"20210201170451","is_ascension_mode":true,"campfire_choices":[{"data":"Feel No Pain","floor":11,"key":"SMITH"},{"data":"Pommel Strike","floor":15,"key":"SMITH"}],"circlet_count":0,"master_deck":["Strike_R","Strike_R","Strike_R","Strike_R","Strike_R","Defend_R","Defend_R","Defend_R","Defend_R","Bash","Heavy Blade","Pommel Strike+1","Shrug It Off","Wild Strike","Battle Trance","Thunderclap","Reckless Charge","Feel No Pain+1","Reckless Charge","Feel No Pain+1","Impervious","Evolve+1"],"relics":["Burning Blood","TungstenRod","Nunchaku","Frozen Egg 2","PreservedInsect"],"acts_visited":["Exordium"],"potions_floor_usage":[6],"damage_taken":[{"damage":0,"enemies":"Small Slimes","floor":1,"turns":3},{"damage":0,"enemies":"Cultist","floor":2,"turns":3},{"damage":7,"enemies":"Jaw Worm","floor":3,"turns":3},{"damage":7,"enemies":"Blue Slaver","floor":5,"turns":3},{"damage":20,"enemies":"Lagavulin","floor":6,"turns":5},{"damage":20,"enemies":"Exordium Thugs","floor":8,"turns":5},{"damage":8,"enemies":"Lots of Slimes","floor":12,"turns":3},{"damage":23,"enemies":"3 Sentries","floor":13,"turns":9},{"damage":7,"enemies":"Blue Slaver","floor":14,"turns":4},{"damage":19,"enemies":"The Guardian","floor":16,"turns":9}],"seed_played":"1393046794814892093","potions_obtained":[{"floor":2,"key":"EssenceOfSteel"},{"floor":3,"key":"DistilledChaos"},{"floor":5,"key":"DistilledChaos"},{"floor":13,"key":"ColorlessPotion"}],"is_trial":false,"path_per_floor":["M","M","M","$","M","E","$","M","T","$","R","M","E","M","R","B"],"character_chosen":"IRONCLAD","items_purchased":["Wild Strike","Reckless Charge","Feel No Pain"],"campfire_rested":0,"item_purchase_floors":[4,7,7],"current_hp_per_floor":[62,68,67,67,66,52,52,38,38,38,38,36,19,18,18,0,0],"gold":85,"neow_bonus":"ONE_RARE_RELIC","is_daily":false,"chose_seed":false,"campfire_upgraded":2,"win_rate":0.0,"timestamp":1612166691,"path_taken":["M","M","M","$","M","E","$","M","T","$","R","M","E","M","R","BOSS"],"items_purchased_type":["Card","Card","Card"],"build_version":"2020-12-22","purchased_purges":0,"victory":false,"max_hp_per_floor":[80,80,80,80,80,80,80,80,80,80,80,80,80,80,80,80,80],"card_choices":[{"not_picked":["Warcry","Sentinel"],"picked":"Heavy Blade","floor":1},{"not_picked":["Feel No Pain","Power Through"],"picked":"Pommel Strike","floor":2},{"not_picked":["Warcry","Sword Boomerang"],"picked":"Shrug It Off","floor":3},{"not_picked":["Havoc","Warcry"],"picked":"Battle Trance","floor":5},{"not_picked":["Bloodletting","Carnage"],"picked":"Thunderclap","floor":6},{"not_picked":["Clothesline","Metallicize"],"picked":"Reckless Charge","floor":8},{"not_picked":["Anger","Bloodletting"],"picked":"Feel No Pain+1","floor":12},{"not_picked":["Berserk+1","Blood for Blood"],"picked":"Impervious","floor":13},{"not_picked":["Shrug It Off","True Grit"],"picked":"Evolve+1","floor":14}],"player_experience":125206,"relics_obtained":[{"floor":6,"key":"Nunchaku"},{"floor":9,"key":"Frozen Egg 2"},{"floor":13,"key":"PreservedInsect"}],"event_choices":[],"is_beta":false,"boss_relics":[],"items_purged_floors":[],"is_endless":false,"potions_floor_spawned":[2,3,5,13],"killed_by":"The Guardian","ascension_level":5}}