{"host":"nptej036rrbiurf5","time":1612143588,"event":{"mods":["BaseMod","Colored Map","Colored Powertips","DeckTracker","Minty Spire (QoL Compilation)","StSLib","SuperFastMode"],"gold_per_floor":[115,115,177,17,87,87,97,110,182,232,232,232],"floor_reached":11,"language":"KOR","playtime":183,"items_purged":["Strike_G"],"score":130,"play_id":"82c46aa7-3e5f-43ac-9ad6-67a6ef7ef6d6","local_time":"20210201103948","is_ascension_mode":true,"campfire_choices":[{"data":"Footwork","floor":6,"key":"SMITH"}],"circlet_count":0,"master_deck":["AscendersBane","Strike_G","Strike_G","Strike_G","Strike_G","Defend_G","Defend_G","Defend_G","Defend_G","Defend_G","Survivor","Neutralize","Acrobatics","Backstab","Footwork+1","Riddle With Holes","Deadly Poison","Poisoned Stab"],"relics":["Ring of the Snake","NeowsBlessing","SsserpentHead","Mummified Hand"],"acts_visited":["Exordium"],"potions_floor_usage":[7],"damage_taken":[{"damage":0,"enemies":"Small Slimes","floor":1,"turns":1},{"damage":0,"enemies":"Cultist","floor":3,"turns":1},{"damage":0,"enemies":"2 Louse","floor":5,"turns":1},{"damage":7,"enemies":"Lots of Slimes","floor":7,"turns":3},{"damage":5,"enemies":"Exordium Wildlife","floor":8,"turns":6},{"damage":23,"enemies":"Gremlin Nob","floor":11,"turns":4}],"seed_played":"28369165283810136","potions_obtained":[{"floor":5,"key":"Fire Potion"}],"is_trial":false,"path_per_floor":["M","?","M","$","M","R","M","M","T","?","E"],"character_chosen":"THE_SILENT","items_purchased":["Footwork"],"campfire_rested":0,"item_purchase_floors":[4],"current_hp_per_floor":[59,59,59,59,59,59,52,47,47,52,29,29],"gold":232,"neow_bonus":"THREE_ENEMY_KILL","is_daily":false,"chose_seed":false,"campfire_upgraded":1,"win_rate":0.0,"timestamp":1612143588,"path_taken":["M","?","?","$","?","R","M","M","T","?","E"],"items_purchased_type":["Card"],"build_version":"2020-12-22","purchased_purges":1,"victory":false,"max_hp_per_floor":[66,66,66,66,66,66,66,66,66,71,71,71],"card_choices":[{"not_picked":["Deflect","Bane"],"picked":"Acrobatics","floor":1},{"not_picked":["Backflip","Blade Dance"],"picked":"Backstab","floor":3},{"not_picked":["Deadly Poison","PiercingWail"],"picked":"Riddle With Holes","floor":5},{"not_picked":["Quick Slash","Reflex"],"picked":"Deadly Poison","floor":7},{"not_picked":["Dodge and Roll","Flying Knee"],"picked":"Poisoned Stab","floor":8}],"player_experience":897902,"relics_obtained":[{"floor":9,"key":"Mummified Hand"}],"event_choices":[{"damage_healed":0,"gold_gain":0,"player_choice":"Trade","damage_taken":0,"relics_obtained":["SsserpentHead"],"max_hp_gain":0,"max_hp_loss":0,"event_name":"FaceTrader","floor":2,"gold_loss":0},{"damage_healed":0,"gold_gain":0,"player_choice":"Donut","damage_taken":0,"max_hp_gain":5,"max_hp_loss":0,"event_name":"Big Fish","floor":10,"gold_loss":0}],"is_beta":false,"boss_relics":[],"items_purged_floors":[4],"is_endless":false,"potions_floor_spawned":[5],"killed_by":"Gremlin Nob","ascension_level":20}}