{"host":"kgj3hkp928synzkd","time":1612201671,"event":{"mods":["2.2 Compatiblity","A Magickal Journey","AchievementEnabler","Act Like it!","AlwaysNeverKeys","BaseMod","Better Altar","Better Match","Better Note","Better Sensory Stone","Better Synergies","Better Third Choice","Better Vampires","Block Reminder","Colored Map","Colored Powertips","Conspire","Curses Come First","Disable Question Mark Monsters","Downfall","GifTheSpireLib","Googly Eyes","Gremlin Skip","GungeonMod","Hallownest","Infinite Spire","Luminous","Marisa????????","Marked Mod","Minty Spire (QoL Compilation)","Permanent Neow","Quick Restart","Random Character Button","Rare Cards Sparkle","Replay The Spire","Spicy Shops","StSLib","SuperFastMode","The Bug Knight","The Exalted","Uncapped"],"gold_per_floor":[18,18,18,28,41,76,76,104,104,52,64,82,82,100,100,196,196,213,230,230,245,245,245,280,280,280,310,159,179,190,190,190],"floor_reached":31,"language":"ENG","playtime":1991,"items_purged":[],"score":351,"play_id":"b2534f13-4693-462c-bdf1-f253caf675a1","local_time":"20210201124751","is_ascension_mode":true,"campfire_choices":[{"floor":7.0,"key":"REST"},{"floor":13,"key":"REST"},{"floor":23,"key":"REST"},{"floor":25,"key":"REST"}],"circlet_count":0,"master_deck":["Strike_B","Strike_B","Strike_B","Strike_B","Defend_B","Defend_B","Defend_B","Defend_B","Zap+1","Dualcast","Leap","Leap","Beam Cell","Ball Lightning","Cold Snap+1","Coolheaded","Cold Snap","Skim","Barrage","Streamline","Gash","Conserve Battery+1","Ball Lightning","Coolheaded","Crystallizer","Machine Learning","Cold Snap","Rebound+1","Gash","Cold Snap+1"],"relics":["Cracked Core","Happy Flower","Dream Catcher","conspire:TopHat","Mummified Hand","Philosopher\u0027s Stone","Quantum Egg","conspire:BottledYoYo","Strawberry","Blood Vial"],"acts_visited":["Exordium","TheCity"],"potions_floor_usage":[27,29],"damage_taken":[{"damage":3.0,"enemies":"2 Louse","floor":1.0,"turns":3.0},{"damage":6.0,"enemies":"Jaw Worm","floor":4.0,"turns":3.0},{"damage":2.0,"enemies":"Small Slimes","floor":5.0,"turns":4.0},{"damage":20.0,"enemies":"3 Sentries","floor":6.0,"turns":9.0},{"damage":11.0,"enemies":"Gremlin Nob","floor":8.0,"turns":4.0},{"damage":14.0,"enemies":"Exordium Thugs","floor":11.0,"turns":5.0},{"damage":6,"enemies":"Exordium Wildlife","floor":12,"turns":4},{"damage":5,"enemies":"Large Slime","floor":14,"turns":5},{"damage":40,"enemies":"Hexaghost","floor":16,"turns":10},{"damage":15,"enemies":"Spheric Guardian","floor":18,"turns":4},{"damage":7,"enemies":"Chosen","floor":19,"turns":4},{"damage":4,"enemies":"Sentry and Sphere","floor":21,"turns":5},{"damage":115,"enemies":"Gremlin Leader","floor":24,"turns":12},{"damage":17,"enemies":"Replay:Snechameleon","floor":27,"turns":8},{"damage":15,"enemies":"Snake Plant","floor":29,"turns":5},{"damage":6,"enemies":"Cultist and Chosen","floor":30,"turns":6},{"damage":11,"enemies":"Centurion and Healer","floor":31,"turns":1}],"seed_played":"362287255276124439","potions_obtained":[{"floor":5.0,"key":"SteroidPotion"},{"floor":6.0,"key":"DemoMod:LeadSkinPotion"},{"floor":14,"key":"BlessingOfTheForge"},{"floor":16,"key":"FairyPotion"},{"floor":27,"key":"EssenceOfSteel"}],"is_trial":false,"path_per_floor":["M","?","?","M","M","E","R","E","T","$","M","M","R","M","R_BF","B",null,"M","M","$","M","?","R","E","R","T","E","$","M","M","M"],"character_chosen":"DEFECT","items_purchased":["Coolheaded","Blood Vial"],"campfire_rested":4,"item_purchase_floors":[10,28],"current_hp_per_floor":[86,86,53,47,45,25,51,40,40,40,26,20,46,41,67,27,89,74,67,67,63,63,89,4,30,30,20,20,7,3,0,0],"gold":190,"neow_bonus":"TWENTY_PERCENT_HP_BONUS","is_daily":false,"chose_seed":false,"campfire_upgraded":0,"win_rate":0.0,"timestamp":1612201671,"path_taken":["M","?","?","M","M","E","R","E","T","$","M","M","R","M","R_BF","BOSS","M","M","$","M","?","R","E","R","T","E","$","M","M","M"],"items_purchased_type":["Card","Relic"],"build_version":"2020-12-22","purchased_purges":0,"victory":false,"max_hp_per_floor":[89,89,89,89,89,89,89,89,89,89,89,89,89,89,89,89,89,89,89,89,89,89,89,89,89,89,96,96,96,96,96,96],"card_choices":[{"not_picked":["Panic Button","Barrage"],"picked":"Leap","floor":1.0},{"not_picked":["Steam","Sunder"],"picked":"Leap","floor":4.0},{"not_picked":["Turbo","Barrage"],"picked":"Beam Cell","floor":5.0},{"not_picked":["All For One","Chill","Hologram"],"picked":"SKIP","floor":6.0},{"not_picked":["Panic Button","Skim"],"picked":"Ball Lightning","floor":7.0},{"not_picked":["Lockon","Core Surge"],"picked":"Cold Snap","floor":8.0},{"not_picked":["Recycle","Darkness"],"picked":"Cold Snap","floor":11.0},{"not_picked":["Redo","ReplayTheSpireMod:System Scan"],"picked":"Skim","floor":12},{"not_picked":["Turbo","conspire:Rain"],"picked":"Barrage","floor":13},{"not_picked":["Chill","Stack"],"picked":"Streamline","floor":14},{"not_picked":["Chaos","ReplaySort"],"picked":"Gash","floor":15},{"not_picked":["Hologram+1","Rebound"],"picked":"Conserve Battery+1","floor":18},{"not_picked":["Barrage+1","Consume"],"picked":"Ball Lightning","floor":19},{"not_picked":["Rebound","BasicCrystalCard"],"picked":"Coolheaded","floor":21},{"not_picked":["Static Discharge+1","Consume"],"picked":"Crystallizer","floor":23},{"not_picked":["Chill+1","Coolheaded"],"picked":"Machine Learning","floor":24},{"not_picked":["ReplaySolidLightProjector+1","Stack"],"picked":"Cold Snap","floor":25},{"not_picked":["Multi-Cast","Sweeping Beam"],"picked":"Rebound+1","floor":27},{"not_picked":["Go for the Eyes","Beam Cell+1"],"picked":"Gash","floor":29},{"not_picked":["Barrage","White Noise"],"picked":"Cold Snap+1","floor":30}],"player_experience":311888,"relics_obtained":[{"floor":6.0,"key":"Dream Catcher"},{"floor":8.0,"key":"conspire:TopHat"},{"floor":9.0,"key":"Mummified Hand"},{"floor":24,"key":"Quantum Egg"},{"floor":26,"key":"conspire:BottledYoYo"},{"floor":27,"key":"Strawberry"}],"event_choices":[{"damage_healed":0.0,"max_hp_gain":0.0,"max_hp_loss":0.0,"gold_gain":0.0,"event_name":"Living Wall","player_choice":"Grow","floor":2.0,"gold_loss":0.0,"damage_taken":0.0,"cards_upgraded":["Zap"]},{"damage_healed":0.0,"max_hp_gain":0.0,"max_hp_loss":0.0,"gold_gain":0.0,"event_name":"betterThird:BetterScrap","player_choice":"Relic ","floor":3.0,"gold_loss":0.0,"damage_taken":33.0,"cards_obtained":["infinitespire:OneForAll"]},{"damage_healed":0,"gold_gain":0,"player_choice":"Ignored","damage_taken":0,"max_hp_gain":0,"max_hp_loss":0,"event_name":"betterNote:BetterNote","floor":22,"gold_loss":0,"cards_obtained":["Clothesline"]}],"is_beta":false,"boss_relics":[{"not_picked":["Snecko Eye","Empty Cage"],"picked":"Philosopher\u0027s Stone"}],"items_purged_floors":[],"is_endless":false,"potions_floor_spawned":[5,6,14,16,19,21,27],"killed_by":"Centurion and Healer","ascension_level":1}}