{"host":"oehe2dxjvdgux73m","time":1612194858,"event":{"mods":["AchievementEnabler","BaseMod","Colored Map","Colored Powertips","DeckTracker","Keyboard Shortcuts","Minty Spire (QoL Compilation)","Permanent Neow","Quick Restart","StSLib","SuperFastMode"],"gold_per_floor":[111,186,206,222,161,161,176,176,248,248,258,258,68,101,101,178,178,196,196,215,112,125,125,125],"floor_reached":23,"language":"KOR","playtime":584,"items_purged":["Strike_G"],"score":382,"play_id":"af050915-3aa4-4c1d-8d33-ba205e63b6b2","local_time":"20210202005418","is_ascension_mode":true,"campfire_choices":[{"data":"Catalyst","floor":6.0,"key":"SMITH"},{"data":"Deadly Poison","floor":8.0,"key":"SMITH"},{"data":"Blade Dance","floor":10.0,"key":"SMITH"},{"data":"Apotheosis","floor":15.0,"key":"SMITH"}],"circlet_count":0,"master_deck":["AscendersBane","Strike_G","Strike_G","Strike_G","Defend_G","Defend_G","Defend_G","Defend_G","Defend_G","Survivor","Neutralize","Blade Dance+1","Deadly Poison+1","Catalyst+1","Dash","Wraith Form v2","Apotheosis+1","Deadly Poison","Glass Knife+1","PiercingWail","Deadly Poison","Crippling Poison"],"relics":["Ring of the Snake","MealTicket","Bag of Marbles","Question Card","Molten Egg 2","Du-Vu Doll","Velvet Choker"],"acts_visited":["Exordium","TheCity"],"potions_floor_usage":[23],"damage_taken":[{"damage":5.0,"enemies":"Small Slimes","floor":1.0,"turns":5.0},{"damage":0.0,"enemies":"Cultist","floor":3.0,"turns":3.0},{"damage":2.0,"enemies":"Jaw Worm","floor":4.0,"turns":5.0},{"damage":8.0,"enemies":"Exordium Thugs","floor":7.0,"turns":5.0},{"damage":5.0,"enemies":"Exordium Wildlife","floor":11.0,"turns":5.0},{"damage":9.0,"enemies":"Lagavulin","floor":14.0,"turns":6.0},{"damage":6.0,"enemies":"Slime Boss","floor":16.0,"turns":11.0},{"damage":19.0,"enemies":"Shell Parasite","floor":18.0,"turns":6.0},{"damage":11.0,"enemies":"3 Byrds","floor":20.0,"turns":5.0},{"damage":25.0,"enemies":"Shelled Parasite and Fungi","floor":22.0,"turns":5.0},{"damage":20,"enemies":"Gremlin Leader","floor":23,"turns":2}],"seed_played":"-5868985504825623896","potions_obtained":[{"floor":7.0,"key":"GhostInAJar"},{"floor":14.0,"key":"PowerPotion"},{"floor":16.0,"key":"PowerPotion"},{"floor":18.0,"key":"Ancient Potion"},{"floor":20.0,"key":"Strength Potion"}],"is_trial":false,"path_per_floor":["M","?","M","M","?","R","M","R","T","R","M","T","$","E","R","B",null,"M","?","M","$","M","E"],"character_chosen":"THE_SILENT","items_purchased":["Apotheosis","Deadly Poison"],"campfire_rested":0,"item_purchase_floors":[13,21],"current_hp_per_floor":[54,43,43,41,41,41,33,33,33,33,28,28,43,34,34,28,57,38,38,27,42,17,0,0],"gold":125,"neow_bonus":"RANDOM_COMMON_RELIC","is_daily":false,"chose_seed":false,"campfire_upgraded":4,"win_rate":0.0,"timestamp":1612194858,"path_taken":["M","?","M","M","?","R","?","R","T","R","M","?","$","E","R","BOSS","M","?","M","?","M","E"],"items_purchased_type":["Card","Card"],"build_version":"2020-12-22","purchased_purges":1,"victory":false,"max_hp_per_floor":[66,66,66,66,66,66,66,66,66,66,66,66,66,66,66,66,66,66,66,66,66,66,66,66],"card_choices":[{"not_picked":["Bane","Outmaneuver"],"picked":"Blade Dance","floor":1.0},{"not_picked":["Poisoned Stab","Quick Slash"],"picked":"Deadly Poison","floor":3.0},{"not_picked":["Heel Hook","PiercingWail"],"picked":"Catalyst","floor":4.0},{"not_picked":["Concentrate","PiercingWail"],"picked":"Dash","floor":7.0},{"not_picked":["Sucker Punch","Prepared","All Out Attack"],"picked":"Wraith Form v2","floor":11.0},{"not_picked":["Slice+1","Flying Knee+1","Blade Dance"],"picked":"Deadly Poison","floor":14.0},{"not_picked":["Envenom","Unload+1","Phantasmal Killer"],"picked":"Glass Knife+1","floor":16.0},{"not_picked":["Sucker Punch+1","Escape Plan","Accuracy","Slice+1"],"picked":"SKIP","floor":18.0},{"not_picked":["Bane+1","Masterful Stab+1","Sucker Punch+1"],"picked":"PiercingWail","floor":20.0},{"not_picked":["Bane+1","Malaise","Dagger Spray+1"],"picked":"Crippling Poison","floor":22.0}],"player_experience":338698,"relics_obtained":[{"floor":9.0,"key":"Question Card"},{"floor":12.0,"key":"Molten Egg 2"},{"floor":14.0,"key":"Du-Vu Doll"}],"event_choices":[{"damage_healed":0.0,"max_hp_gain":0.0,"max_hp_loss":0.0,"gold_gain":75.0,"event_name":"World of Goop","player_choice":"Gather Gold","floor":2.0,"gold_loss":0.0,"damage_taken":11.0},{"damage_healed":0.0,"max_hp_gain":0.0,"max_hp_loss":0.0,"gold_gain":0.0,"event_name":"WeMeetAgain","player_choice":"Paid Gold","floor":5.0,"gold_loss":61.0,"damage_taken":0.0,"relics_obtained":["Bag of Marbles"]},{"cards_removed":["Strike_G"],"damage_healed":0.0,"max_hp_gain":0.0,"max_hp_loss":0.0,"gold_gain":0.0,"event_name":"Wheel of Change","player_choice":"Card Removal","floor":19.0,"gold_loss":0.0,"damage_taken":0.0}],"is_beta":false,"boss_relics":[{"not_picked":["Busted Crown","Coffee Dripper"],"picked":"Velvet Choker"}],"items_purged_floors":[21],"is_endless":false,"potions_floor_spawned":[7,14,16,18,20],"killed_by":"Gremlin Leader","ascension_level":20}}