{"host":"stku21i8hhz5zha4","time":1612209992,"event":{"mods":["2.2 Compatiblity","AchievementEnabler","Aspiration","BaseMod","Better Altar","Better Match","Better Note","Better Sensory Stone","Better Skull","Better Third Choice","Better Vampires","Colored Map","Colorless Booster Pack","Conspire","Dark Map","Displayed Cursed Tome","Downfall","Energized Spire","Friendly Minions","GifTheSpireLib","Halation","Hubris","Infinite Spire","Jedi Mod","Jorbs\u0027s Wanderer Trilogy","Minty Spire (QoL Compilation)","Permanent Neow","Quick Restart","Rare Cards Sparkle","Reliquary","Replay The Spire","Shop Mod","Spikes Relics","Spire Arcade","StS++","StSLib","Stuff the Spire","The Blue Laboratory","Trackpad","Transform Curses","Uncapped"],"gold_per_floor":[110,110,110,121,202,227,237,237,312,322,247,273,292,312,312,385,385,401,415,415,315,331,331,350,350,374,374,394,405,280,296,296,373,373,385,385,385,403,403,432,450,483,483,512,525,545,563,563,563,563,563,563,563,563,592,592],"floor_reached":57,"language":"RUS","playtime":459,"items_purged":["Strike_R","Strike_R","Strike_R"],"score":3575,"play_id":"b026339f-1b40-44bd-be12-5261501bf224","local_time":"20210201230632","is_ascension_mode":true,"campfire_choices":[{"data":"Bash","floor":15,"key":"SMITH"},{"floor":23,"key":"REST"},{"floor":25,"key":"RECALL"},{"data":"Defend_R","floor":32,"key":"SMITH"},{"data":"Defend_R","floor":49,"key":"SMITH"},{"floor":53,"key":"REST"}],"circlet_count":0,"master_deck":[],"relics":[],"acts_visited":["TheCity","TheBeyond","TheEnding"],"potions_floor_usage":[55],"damage_taken":[{"damage":0,"enemies":"2 Louse","floor":1,"turns":1},{"damage":0,"enemies":"Jaw Worm","floor":4,"turns":1},{"damage":0,"enemies":"Gremlin Nob","floor":6,"turns":1},{"damage":0,"enemies":"Cultist","floor":7,"turns":1},{"damage":0,"enemies":"2 Fungi Beasts","floor":10,"turns":1},{"damage":0,"enemies":"Blue Slaver","floor":13,"turns":1},{"damage":0,"enemies":"3 Louse","floor":14,"turns":1},{"damage":0,"enemies":"The Guardian","floor":16,"turns":1},{"damage":0,"enemies":"Shell Parasite","floor":18,"turns":1},{"damage":0,"enemies":"Chosen","floor":19,"turns":1},{"damage":0,"enemies":"Centurion and Healer","floor":22,"turns":1},{"damage":0,"enemies":"Cultist and Chosen","floor":24,"turns":1},{"damage":0,"enemies":"3 Cultists","floor":28,"turns":1},{"damage":0,"enemies":"Shelled Parasite and Fungi","floor":29,"turns":1},{"damage":0,"enemies":"Centurion and Healer","floor":31,"turns":1},{"damage":0,"enemies":"hubris:MusketHawk","floor":33,"turns":1},{"damage":0,"enemies":"3 Darklings","floor":35,"turns":1},{"damage":0,"enemies":"Orb Walker","floor":38,"turns":1},{"damage":0,"enemies":"Nightmare","floor":40,"turns":1},{"damage":0,"enemies":"Sphere and 2 Shapes","floor":41,"turns":1},{"damage":0,"enemies":"Giant Head","floor":42,"turns":1},{"damage":0,"enemies":"R_Hoarder","floor":44,"turns":1},{"damage":0,"enemies":"Maw","floor":45,"turns":1},{"damage":0,"enemies":"4 Shapes","floor":46,"turns":1},{"damage":0,"enemies":"Jaw Worm Horde","floor":47,"turns":1},{"damage":0,"enemies":"Transient","floor":48,"turns":1},{"damage":0,"enemies":"hubris:GrandSnecko","floor":50,"turns":1},{"damage":0,"enemies":"infinitespire:MassOfShapes","floor":51,"turns":1},{"damage":0,"enemies":"Shield and Spear","floor":55,"turns":1},{"damage":120,"enemies":"The Heart","floor":56,"turns":5}],"seed_played":"-4178191865579406123","potions_obtained":[{"floor":7,"key":"Regen Potion"},{"floor":13,"key":"BloodPotion"}],"is_trial":false,"path_per_floor":["M","?","?","M","T","E","M","?","T","M","$","T","M","M","R","B",null,"M","M","?","$","M","R","M","R","T","?","M","M","$","M","R","B",null,"M","?","?","M","?","NM","M","E","T","E","M","M","M","M","R","B","B",null,"R","$","E","B",null],"character_chosen":"IRONCLAD","items_purchased":[],"campfire_rested":2,"item_purchase_floors":[],"current_hp_per_floor":[70,70,65,71,71,77,83,83,83,89,89,89,89,89,89,89,89,89,89,89,89,89,89,89,89,89,89,89,89,89,89,89,89,89,89,89,89,89,84,89,89,89,89,89,89,89,89,89,89,89,89,89,89,89,89,969],"gold":592,"neow_bonus":"TWENTY_PERCENT_HP_BONUS","is_daily":false,"chose_seed":false,"campfire_upgraded":3,"win_rate":0.0,"timestamp":1612209992,"path_taken":["M","?","?","M","?","E","?","?","T","M","?","?","M","?","R","BOSS","M","M","?","$","?","R","M","R","T","?","M","?","$","M","R","BOSS","M","?","?","M","?","NM","M","E","T","E","M","M","?","M","R","BOSS","BOSS","R","$","E","BOSS"],"items_purchased_type":[],"build_version":"2020-12-22","purchased_purges":3,"victory":true,"max_hp_per_floor":[89,89,89,89,89,89,89,89,89,89,89,89,89,89,89,89,89,89,89,89,89,89,89,89,89,89,89,89,89,89,89,89,89,89,89,89,89,89,89,89,89,89,89,89,89,89,89,89,89,89,89,89,89,89,89,1089],"card_choices":[{"not_picked":["Cleave","StSpp:Succumb","Inflame"],"picked":"SKIP","floor":1},{"not_picked":["Searing Blow","Flex","StSpp:Sprint"],"picked":"SKIP","floor":4},{"not_picked":["Evolve","Exhume","Fire Breathing"],"picked":"SKIP","floor":6},{"not_picked":["jedi:fear","Rampage","Sword Boomerang"],"picked":"SKIP","floor":7},{"not_picked":["Havoc","Replay:Undeath\u0027s Touch","Pommel Strike"],"picked":"SKIP","floor":10},{"not_picked":["Headbutt","StSpp:Betrayal","Pommel Strike"],"picked":"SKIP","floor":13},{"not_picked":["jedi:suffering","Flex","Clash"],"picked":"SKIP","floor":14},{"not_picked":["True Grit","infinitespire:OneForAll","StSpp:Succumb+1"],"picked":"SKIP","floor":18},{"not_picked":["StSpp:Sprint+1","jedi:collectorstrike","Pommel Strike"],"picked":"SKIP","floor":19},{"not_picked":["conspire:Purge","conspire:Charge","BarbarianYell"],"picked":"SKIP","floor":22},{"not_picked":["Flex","Hemokinesis","Sword Boomerang"],"picked":"SKIP","floor":24},{"not_picked":["Twin Strike","Clothesline","Entrench"],"picked":"SKIP","floor":28},{"not_picked":["Ghostly Armor+1","Anger","Flame Barrier"],"picked":"SKIP","floor":29},{"not_picked":["Warcry","StSpp:TheBiggerTheyAre","Reckless Charge"],"picked":"SKIP","floor":31},{"not_picked":["StuffTheSpire:RockThrow","Replay:Undeath\u0027s Touch","Iron Wave+1"],"picked":"SKIP","floor":35},{"not_picked":["Searing Blow","Clash+1","Clothesline"],"picked":"SKIP","floor":38},{"not_picked":["StSpp:MuscleMemory","StSpp:CounterStrike+1","jedi:bloodyhammer"],"picked":"SKIP","floor":40},{"not_picked":["hubris:ReadiedAction","Sentinel","Reckless Charge"],"picked":"SKIP","floor":41},{"not_picked":["Replay:Many Hands","ReplayTheSpireMod:Strike From Hell","Thunderclap"],"picked":"SKIP","floor":42},{"not_picked":["Anger+1","StuffTheSpire:TitanForm","infinitespire:OneForAll"],"picked":"SKIP","floor":44},{"not_picked":["jedi:hate","Shrug It Off+1","Uppercut"],"picked":"SKIP","floor":45},{"not_picked":["Rupture","Shrug It Off+1","Dual Wield+1"],"picked":"SKIP","floor":46},{"not_picked":["Pommel Strike","jedi:fear+1","ReplayTheSpireMod:Limb From Limb"],"picked":"SKIP","floor":47},{"not_picked":["Dual Wield","Fire Breathing","Iron Wave"],"picked":"SKIP","floor":48},{"not_picked":["Invigoration","Twin Strike","hubris:SharpeningStone+1"],"picked":"SKIP","floor":55}],"player_experience":268938,"relics_obtained":[{"floor":43,"key":"reliquary:FeatherDuster"}],"event_choices":[{"cards_removed":["Strike_R"],"damage_healed":0,"gold_gain":0,"player_choice":"Forget","damage_taken":0,"max_hp_gain":0,"max_hp_loss":0,"event_name":"Living Wall","floor":8,"gold_loss":0},{"cards_removed":["Bash"],"damage_healed":0,"gold_gain":0,"player_choice":"Give","damage_taken":0,"max_hp_gain":0,"max_hp_loss":0,"event_name":"betterNote:BetterNote","floor":20,"gold_loss":0,"cards_obtained":["Regret"]},{"damage_healed":0,"gold_gain":0,"player_choice":"Ignored","damage_taken":0,"max_hp_gain":0,"max_hp_loss":0,"event_name":"The Mausoleum","floor":27,"gold_loss":0},{"cards_removed":["Defend_R"],"damage_healed":0,"gold_gain":0,"player_choice":"Removed Skill","damage_taken":0,"max_hp_gain":0,"max_hp_loss":0,"event_name":"Falling","floor":37,"gold_loss":0},{"damage_healed":0,"gold_gain":0,"player_choice":"Leave","damage_taken":0,"max_hp_gain":0,"max_hp_loss":0,"event_name":"conspire:Investor","floor":39,"gold_loss":0}],"is_beta":false,"boss_relics":[{"not_picked":["StSpp:PileOfSugar","reliquary:KinkedSpring"],"picked":"Calling Bell"},{"not_picked":["energizedSpire:DeadBattery","Replay:Wanted Poster","Runic Cube"]}],"items_purged_floors":[11,21,30],"is_endless":false,"potions_floor_spawned":[7,13,14,16,22,24,29,31,35,41,42,44,45,55],"ascension_level":20}}