{"host":"vyjryxuuuxkt43k4","time":1612178510,"event":{"mods":["AchievementEnabler","BaseMod","Colored Map","DeckTracker","Keyboard Shortcuts","Minty Spire (QoL Compilation)","Permanent Neow","Quick Restart","Rare Cards Sparkle","StSLib","SuperFastMode","everything is the same but u backflip on backflip"],"gold_per_floor":[115,115,40,58,72,72,103,114,114,4,4,18,52,67,67,143,143,124,137,66,80,99,99,99,99],"floor_reached":24,"language":"KOR","playtime":1126,"items_purged":["Strike_G"],"score":455,"play_id":"e83118a6-a6ea-436e-807b-3d66f07da332","local_time":"20210201202150","is_ascension_mode":true,"campfire_choices":[{"data":"Deadly Poison","floor":6.0,"key":"SMITH"},{"data":"Dodge and Roll","floor":15.0,"key":"SMITH"},{"floor":23,"key":"REST"}],"circlet_count":0,"master_deck":["AscendersBane","Strike_G","Strike_G","Defend_G","Defend_G","Defend_G","Defend_G","Defend_G","Survivor","Neutralize","Caltrops","Deadly Poison+1","Footwork+1","Bane","Endless Agony","Escape Plan","Dodge and Roll+1","Storm of Steel","Blur","After Image","Choke","Accuracy"],"relics":["Ring of the Snake","Centennial Puzzle","Sundial","Kunai","Philosopher\u0027s Stone"],"acts_visited":["Exordium","TheCity"],"potions_floor_usage":[18,19,21],"damage_taken":[{"damage":0.0,"enemies":"2 Louse","floor":1.0,"turns":4.0},{"damage":2.0,"enemies":"Small Slimes","floor":4.0,"turns":7.0},{"damage":8.0,"enemies":"Jaw Worm","floor":5.0,"turns":4.0},{"damage":13.0,"enemies":"Lagavulin","floor":7.0,"turns":9.0},{"damage":4.0,"enemies":"Large Slime","floor":8.0,"turns":5.0},{"damage":0.0,"enemies":"Gremlin Gang","floor":12.0,"turns":3.0},{"damage":12.0,"enemies":"Gremlin Nob","floor":13.0,"turns":4.0},{"damage":0.0,"enemies":"2 Fungi Beasts","floor":14.0,"turns":5.0},{"damage":0.0,"enemies":"The Guardian","floor":16.0,"turns":13.0},{"damage":0,"enemies":"2 Thieves","floor":18,"turns":4},{"damage":3,"enemies":"Chosen","floor":19,"turns":6},{"damage":9,"enemies":"Centurion and Healer","floor":21,"turns":9},{"damage":35,"enemies":"3 Cultists","floor":22,"turns":8},{"damage":40,"enemies":"Gremlin Leader","floor":24,"turns":11}],"seed_played":"-2921630382846603167","potions_obtained":[{"floor":4.0,"key":"Explosive Potion"},{"floor":7.0,"key":"EssenceOfSteel"},{"floor":14.0,"key":"EssenceOfSteel"},{"floor":16.0,"key":"ColorlessPotion"},{"floor":18,"key":"LiquidMemories"},{"floor":19,"key":"DistilledChaos"}],"is_trial":false,"path_per_floor":["M","?","?","M","M","R","E","M","T","$","?","M","E","M","R","B",null,"M","M","$","M","M","R","E"],"character_chosen":"THE_SILENT","items_purchased":["Escape Plan","Accuracy"],"campfire_rested":1,"item_purchase_floors":[10,20],"current_hp_per_floor":[59,64,64,62,54,54,41,37,37,37,37,37,25,25,25,25,60,60,57,57,48,13,34,0,0],"gold":99,"neow_bonus":"REMOVE_CARD","is_daily":false,"chose_seed":false,"campfire_upgraded":2,"win_rate":0.0,"timestamp":1612178510,"path_taken":["M","?","?","?","M","R","E","M","T","$","?","M","E","M","R","BOSS","M","M","$","?","M","R","E"],"items_purchased_type":["Card","Card"],"build_version":"2020-12-22","purchased_purges":1,"victory":false,"max_hp_per_floor":[66,71,71,71,71,71,71,71,71,71,71,71,71,71,71,71,71,71,71,71,71,71,71,71,71],"card_choices":[{"not_picked":["Flying Knee","Prepared"],"picked":"Caltrops","floor":1.0},{"not_picked":["Acrobatics","Quick Slash"],"picked":"Deadly Poison","floor":4.0},{"not_picked":["Slice","PiercingWail"],"picked":"Footwork","floor":5.0},{"not_picked":["Underhanded Strike","Cloak And Dagger"],"picked":"Bane","floor":7.0},{"not_picked":["Deflect","Poisoned Stab"],"picked":"Endless Agony","floor":8.0},{"not_picked":["All Out Attack","Cloak And Dagger"],"picked":"Dodge and Roll","floor":12.0},{"not_picked":["Infinite Blades","Outmaneuver"],"picked":"Storm of Steel","floor":13.0},{"not_picked":["Flying Knee","Acrobatics"],"picked":"Blur","floor":14.0},{"not_picked":["Night Terror","Burst"],"picked":"After Image","floor":16.0},{"not_picked":["Quick Slash","Underhanded Strike"],"picked":"Choke","floor":18},{"not_picked":["Deadly Poison","Dagger Throw","Quick Slash"],"picked":"SKIP","floor":19},{"not_picked":["Skewer","Envenom","Prepared"],"picked":"SKIP","floor":21},{"not_picked":["Quick Slash","Bane+1","Distraction"],"picked":"SKIP","floor":22}],"player_experience":579586,"relics_obtained":[{"floor":7.0,"key":"Centennial Puzzle"},{"floor":9.0,"key":"Sundial"},{"floor":13.0,"key":"Kunai"}],"event_choices":[{"damage_healed":0.0,"max_hp_gain":5.0,"max_hp_loss":0.0,"gold_gain":0.0,"event_name":"Big Fish","player_choice":"Donut","floor":2.0,"gold_loss":0.0,"damage_taken":0.0},{"cards_removed":["Strike_G"],"damage_healed":0.0,"max_hp_gain":0.0,"max_hp_loss":0.0,"gold_gain":0.0,"event_name":"The Cleric","player_choice":"Card Removal","floor":3.0,"gold_loss":75.0,"damage_taken":0.0},{"damage_healed":0.0,"max_hp_gain":0.0,"max_hp_loss":0.0,"gold_gain":0.0,"event_name":"Upgrade Shrine","player_choice":"Upgraded","floor":11.0,"gold_loss":0.0,"damage_taken":0.0,"cards_upgraded":["Footwork"]}],"is_beta":false,"boss_relics":[{"not_picked":["Coffee Dripper","Velvet Choker"],"picked":"Philosopher\u0027s Stone"}],"items_purged_floors":[10],"is_endless":false,"potions_floor_spawned":[4,7,14,16,18,19],"killed_by":"Gremlin Leader","ascension_level":15}}