{"host":"o6rpelx2jpc8yies","time":1612162676,"event":{"mods":["BaseMod","Downfall","Minty Spire (QoL Compilation)","StSLib"],"gold_per_floor":[99,115,134,134,134,168,168,116,16,16,16,28,28,46,57,57,57,57],"floor_reached":16,"language":"ENG","playtime":703,"items_purged":[],"score":200,"play_id":"e9c89531-0e11-4bf2-8e65-2140fa55bb66","local_time":"20210131235756","is_ascension_mode":true,"campfire_choices":[{"floor":1,"key":"RECALL"},{"floor":9,"key":"REST"},{"data":"Slimebound:GrowthPunch","floor":11,"key":"SMITH"},{"data":"Slimebound:SlimeSpikes","floor":13,"key":"SMITH"}],"circlet_count":0,"master_deck":["AscendersBane","Slimebound:Strike_Slimebound","Slimebound:Strike_Slimebound","Slimebound:Strike_Slimebound","Slimebound:Tackle","Slimebound:Defend_Slimebound","Slimebound:Defend_Slimebound","Slimebound:Defend_Slimebound","Slimebound:Defend_Slimebound","Slimebound:Split","Slimebound:CorrosiveSpit","Slimebound:ItLooksTasty","Slimebound:FlameTackle","Slimebound:GoopSpray","Slimebound:SlimeSpikes+1","Slimebound:GrowthPunch+1","Slimebound:Recollect","Slimebound:LeechEnergy","Slimebound:ItLooksTasty","Slimebound:Schlurp","Slimebound:Darklings"],"relics":["Slimebound:AbsorbEndCombat","Dream Catcher","PreservedInsect","Meat on the Bone","downfall:HeartBlessingRed"],"acts_visited":["Exordium"],"potions_floor_usage":[8,16],"damage_taken":[{"damage":4,"enemies":"2 Louse","floor":2,"turns":3},{"damage":12,"enemies":"Small Slimes","floor":3,"turns":4},{"damage":45,"enemies":"Gremlin Nob","floor":6,"turns":4},{"damage":0,"enemies":"downfall:FleeingMerchant","floor":8,"turns":4},{"damage":0,"enemies":"Cultist","floor":10,"turns":1},{"damage":19,"enemies":"Large Slime","floor":12,"turns":7},{"damage":2,"enemies":"2 Fungi Beasts","floor":14,"turns":3},{"damage":0,"enemies":"Blue Slaver","floor":15,"turns":3},{"damage":44,"enemies":"SI_SHIV_ARCHETYPE","floor":16,"turns":7}],"seed_played":"-1077928865516647394","potions_obtained":[{"floor":5,"key":"SmokeBomb"},{"floor":5,"key":"LiquidMemories"},{"floor":12,"key":"LiquidBronze"},{"floor":15,"key":"LiquidMemories"}],"is_trial":false,"path_per_floor":["R","M","M","?","?","E","T","$","R","M","R","M","R","M","M","B"],"character_chosen":"SLIMEBOUND","items_purchased":["Slimebound:GrowthPunch"],"campfire_rested":1,"item_purchase_floors":[8],"current_hp_per_floor":[53,51,43,43,43,4,4,24,41,41,41,30,30,32,36,0,0,0],"gold":57,"neow_bonus":"RANDOM_COMMON_RELIC","is_daily":false,"chose_seed":false,"campfire_upgraded":2,"win_rate":0.0,"timestamp":1612162676,"path_taken":["R","M","M","?","?","E","T","$","R","?","R","M","R","M","M","BOSS"],"items_purchased_type":["Card"],"build_version":"2020-12-22","purchased_purges":0,"victory":false,"max_hp_per_floor":[59,59,59,59,59,59,59,59,59,59,59,59,59,59,59,59,59,59],"card_choices":[{"not_picked":["Slimebound:SplitAcid","Slimebound:RollThrough"],"picked":"Slimebound:ItLooksTasty","floor":2},{"not_picked":["Slimebound:LivingWall","Slimebound:Dissolve"],"picked":"Slimebound:FlameTackle","floor":3},{"not_picked":["Slimebound:SlimeBrawl","Slimebound:SlimeBarrage"],"picked":"Slimebound:GoopSpray","floor":6},{"not_picked":["Slimebound:ViciousTackle","Slimebound:SplitBruiser"],"picked":"Slimebound:SlimeSpikes","floor":8},{"not_picked":["Slimebound:LivingWall","Slimebound:TongueLash"],"picked":"Slimebound:Recollect","floor":9},{"not_picked":["Slimebound:SlimeTap","Slimebound:Prepare"],"picked":"Slimebound:LeechEnergy","floor":10},{"not_picked":["Slimebound:SplitMire","Slimebound:GrowthPunch"],"picked":"Slimebound:ItLooksTasty","floor":12},{"not_picked":["Slimebound:LeechEnergy","Slimebound:LivingWall"],"picked":"Slimebound:Schlurp","floor":14},{"not_picked":["Slimebound:RainOfGoop","Slimebound:TongueLash"],"picked":"Slimebound:Darklings","floor":15}],"player_experience":1921724,"relics_obtained":[{"floor":6,"key":"PreservedInsect"},{"floor":7,"key":"Meat on the Bone"}],"event_choices":[{"damage_healed":0,"gold_gain":0,"player_choice":"Got Potions","damage_taken":0,"max_hp_gain":0,"max_hp_loss":0,"event_name":"Lab","floor":5,"gold_loss":0}],"is_beta":false,"boss_relics":[],"items_purged_floors":[],"is_endless":false,"potions_floor_spawned":[6,12,14,15],"killed_by":"SI_SHIV_ARCHETYPE","ascension_level":20}}