{"host":"2q82lssse0ckn8xu","time":1612174738,"event":{"mods":["AchievementEnabler","BaseMod","Colored Map","Colored Powertips","Minty Spire (QoL Compilation)","Permanent Neow","Quick Restart","StSLib","The Saiyan","Unceasing Turn Reminder"],"gold_per_floor":[118,138,138,155,172,172,204,204,229,229,240,240,252,265,265,341,341,361,371,371,371,371,371],"floor_reached":22,"language":"ENG","playtime":1090,"items_purged":[],"score":451,"play_id":"ba862598-ab28-4129-9b99-41cc37a4e905","local_time":"20210201154858","is_ascension_mode":true,"campfire_choices":[{"floor":6.0,"key":"REST"},{"floor":8.0,"key":"REST"},{"floor":10.0,"key":"REST"},{"data":"Barricade","floor":15.0,"key":"SMITH"}],"circlet_count":0,"master_deck":["AscendersBane","Strike_R","Strike_R","Strike_R","Strike_R","Strike_R","Defend_R","Defend_R+1","Defend_R","Defend_R+1","Bash","Barricade+1","Shockwave","Thunderclap","Shrug It Off","Body Slam","Whirlwind","Cleave","Pommel Strike","Entrench","Demon Form","Body Slam","Armaments","Writhe"],"relics":["Burning Blood","War Paint","Regal Pillow","Spirit Poop","Philosopher\u0027s Stone","Tiny Chest"],"acts_visited":["Exordium","TheCity"],"potions_floor_usage":[22],"damage_taken":[{"damage":8.0,"enemies":"2 Louse","floor":1.0,"turns":4.0},{"damage":12.0,"enemies":"Jaw Worm","floor":2.0,"turns":6.0},{"damage":8.0,"enemies":"Cultist","floor":4.0,"turns":4.0},{"damage":20.0,"enemies":"Red Slaver","floor":5.0,"turns":5.0},{"damage":72.0,"enemies":"3 Sentries","floor":7.0,"turns":15.0},{"damage":10.0,"enemies":"Blue Slaver","floor":11.0,"turns":5.0},{"damage":0.0,"enemies":"3 Louse","floor":13.0,"turns":2.0},{"damage":26.0,"enemies":"Exordium Thugs","floor":14.0,"turns":6.0},{"damage":0.0,"enemies":"The Guardian","floor":16.0,"turns":14.0},{"damage":28.0,"enemies":"2 Thieves","floor":18.0,"turns":4.0},{"damage":46.0,"enemies":"3 Byrds","floor":19.0,"turns":5.0},{"damage":25,"enemies":"Centurion and Healer","floor":22,"turns":4}],"seed_played":"-7799952401184837357","potions_obtained":[{"floor":1.0,"key":"EssenceOfSteel"},{"floor":7.0,"key":"SkillPotion"},{"floor":13.0,"key":"SneckoOil"},{"floor":14.0,"key":"Fire Potion"},{"floor":19.0,"key":"ColorlessPotion"}],"is_trial":false,"path_per_floor":["M","M","?","M","M","R","E","R","T","R","M","?","M","M","R","B",null,"M","M","?","?","M"],"character_chosen":"IRONCLAD","items_purchased":[],"campfire_rested":3,"item_purchase_floors":[],"current_hp_per_floor":[66,60,65,63,49,73,7,31,31,70,66,66,72,52,52,58,75,53,13,13,29,4,4],"gold":371,"neow_bonus":"THREE_RARE_CARDS","is_daily":false,"chose_seed":false,"campfire_upgraded":1,"win_rate":0.0,"timestamp":1612174738,"path_taken":["M","M","?","M","M","R","E","R","T","R","M","?","M","?","R","BOSS","M","M","?","?","M"],"items_purchased_type":[],"build_version":"2020-12-22","purchased_purges":0,"victory":false,"max_hp_per_floor":[75,75,80,80,80,80,80,80,80,80,80,80,80,80,80,80,80,80,80,80,80,80,80],"card_choices":[{"not_picked":["Immolate","Reaper"],"picked":"Barricade","floor":0.0},{"not_picked":["Perfected Strike","Battle Trance"],"picked":"Shockwave","floor":1.0},{"not_picked":["Clash","Bloodletting"],"picked":"Thunderclap","floor":2.0},{"not_picked":["Sentinel","True Grit"],"picked":"Shrug It Off","floor":4.0},{"not_picked":["Pommel Strike","True Grit"],"picked":"Body Slam","floor":5.0},{"not_picked":["Cleave","Twin Strike"],"picked":"Whirlwind","floor":7.0},{"not_picked":["Sword Boomerang","Clash"],"picked":"Cleave","floor":11.0},{"not_picked":["Whirlwind","Warcry"],"picked":"Pommel Strike","floor":13.0},{"not_picked":["Rupture","Fiend Fire"],"picked":"Entrench","floor":14.0},{"not_picked":["Corruption","Juggernaut"],"picked":"Demon Form","floor":16.0},{"not_picked":["Carnage+1","Disarm"],"picked":"Body Slam","floor":18.0},{"not_picked":["Intimidate","Inflame"],"picked":"Armaments","floor":19.0}],"player_experience":648625,"relics_obtained":[{"floor":7.0,"key":"War Paint"},{"floor":9.0,"key":"Regal Pillow"}],"event_choices":[{"damage_healed":0.0,"max_hp_gain":5.0,"max_hp_loss":0.0,"gold_gain":0.0,"event_name":"Big Fish","player_choice":"Donut","floor":3.0,"gold_loss":0.0,"damage_taken":0.0},{"cards_removed":["Shame"],"damage_healed":0.0,"max_hp_gain":0.0,"max_hp_loss":0.0,"gold_gain":0.0,"event_name":"Bonfire Elementals","player_choice":"Offered Curse","floor":12.0,"gold_loss":0.0,"damage_taken":0.0,"relics_obtained":["Spirit Poop"]},{"damage_healed":0.0,"max_hp_gain":0.0,"max_hp_loss":0.0,"gold_gain":0.0,"event_name":"The Mausoleum","player_choice":"Opened","floor":20.0,"gold_loss":0.0,"damage_taken":0.0,"relics_obtained":["Tiny Chest"],"cards_obtained":["Writhe"]},{"damage_healed":16.0,"max_hp_gain":0.0,"max_hp_loss":0.0,"gold_gain":0.0,"event_name":"The Library","player_choice":"Heal","floor":21.0,"gold_loss":0.0,"damage_taken":0.0}],"is_beta":false,"boss_relics":[{"not_picked":["Calling Bell","Black Star"],"picked":"Philosopher\u0027s Stone"}],"items_purged_floors":[],"is_endless":false,"potions_floor_spawned":[1,7,13,14,19],"killed_by":"Centurion and Healer","ascension_level":18}}