{"host":"0uumfqrc8aynrssa","time":1612166041,"event":{"mods":["AchievementEnabler","Act Like it!","Aspiration","Astrologer","BaseMod","Better Altar","Better Match","Better Note","Better Sensory Stone","Better Skull","Better Third Choice","Better Vampires","CapriCore","Colored Map","Colored Powertips","Conspire","Downfall","Energized Spire","Friendly Minions","Gensokyo","GifTheSpireLib","Hallownest","Hermit","Highlight Path","Hubris","Infinite Spire","Koishi","Marisa????????","Marked Mod","Minty Spire (QoL Compilation)","Pale of the Ancients","Permanent Neow","Potionbrewer","Random Character Button","Rare Cards Sparkle","Reimu??????","Relic Sorter","Reliquary","Remilia??????","Robot Space Explorer","Shop Mod","Somnambulant","Spicy Shops","Spikes Relics","Spire Arcade","StSLib","Stuff the Spire","The Animator","The Awakened One except there are too many feathers","The Bug Knight","The Cursed","The Hierophant","The Immortal","The Marked","The Problem Sleuth","The Runesmith","The Servant 0.9.4","TheBandit","TheFirefly","Trackpad","Wandering Minibosses","everything is the same but u backflip on backflip","slay the spire mod where everything is the same but ironclad has a cowboy hat"],"gold_per_floor":[118,48,48,15,26,26,60,277,277,311,323,342,342,374,374,475,475,494,494,494,494,494,494,509,81,106,106,106,106,116,49,49,144,144,162,178,178,278,278],"floor_reached":38,"language":"ENG","playtime":2791,"items_purged":["Strike_G","Strike_G","Strike_G"],"score":426,"play_id":"2597e1e6-e38b-4adb-851c-9bb7a32b7a16","local_time":"20210201025401","is_ascension_mode":true,"campfire_choices":[{"data":"Dagger Throw","floor":6.0,"key":"SMITH"},{"floor":13.0,"key":"REST"},{"floor":15.0,"key":"REST"},{"data":"infinitespire:Neurotoxin","floor":23.0,"key":"SMITH"},{"floor":29.0,"key":"REST"},{"floor":32.0,"key":"REST"}],"circlet_count":0,"master_deck":["Strike_G+1","Strike_G+1","Defend_G","Defend_G+1","Defend_G+1","Defend_G","Defend_G","Survivor","Neutralize+1","Dagger Throw+1","Dagger Throw+1","infinitespire:Neurotoxin+1","StuffTheSpire:Repulse","Malaise","Dagger Spray","Writhe","Noxious Fumes","Malaise","Poisoned Stab","Malaise","Deadly Poison+1"],"relics":["Ring of the Snake","aspiration:Nostalgia","animator:TheMissingPiece","StuffTheSpire:Barrel","Whetstone","Pantograph","reliquary:HotPoker","reliquary:Knoch","hubris:VirtuousBlindfold","reliquary:TuningFork","hubris:Icosahedron","Nilry\u0027s Codex","ExplosiveVial","trackpad:IceCube","Sozu","Sling","conspire:SlowCooker"],"acts_visited":["Gensokyo:Gensokyo","TheCity","TheBeyond"],"potions_floor_usage":[],"damage_taken":[{"damage":7.0,"enemies":"Gensokyo:Gryphon","floor":1.0,"turns":5.0},{"damage":0.0,"enemies":"Gensokyo:3_Fairies","floor":5.0,"turns":6.0},{"damage":15.0,"enemies":"Gensokyo:Aya","floor":7.0,"turns":8.0},{"damage":4.0,"enemies":"Gensokyo:2_Kodama","floor":8.0,"turns":4.0},{"damage":18.0,"enemies":"Gensokyo:Cirno","floor":10.0,"turns":8.0},{"damage":0.0,"enemies":"Gensokyo:VengefulSpirit","floor":11.0,"turns":3.0},{"damage":0.0,"enemies":"Gensokyo:Kitsune","floor":12.0,"turns":2.0},{"damage":4.0,"enemies":"Gensokyo:Mamizou","floor":14.0,"turns":6.0},{"damage":17.0,"enemies":"Gensokyo:Reimu","floor":16.0,"turns":11.0},{"damage":0.0,"enemies":"3 Byrds","floor":18.0,"turns":5.0},{"damage":51.0,"enemies":"Spheric Guardian","floor":24.0,"turns":5.0},{"damage":0.0,"enemies":"Snake Plant","floor":30.0,"turns":4.0},{"damage":58,"enemies":"Collector","floor":33,"turns":7},{"damage":25,"enemies":"3 Shapes","floor":35,"turns":8},{"damage":31,"enemies":"Orb Walker","floor":36,"turns":8},{"damage":15,"enemies":"4 Shapes","floor":38,"turns":6}],"seed_played":"9141540421205294018","potions_obtained":[{"floor":1.0,"key":"Weak Potion"},{"floor":7.0,"key":"potionbrewer:EndurancePotion"},{"floor":8.0,"key":"SteroidPotion"},{"floor":14.0,"key":"bronze:BurnAndBuffPotion"},{"floor":24.0,"key":"Slimebound:ThreeZeroPotion"}],"is_trial":false,"path_per_floor":["M","?","?","COS","M","R","E","M","T","E","M","M","R","E","R","B",null,"M","?","?","?","?","R","M","$","T","AVR","?","R","M","$","R","B",null,"M","M","?","M"],"character_chosen":"THE_SILENT","items_purchased":["Noxious Fumes","ExplosiveVial","Poisoned Stab"],"campfire_rested":4,"item_purchase_floors":[25,25,31],"current_hp_per_floor":[63,63,22,22,30,30,23,19,19,1,1,1,22,18,39,47,70,70,70,70,70,54,54,3,3,3,3,3,24,24,24,45,20,70,45,14,14,0,0],"gold":278,"neow_bonus":"NOSTALGIA","is_daily":false,"chose_seed":false,"campfire_upgraded":2,"win_rate":0.0,"timestamp":1612166041,"path_taken":["M","?","?","COS","M","R","E","M","T","E","M","?","R","E","R","BOSS","M","?","?","?","?","R","M","$","T","AVR","?","R","M","?","R","BOSS","M","M","?","M"],"items_purchased_type":["Card","Relic","Card"],"build_version":"2020-12-22","purchased_purges":3,"victory":false,"max_hp_per_floor":[70,70,70,70,70,70,70,70,70,70,70,70,70,70,70,70,70,70,70,70,70,70,70,70,70,70,70,70,70,70,70,70,70,70,70,70,70,70,70],"card_choices":[{"not_picked":["StuffTheSpire:BumpUp","Outmaneuver"],"picked":"Dagger Throw","floor":1.0},{"not_picked":["ShadowRift","Concentrate"],"picked":"Dagger Throw","floor":5.0},{"not_picked":["Reflex","Distraction"],"picked":"infinitespire:Neurotoxin","floor":7.0},{"not_picked":["StuffTheSpire:FinalStruggle","StuffTheSpire:Incantation"],"picked":"StuffTheSpire:Repulse","floor":10.0},{"not_picked":["Masterful Stab","All Out Attack","Outmaneuver"],"picked":"SKIP","floor":11.0},{"not_picked":["StuffTheSpire:BumpUp","Terror"],"picked":"Infinite Blades","floor":12.0},{"not_picked":["Bullet Time","Glass Knife"],"picked":"Malaise","floor":16.0},{"not_picked":["Calculated Gamble","Dagger Throw"],"picked":"Dagger Spray","floor":18.0},{"not_picked":["Dodge and Roll","StuffTheSpire:DoubleShiv","Flying Knee"],"picked":"SKIP","floor":24.0},{"not_picked":["Sucker Punch+1","StuffTheSpire:BumpUp+1"],"picked":"Malaise","floor":30.0},{"not_picked":["Venomology","A Thousand Cuts"],"picked":"Malaise","floor":33},{"not_picked":["hubris:Counter","Accuracy"],"picked":"Deadly Poison+1","floor":36}],"player_experience":959080,"relics_obtained":[{"floor":7.0,"key":"Whetstone"},{"floor":9.0,"key":"Pantograph"},{"floor":10.0,"key":"reliquary:HotPoker"},{"floor":14.0,"key":"reliquary:Knoch"},{"floor":22.0,"key":"Nilry\u0027s Codex"},{"floor":26.0,"key":"trackpad:IceCube"}],"event_choices":[{"damage_healed":0.0,"max_hp_gain":0.0,"max_hp_loss":0.0,"gold_gain":0.0,"event_name":"betterSkull:BetterSkull","player_choice":"RE UP UP ","floor":3.0,"gold_loss":0.0,"damage_taken":47.0,"cards_upgraded":["Strike_G","Defend_G"],"relics_obtained":["StuffTheSpire:Barrel"]},{"damage_healed":0.0,"max_hp_gain":0.0,"max_hp_loss":0.0,"gold_gain":0.0,"event_name":"The Mausoleum","player_choice":"Opened","floor":20.0,"gold_loss":0.0,"damage_taken":0.0,"relics_obtained":["reliquary:TuningFork"],"cards_obtained":["Writhe"]},{"damage_healed":0.0,"max_hp_gain":0.0,"max_hp_loss":0.0,"gold_gain":0.0,"event_name":"Cursed Tome","player_choice":"Obtained Book","floor":22.0,"gold_loss":0.0,"damage_taken":16.0},{"damage_healed":0.0,"max_hp_gain":0.0,"max_hp_loss":0.0,"gold_gain":0.0,"event_name":"betterMatch:BetterMatch","player_choice":"3","floor":28.0,"gold_loss":0.0,"damage_taken":0.0,"cards_obtained":[]},{"cards_removed":["Infinite Blades"],"damage_healed":0,"gold_gain":0,"player_choice":"Removed Power","damage_taken":0,"max_hp_gain":0,"max_hp_loss":0,"event_name":"Falling","floor":37,"gold_loss":0}],"is_beta":false,"boss_relics":[{"not_picked":["energizedSpire:MagnifyingGlass","Runic Dome"],"picked":"hubris:VirtuousBlindfold"},{"not_picked":["hubris:RunicObelisk","StuffTheSpire:Kangaroo"],"picked":"conspire:SlowCooker"}],"items_purged_floors":[25,25,27],"is_endless":false,"potions_floor_spawned":[1,7,8,14,24],"killed_by":"4 Shapes","ascension_level":2}}