{"host":"5rhdqk7nbnm087ui","time":1612172742,"event":{"mods":["ATMod(°¢èªMod)","AchievementEnabler","Act Like it!","Aspiration","BaseMod","GungeonMod","Highlight Path","HololiveMod","Jedi Mod","Marisa£¨ìFÓê¡¡Ä§ÀíÉ³£©","Minty Spire (QoL Compilation)","Relic Stats","Reliquary","Replay The Spire","SIMod","Spicy Shops","StSLib","Waifu the Spire","WarShipGirlsR/Õ½½¢ÉÙÅ®R mod","Yuri Mod","¡¾ÒÅÎï¿¨ÅÆ¡¿REMEMod","óô»ðÖ¸ÄÏ"],"gold_per_floor":[82,82,98,110,110,110,140,140,193,226,226,301,333,346,346,445,445,462,481,501,519,531,559,525,580,580,580,768,826,826,826,443,571,621,756,756,550,597,639,639,848,848,871,690,798,798,915,966,431,574],"floor_reached":51,"language":"ZHS","playtime":3089,"items_purged":["Pain"],"score":1809,"play_id":"75138118-21a6-48cf-be46-90eb768801eb","local_time":"20210201174542","is_ascension_mode":true,"campfire_choices":[{"data":"AT_FamilyPortrait","floor":6,"key":"SMITH"},{"data":"Hololive_CallAkiRosenthal","floor":8,"key":"SMITH"},{"data":"Hololive_CallCivia","floor":11,"key":"SMITH"},{"data":"Hololive_OvertimeWork","floor":15,"key":"SMITH"},{"data":"Hololive_DDD","floor":30,"key":"SMITH"},{"data":"Hololive_CallUruhaRushia","floor":40,"key":"SMITH"},{"data":"Hololive_CallOkamiMio","floor":42,"key":"SMITH"}],"circlet_count":0,"master_deck":["AscendersBane","Hololive_Defend","Hololive_SoulCatcher","Hololive_CallAkiRosenthal+1","Hololive_CallAkaiHaato","Hololive_CallCivia+1","Hololive_CallNakiriAyame+1","Hololive_CallInugamiKorone+1","AT_FamilyPortrait+1","Hololive_CallHoshimachiSuisei+1","Hololive_CallOkamiMio+1","Hololive_Rebound","Hololive_CallTokoyamiTowa","Hololive_CallYuzukiChoco","Hololive_OvertimeWork+1","Hololive_CallKiryuuCoco","Reaper","Hololive_CallTsunomakiWatame","Hololive_CallYozoraMel+1","Hololive_IdolExercise","Hololive_FlyingPonyTail+1","Hololive_OpenUp","Hololive_CallOzoraSubaru+1","Hololive_CallHoshimachiSuisei","Hololive_LuckPotion","Hololive_Sequa","Hololive_DDD+1","Hololive_CallRosalyn","Hololive_Rebirth","Hololive_CallUruhaRushia+1","Hololive_FlyingPonyTail+1","Hololive_RevenueBasedLive","Hololive_CallAmaneKanata+1","Hololive_CallMurasakiShion","Hololive_DevilCharm+1","Hololive_CallNekomataOkayu","Hololive_CallDoris+1","Hololive_DevilCharm","Hololive_CallShirakamiFubuki+1","Hololive_FlyingPonyTail","Hololive_FlyingPonyTail+1","Hololive_CallShiranuiFlare","Hololive_FlyingPonyTail"],"relics":["Hololive_TheStar","REME_ComplimentaryCards","AT_ATBox","aspiration:Nostalgia","Iron Core","MealTicket","AT_ChloranthyRing","DemoMod:PoisonVial","aspiration:ChemicalBlood","Sozu","AT_MibuBalloonWealth","Potion Belt","Darkstone Periapt","DemoMod:GlassGuonStoneRelic","reliquary:ExpiredCoupon","WingedGreaves","reliquary:Stiletto","AT_EbonyIvory","Tiny House","Hololive_LightStick","CatCart","Ancient Tea Set","ReplayTheSpireMod:CursedCoin","Happy Flower","ReplayFunnel","reliquary:RosewoodLute","REME_HourglassOfDeath","Orrery"],"acts_visited":["Exordium","TheCity","TheBeyond"],"potions_floor_usage":[7,13,23],"damage_taken":[{"damage":0,"enemies":"Jaw Worm","floor":1,"turns":4},{"damage":6,"enemies":"Small Slimes","floor":3,"turns":5},{"damage":0,"enemies":"Cultist","floor":4,"turns":4},{"damage":0,"enemies":"Gremlin Nob","floor":7,"turns":5},{"damage":0,"enemies":"3 Sentries","floor":10,"turns":7},{"damage":0,"enemies":"Lagavulin","floor":13,"turns":5},{"damage":0,"enemies":"Large Slime","floor":14,"turns":4},{"damage":0,"enemies":"Slime Boss","floor":16,"turns":5},{"damage":0,"enemies":"Shell Parasite","floor":18,"turns":4},{"damage":0,"enemies":"Spheric Guardian","floor":19,"turns":3},{"damage":0,"enemies":"Centurion and Healer","floor":20,"turns":6},{"damage":0,"enemies":"Snecko","floor":21,"turns":4},{"damage":0,"enemies":"Snake Plant","floor":22,"turns":3},{"damage":0,"enemies":"Slavers","floor":23,"turns":4},{"damage":0,"enemies":"Book of Stabbing","floor":25,"turns":5},{"damage":9,"enemies":"Slavers","floor":28,"turns":6},{"damage":0,"enemies":"Book of Stabbing","floor":29,"turns":3},{"damage":0,"enemies":"Champ","floor":33,"turns":7},{"damage":0,"enemies":"3 Darklings","floor":35,"turns":6},{"damage":0,"enemies":"Orb Walker","floor":38,"turns":2},{"damage":0,"enemies":"Transient","floor":39,"turns":5},{"damage":0,"enemies":"Orin","floor":41,"turns":9},{"damage":0,"enemies":"Jaw Worm Horde","floor":45,"turns":3},{"damage":0,"enemies":"4 Shapes","floor":47,"turns":3},{"damage":0,"enemies":"Spire Growth","floor":48,"turns":5},{"damage":0,"enemies":"Awakened One","floor":50,"turns":7}],"seed_played":"-8994076821424274591","potions_obtained":[{"floor":4,"key":"jedi:wingpotion"},{"floor":7,"key":"REME_GoldPotion"},{"floor":10,"key":"BlessingOfTheForge"},{"floor":14,"key":"DemoMod:BlankPotion"},{"floor":16,"key":"Adrenaline Potion"}],"is_trial":false,"path_per_floor":["M","?","M","M","?","R","E","R","T","E","R","?","E","M","R","B",null,"M","M","M","M","M","E","?","E","T","?","E","E","R","?","R","B",null,"M","?","$","M","M","R","?","R","T","R","M","?","M","M","R","B",null],"character_chosen":"Hololive_HololiveCharacter","items_purchased":["reliquary:Stiletto","Hololive_CallRosalyn","AT_EbonyIvory","Hololive_LightStick","Hololive_RevenueBasedLive","ReplayTheSpireMod:CursedCoin","Happy Flower","Hololive_CallNekomataOkayu","ReplayFunnel","reliquary:RosewoodLute","Hololive_CallShirakamiFubuki+1","REME_HourglassOfDeath","Orrery"],"campfire_rested":0,"item_purchase_floors":[32,32,32,37,37,44,44,44,44,49,49,49,49],"current_hp_per_floor":[32,32,26,26,26,26,26,26,26,26,26,23,23,23,23,23,32,32,32,35,35,35,35,35,35,35,35,26,35,35,35,35,35,40,40,40,40,40,40,40,40,40,40,46,46,46,46,46,46,46],"gold":574,"neow_bonus":"NOSTALGIA","is_daily":false,"chose_seed":false,"campfire_upgraded":7,"win_rate":0.0,"timestamp":1612172742,"path_taken":["M","?","M","M","?","R","E","R","T","E","R","?","E","M","R","BOSS","M","M","M","M","M","E","?","E","T","?","E","E","R","?","R","BOSS","M","?","$","M","M","R","?","R","T","R","M","?","M","?","R","BOSS"],"items_purchased_type":["Relic","Card","Relic","Relic","Card","Relic","Relic","Card","Relic","Relic","Card","Relic","Relic"],"build_version":"2020-12-22","purchased_purges":1,"victory":true,"max_hp_per_floor":[35,35,35,35,35,35,35,35,35,35,35,35,35,35,35,35,35,35,35,35,35,35,35,35,35,35,35,35,35,35,35,35,35,40,40,40,40,40,40,40,40,40,40,46,46,46,46,46,46,46],"relic_stats":{"Sozu":11,"Darkstone Periapt":6,"Happy Flower":[6],"counters":[26,124],"MealTicket":0,"obtain_stats":[{"Darkstone Periapt":26,"ReplayFunnel":44,"Iron Core":0,"AT_ATBox":0,"Tiny House":34,"DemoMod:PoisonVial":10,"AT_MibuBalloonWealth":23,"DemoMod:GlassGuonStoneRelic":3,"Ancient Tea Set":43,"Sozu":17,"MealTicket":7,"WingedGreaves":29,"aspiration:ChemicalBlood":13,"AT_ChloranthyRing":9,"Potion Belt":25,"Happy Flower":44,"aspiration:Nostalgia":0,"ReplayTheSpireMod:CursedCoin":44,"AT_EbonyIvory":32,"reliquary:RosewoodLute":49,"reliquary:ExpiredCoupon":28,"Hololive_LightStick":37,"REME_HourglassOfDeath":49,"Hololive_TheStar":0,"Orrery":49,"reliquary:Stiletto":32,"CatCart":41,"REME_ComplimentaryCards":0},{"Darkstone Periapt":15,"ReplayFunnel":22,"Iron Core":0,"AT_ATBox":0,"Tiny House":18,"DemoMod:PoisonVial":5,"AT_MibuBalloonWealth":14,"DemoMod:GlassGuonStoneRelic":2,"Ancient Tea Set":22,"Sozu":8,"MealTicket":4,"WingedGreaves":17,"aspiration:ChemicalBlood":6,"AT_ChloranthyRing":4,"Potion Belt":15,"Happy Flower":22,"aspiration:Nostalgia":0,"ReplayTheSpireMod:CursedCoin":22,"AT_EbonyIvory":17,"reliquary:RosewoodLute":25,"reliquary:ExpiredCoupon":16,"Hololive_LightStick":19,"REME_HourglassOfDeath":25,"Hololive_TheStar":0,"Orrery":25,"reliquary:Stiletto":17,"CatCart":22,"REME_ComplimentaryCards":0},{"Darkstone Periapt":68,"ReplayFunnel":106,"Iron Core":0,"AT_ATBox":0,"Tiny House":84,"DemoMod:PoisonVial":25,"AT_MibuBalloonWealth":63,"DemoMod:GlassGuonStoneRelic":9,"Ancient Tea Set":106,"Sozu":39,"MealTicket":18,"WingedGreaves":77,"aspiration:ChemicalBlood":30,"AT_ChloranthyRing":18,"Potion Belt":68,"Happy Flower":106,"aspiration:Nostalgia":0,"ReplayTheSpireMod:CursedCoin":106,"AT_EbonyIvory":77,"reliquary:RosewoodLute":117,"reliquary:ExpiredCoupon":74,"Hololive_LightStick":90,"REME_HourglassOfDeath":117,"Hololive_TheStar":0,"Orrery":117,"reliquary:Stiletto":77,"CatCart":106,"REME_ComplimentaryCards":0}]},"card_choices":[{"not_picked":["Iron Wave","Beam Cell","Hololive_ManjiGathering","Anger"],"picked":"SKIP","floor":1},{"not_picked":["Gash","Hololive_CocoNews","Hologram"],"picked":"Hololive_Rebound","floor":3},{"not_picked":["Hololive_CallNakiriAyame","Hololive_Rebirth","Hololive_LuckPotion"],"picked":"Hololive_CallTokoyamiTowa","floor":4},{"not_picked":["Anger","Recycle","Clash"],"picked":"Hololive_CallYuzukiChoco","floor":7},{"not_picked":["Hololive_RevenueBasedLive","Hololive_DiamondStrike","Cold Snap"],"picked":"Hololive_LuckPotion","floor":10},{"not_picked":["Hololive_Sequa","Hololive_Trident","Hololive_CallOkamiMio"],"picked":"Hololive_OvertimeWork","floor":13},{"not_picked":["Gash","Hololive_RevenueBasedLive","Heavy Blade"],"picked":"Hololive_CallKiryuuCoco","floor":14},{"not_picked":["Hololive_FlareMind","Hololive_BeCareful","ReplayTheSpireMod:Omega Cannon"],"picked":"Reaper","floor":16},{"not_picked":["Hololive_Psychosis+1","Hololive_OvertimeWork+1","Hololive_CallShishiroBotan"],"picked":"Hololive_CallTsunomakiWatame","floor":18},{"not_picked":["Hololive_LuckPotion","Hololive_Psychosis+1","Hololive_Rebound"],"picked":"Hololive_CallYozoraMel+1","floor":19},{"not_picked":["Hololive_CallOkamiMio+1","Hololive_HuntDinosaur","Hololive_Breathe"],"picked":"Hololive_IdolExercise","floor":20},{"not_picked":["Hololive_LuckPotion","Hololive_Rebound","Hololive_HuntDinosaur","Hololive_Breathe"],"picked":"SKIP","floor":21},{"not_picked":["Hololive_Sequa","Hololive_Drill","Hololive_CocoNews"],"picked":"Hololive_FlyingPonyTail+1","floor":22},{"not_picked":["Hololive_LuckPotion","Hololive_Drill","Hololive_OvertimeWork"],"picked":"Hololive_OpenUp","floor":23},{"not_picked":["Hololive_RevenueBasedLive+1","Hololive_FlyingPonyTail","Hololive_Breathe+1"],"picked":"Hololive_CallOzoraSubaru+1","floor":25},{"not_picked":["Hololive_CocoNews","Hololive_ManjiGathering","Hololive_StrengthChampion"],"picked":"Hololive_Sequa","floor":28},{"not_picked":["Hololive_Psychosis+1","Hololive_Breathe+1","Hololive_CocoNews"],"picked":"Hololive_DDD","floor":29},{"not_picked":["Hololive_HighAtkLowDef","Hololive_ASMR","Hololive_BeCareful"],"picked":"Hololive_Rebirth","floor":33},{"not_picked":["Hololive_Watashimo+1","Hololive_RevenueBasedLive","Hololive_CallYogiri"],"picked":"Hololive_CallUruhaRushia","floor":34},{"not_picked":["Hololive_RevenueBasedLive","Hololive_CallKiryuuCoco","Hololive_CallAkaiHaato+1"],"picked":"Hololive_FlyingPonyTail+1","floor":35},{"not_picked":["Hololive_LuckPotion+1","Hololive_Teleport","Hololive_CallArtia+1"],"picked":"Hololive_CallAmaneKanata+1","floor":38},{"not_picked":["Hololive_Psychosis","Hololive_CandyCastle+1","Hololive_Rebound"],"picked":"Hololive_CallMurasakiShion","floor":39},{"not_picked":["Hololive_Drill","Hololive_Breathe+1","Hololive_CallOkamiMio"],"picked":"Hololive_DevilCharm+1","floor":41},{"not_picked":["Hololive_HighAtkLowDef","Hololive_CallMurasakiShion","Hololive_Teleport","Hololive_RevenueBasedLive"],"picked":"SKIP","floor":45},{"not_picked":["Hololive_CallTsunomakiWatame","Hololive_Psychosis","Hololive_CallShirakamiFubuki"],"picked":"Hololive_CallDoris+1","floor":47},{"not_picked":["Hololive_CallRosalyn","Hololive_StrengthChampion+1","Hololive_LuckPotion+1"],"picked":"Hololive_DevilCharm","floor":48},{"not_picked":["Hololive_Sequa+1","Hololive_CallTsunomakiWatame","Hololive_RevenueBasedLive"],"picked":"Hololive_FlyingPonyTail","floor":49},{"not_picked":["Hololive_CocoNews","Hololive_Drill","Hololive_CallInugamiKorone"],"picked":"Hololive_FlyingPonyTail+1","floor":49},{"not_picked":["Hololive_Psychosis+1","Hololive_Trident","Hololive_CallOmaruPolka+1"],"picked":"Hololive_CallShiranuiFlare","floor":49},{"not_picked":["Hololive_HuntDinosaur","Hololive_CallTsunomakiWatame","Hololive_LuckPotion+1"],"picked":"Hololive_FlyingPonyTail","floor":49}],"player_experience":151181,"relics_obtained":[{"floor":7,"key":"MealTicket"},{"floor":9,"key":"AT_ChloranthyRing"},{"floor":10,"key":"DemoMod:PoisonVial"},{"floor":13,"key":"aspiration:ChemicalBlood"},{"floor":23,"key":"AT_MibuBalloonWealth"},{"floor":25,"key":"Potion Belt"},{"floor":26,"key":"Darkstone Periapt"},{"floor":28,"key":"reliquary:ExpiredCoupon"},{"floor":29,"key":"WingedGreaves"},{"floor":41,"key":"CatCart"},{"floor":43,"key":"Ancient Tea Set"}],"event_choices":[{"damage_healed":0,"gold_gain":0,"cards_transformed":["Hololive_Strike"],"player_choice":"Change","damage_taken":0,"max_hp_gain":0,"max_hp_loss":0,"event_name":"Living Wall","floor":2,"gold_loss":0,"cards_obtained":["Hololive_CallOkamiMio"]},{"damage_healed":0,"gold_gain":75,"player_choice":"Touch","damage_taken":3,"max_hp_gain":0,"max_hp_loss":0,"event_name":"FaceTrader","floor":12,"gold_loss":0},{"damage_healed":0,"gold_gain":0,"cards_transformed":["Hololive_Defend","Hololive_Strike"],"player_choice":"Became Test Subject","damage_taken":0,"max_hp_gain":0,"max_hp_loss":0,"event_name":"Drug Dealer","floor":27,"gold_loss":0,"cards_obtained":["Hololive_CallHoshimachiSuisei","Hololive_LuckPotion"]},{"cards_removed":["Hololive_LuckPotion"],"damage_healed":0,"gold_gain":0,"player_choice":"Removed Skill","damage_taken":0,"max_hp_gain":0,"max_hp_loss":0,"event_name":"Falling","floor":36,"gold_loss":0},{"damage_healed":0,"gold_gain":0,"player_choice":"Fight","damage_taken":0,"max_hp_gain":0,"max_hp_loss":0,"event_name":"OrinTheCat","floor":41,"gold_loss":0},{"damage_healed":0,"gold_gain":0,"player_choice":"Got Potions","damage_taken":0,"max_hp_gain":0,"max_hp_loss":0,"event_name":"Lab","floor":46,"gold_loss":0}],"is_beta":false,"boss_relics":[{"not_picked":["aspiration:RitualDagger","Hololive_TopUpMoneyS"],"picked":"Sozu"},{"not_picked":["Ring of Chaos","aspiration:WatcherSkillbook"],"picked":"Tiny House"}],"items_purged_floors":[44],"is_endless":false,"potions_floor_spawned":[4,7,10,14,16,18,22,25,29,38,45,47],"ascension_level":11}}