{"host":"w4b7hmige5bnqipq","time":1612183646,"event":{"mods":["2.2 Compatiblity","BaseMod","Colored Map","DeckTracker","Keyboard Shortcuts","Minty Spire (QoL Compilation)","Permanent Neow","Rare Cards Sparkle","SuperFastMode","everything is the same but u backflip on backflip","slay the spire mod where everything is the same but ironclad has a cowboy hat"],"gold_per_floor":[15,290,300,311,328,328,362,362,413,427,427,118,132,163,163,261,261,281,28,28,44,44,44,72,72,72,107,119,119,119],"floor_reached":29,"language":"KOR","playtime":840,"items_purged":["Regret","Strike_B"],"score":447,"play_id":"db639ed6-9861-4005-a61d-9cd3fd650466","local_time":"20210201214726","is_ascension_mode":true,"campfire_choices":[{"data":"Fusion","floor":6,"key":"SMITH"},{"data":"Genetic Algorithm","floor":8,"key":"SMITH"},{"floor":11,"key":"REST"},{"data":"Ball Lightning","floor":15,"key":"SMITH"},{"data":"Double Energy","floor":23,"key":"SMITH"},{"floor":25,"key":"REST"}],"circlet_count":0,"master_deck":["AscendersBane","Strike_B","Strike_B","Strike_B","Defend_B","Defend_B","Defend_B","Defend_B","Zap","Dualcast","Chill","Fusion+1","Ball Lightning+1","Genetic Algorithm+1","Gash+1","Go for the Eyes+1","Sunder+1","Streamline+1","Aggregate","Thunder Strike+1","CurseOfTheBell","Tempest","Double Energy+1","Biased Cognition","Electrodynamics","Defragment"],"relics":["Cracked Core","Incense Burner","Molten Egg 2","Potion Belt","Medical Kit","Bag of Preparation","Calling Bell","Anchor","Mummified Hand","Torii","OrangePellets","The Courier","Gambling Chip","Kunai","Boot"],"acts_visited":["Exordium","TheCity"],"potions_floor_usage":[7,7,24,24,29],"damage_taken":[{"damage":1,"enemies":"2 Louse","floor":1,"turns":2},{"damage":2,"enemies":"Cultist","floor":3,"turns":4},{"damage":14,"enemies":"Jaw Worm","floor":4,"turns":5},{"damage":2,"enemies":"Exordium Wildlife","floor":5,"turns":5},{"damage":34,"enemies":"Gremlin Nob","floor":7,"turns":4},{"damage":9,"enemies":"Looter","floor":10,"turns":3},{"damage":1,"enemies":"Blue Slaver","floor":13,"turns":3},{"damage":0,"enemies":"Lagavulin","floor":14,"turns":7},{"damage":11,"enemies":"Slime Boss","floor":16,"turns":9},{"damage":6,"enemies":"Chosen","floor":18,"turns":5},{"damage":19,"enemies":"Spheric Guardian","floor":21,"turns":4},{"damage":39,"enemies":"Book of Stabbing","floor":24,"turns":7},{"damage":18,"enemies":"Slavers","floor":27,"turns":5},{"damage":0,"enemies":"Chosen and Byrds","floor":28,"turns":3},{"damage":11,"enemies":"3 Cultists","floor":29,"turns":3}],"seed_played":"8749895630957106718","potions_obtained":[{"floor":1,"key":"Fire Potion"},{"floor":4,"key":"Fruit Juice"},{"floor":13,"key":"LiquidMemories"},{"floor":16,"key":"AttackPotion"},{"floor":27,"key":"SpeedPotion"},{"floor":28,"key":"Block Potion"}],"is_trial":false,"path_per_floor":["M","?","M","M","M","R","E","R","T","M","R","$","M","E","R","B",null,"M","$","?","M","?","R","E","R","T","E","M","M"],"character_chosen":"DEFECT","items_purchased":["Medical Kit","Sunder+1","OrangePellets"],"campfire_rested":2,"item_purchase_floors":[12,12,19],"current_hp_per_floor":[67,67,65,51,49,49,20,20,20,11,35,35,34,34,34,23,66,60,60,60,41,41,41,2,26,26,8,8,0,0],"gold":119,"neow_bonus":"ONE_RARE_RELIC","is_daily":false,"chose_seed":false,"campfire_upgraded":4,"win_rate":0.0,"timestamp":1612183646,"path_taken":["M","?","M","M","M","R","E","R","T","M","R","$","?","E","R","BOSS","M","?","?","M","?","R","E","R","T","E","M","M"],"items_purchased_type":["Relic","Card","Relic"],"build_version":"2020-12-22","purchased_purges":2,"victory":false,"max_hp_per_floor":[75,75,75,75,75,75,80,80,80,80,80,80,80,80,80,80,80,80,80,80,80,80,80,80,80,80,80,80,80,80],"card_choices":[{"not_picked":["FTL","Rebound"],"picked":"Chill","floor":1},{"not_picked":["Scrape","Hologram"],"picked":"Fusion","floor":3},{"not_picked":["Coolheaded","Turbo"],"picked":"Ball Lightning","floor":4},{"not_picked":["Rip and Tear","Stack"],"picked":"Genetic Algorithm","floor":5},{"not_picked":["Reprogram","Recycle"],"picked":"Gash+1","floor":7},{"not_picked":["Chaos","Amplify"],"picked":"Go for the Eyes+1","floor":10},{"not_picked":["Melter+1","Turbo"],"picked":"Streamline+1","floor":13},{"not_picked":["Self Repair","Double Energy"],"picked":"Aggregate","floor":14},{"not_picked":["Reboot","Multi-Cast"],"picked":"Thunder Strike+1","floor":16},{"not_picked":["Hello World","Coolheaded+1"],"picked":"Tempest","floor":18},{"not_picked":["Gash+1","Ball Lightning+1"],"picked":"Double Energy","floor":21},{"not_picked":["Cold Snap+1","Barrage+1"],"picked":"Biased Cognition","floor":24},{"not_picked":["Conserve Battery","Barrage+1"],"picked":"Electrodynamics","floor":27},{"not_picked":["Turbo","Heatsinks"],"picked":"Defragment","floor":28}],"player_experience":688507,"relics_obtained":[{"floor":7,"key":"Molten Egg 2"},{"floor":9,"key":"Potion Belt"},{"floor":14,"key":"Bag of Preparation"},{"floor":17,"key":"Anchor"},{"floor":17,"key":"Mummified Hand"},{"floor":17,"key":"Torii"},{"floor":24,"key":"Gambling Chip"},{"floor":26,"key":"Kunai"},{"floor":27,"key":"Boot"}],"event_choices":[{"damage_healed":0,"gold_gain":275,"player_choice":"Desecrate","damage_taken":0,"max_hp_gain":0,"max_hp_loss":0,"event_name":"Golden Shrine","floor":2,"gold_loss":0,"cards_obtained":["Regret"]},{"damage_healed":0,"gold_gain":0,"player_choice":"Opened","damage_taken":0,"relics_obtained":["The Courier"],"max_hp_gain":0,"max_hp_loss":0,"event_name":"The Mausoleum","floor":20,"gold_loss":0},{"damage_healed":0,"gold_gain":0,"player_choice":"Ignored","damage_taken":0,"max_hp_gain":0,"max_hp_loss":0,"event_name":"Ghosts","floor":22,"gold_loss":0}],"is_beta":false,"boss_relics":[{"not_picked":["Runic Dome","Empty Cage"],"picked":"Calling Bell"}],"items_purged_floors":[12,19],"is_endless":false,"potions_floor_spawned":[1,4,13,16,27,28],"killed_by":"3 Cultists","ascension_level":10}}