{"host":"7iv10lxbxedtd0qh","time":1612201466,"event":{"mods":["BaseMod","Colored Map","Colored Powertips","Downfall","Minty Spire (QoL Compilation)","StSLib"],"gold_per_floor":[0,19,19,43,54,54,54,54,79,64,64,84,94,114,129,234,234,234,253,272,135,155,155,155,186,202,287,24,54,54,67,80,177,177,77,95,95,95,95,95,95,107,123,143,156,207,207,220,233,233],"floor_reached":51,"language":"ENG","playtime":3043,"items_purged":["sneckomod:UnknownCommonAttack","sneckomod:SnekBite"],"score":726,"play_id":"c6f85059-3bc9-48d5-b1a8-4c165a067eb3","local_time":"20210201184426","is_ascension_mode":true,"campfire_choices":[{"data":"sneckomod:UnknownRarePower","floor":1,"key":"SMITH"},{"data":"Flame Barrier","floor":35,"key":"SMITH"},{"data":"Guardian:StasisField","floor":40,"key":"SMITH"},{"floor":47,"key":"DIG"}],"circlet_count":0,"master_deck":["sneckomod:Defend+1","sneckomod:Defend+1","sneckomod:SnakeSap","sneckomod:UnknownRarePower+1","sneckomod:SnakeSap","Guardian:BronzeOrb","Flame Barrier+1","sneckomod:SoulRoll+1","Guardian:Reroute+1","sneckomod:RainOfDice","sneckomod:SoulDraw","sneckomod:RainOfDice","sneckomod:UnknownWeak","Guardian:FloatingOrbs","sneckomod:SnakeSap","sneckomod:SlitherStrike+1","Metallicize+1","sneckomod:RainOfDice","Demon Form","sneckomod:UnknownUncommonSkill+1","Guardian:StasisField+1","sneckomod:UnknownDraw+1","Armaments+1","sneckomod:UnknownStrength+1"],"relics":["sneckomod:SuperSneckoSoul","War Paint","Bronze Scales","Mummified Hand","Kunai","Astrolabe","Du-Vu Doll","Nunchaku","Toy Ornithopter","downfall:HeartBlessingGreen","downfall:ExtraCursedKey","Shovel","Bag of Preparation"],"acts_visited":["Exordium","TheCity","TheBeyond"],"potions_floor_usage":[16,25,26,28,33,45,46],"damage_taken":[{"damage":0,"enemies":"2 Louse","floor":2,"turns":3},{"damage":0,"enemies":"Jaw Worm","floor":5,"turns":3},{"damage":9,"enemies":"Gremlin Nob","floor":9,"turns":5},{"damage":0,"enemies":"downfall:FleeingMerchant","floor":10,"turns":4},{"damage":0,"enemies":"Small Slimes","floor":12,"turns":3},{"damage":0,"enemies":"Exordium Wildlife","floor":13,"turns":2},{"damage":3,"enemies":"Gremlin Gang","floor":14,"turns":3},{"damage":0,"enemies":"Blue Slaver","floor":15,"turns":3},{"damage":20,"enemies":"IC_STATUS_ARCHETYPE","floor":16,"turns":8},{"damage":10,"enemies":"3 Byrds","floor":19,"turns":3},{"damage":16,"enemies":"Snake Plant","floor":20,"turns":3},{"damage":0,"enemies":"downfall:FleeingMerchant","floor":21,"turns":4},{"damage":8,"enemies":"Cultist and Chosen","floor":22,"turns":6},{"damage":0,"enemies":"Gremlin Leader","floor":25,"turns":5},{"damage":3,"enemies":"3 Cultists","floor":26,"turns":4},{"damage":11,"enemies":"downfall:FleeingMerchant","floor":28,"turns":4},{"damage":1,"enemies":"Book of Stabbing","floor":29,"turns":5},{"damage":9,"enemies":"Snake Plant","floor":31,"turns":4},{"damage":0,"enemies":"Snecko","floor":32,"turns":4},{"damage":49,"enemies":"DF_ARCHETYPE_CLAW","floor":33,"turns":14},{"damage":5,"enemies":"3 Darklings","floor":36,"turns":4},{"damage":23,"enemies":"Orb Walker","floor":42,"turns":5},{"damage":0,"enemies":"Jaw Worm Horde","floor":43,"turns":4},{"damage":0,"enemies":"Transient","floor":44,"turns":5},{"damage":8,"enemies":"Spire Growth","floor":45,"turns":4},{"damage":4,"enemies":"2 Orb Walkers","floor":46,"turns":6},{"damage":0,"enemies":"Sphere and 2 Shapes","floor":48,"turns":3},{"damage":0,"enemies":"Transient","floor":49,"turns":5},{"damage":45,"enemies":"WA_ARCHETYPE_DIVINITY","floor":50,"turns":13}],"seed_played":"-1673864102487745668","potions_obtained":[{"floor":5,"key":"champ:CounterPotion"},{"floor":12,"key":"FearPotion"},{"floor":13,"key":"AttackPotion"},{"floor":16,"key":"Energy Potion"},{"floor":25,"key":"FairyPotion"},{"floor":29,"key":"FairyPotion"},{"floor":31,"key":"Fire Potion"},{"floor":33,"key":"hexamod:SoulburnPotion"},{"floor":36,"key":"sneckomod:DiceRollPotion"},{"floor":39,"key":"Regen Potion"},{"floor":39,"key":"SmokeBomb"},{"floor":45,"key":"Guardian:BlockOnCardUsePotion"},{"floor":49,"key":"SmokeBomb"}],"is_trial":false,"path_per_floor":["R","M","?","T","M","R","T","R","E","$","?","M","M","M","M","B",null,"R","M","M","$","M","R","T","E","M","?","$","E","R","M","M","B",null,"R","M","?","?","?","R","T","M","M","M","M","?","R","M","M","B",null],"character_chosen":"THE_SNECKO","items_purchased":["sneckomod:RainOfDice","sneckomod:UnknownRareSkill"],"campfire_rested":0,"item_purchase_floors":[21,28],"current_hp_per_floor":[90,90,78,78,78,78,78,78,69,69,69,69,69,66,66,46,90,90,83,67,67,59,59,59,59,56,42,31,30,30,21,21,6,93,93,88,88,88,88,88,88,65,65,65,74,75,75,75,75,30],"gold":233,"neow_bonus":"TRANSFORM_TWO_CARDS","is_daily":false,"chose_seed":false,"campfire_upgraded":3,"win_rate":0.0,"timestamp":1612201466,"path_taken":["R","M","?","?","M","R","T","R","E","$","?","?","?","M","M","BOSS","R","M","M","$","M","R","T","E","M","?","$","E","R","M","M","BOSS","R","M","?","?","?","R","T","M","?","M","M","?","R","M","M","BOSS"],"items_purchased_type":["Card","Card"],"build_version":"2020-12-22","purchased_purges":2,"victory":true,"max_hp_per_floor":[90,90,90,90,90,90,90,90,90,90,90,90,90,90,90,90,90,90,93,93,93,93,93,93,93,93,93,93,93,93,93,93,93,93,93,93,93,93,93,93,93,93,93,93,93,93,93,93,93,93],"card_choices":[{"not_picked":["sneckomod:UnknownCommonSkill","sneckomod:SerpentIdol"],"picked":"sneckomod:UnknownBlock","floor":2},{"not_picked":["sneckomod:SoulDraw","sneckomod:UnknownBlock"],"picked":"sneckomod:SnakeSap","floor":5},{"not_picked":["sneckomod:UnendingSupply","sneckomod:SoulRoll","sneckomod:DiceCrush"],"picked":"SKIP","floor":9},{"not_picked":["sneckomod:SoulDraw","sneckomod:UnendingSupply"],"picked":"sneckomod:UnknownCommonAttack","floor":10},{"not_picked":["sneckomod:DiceBlock","sneckomod:UnknownVulnerable","sneckomod:ImprovisedAttack"],"picked":"SKIP","floor":12},{"not_picked":["sneckomod:Nope","sneckomod:UnknownCommonSkill","sneckomod:Mudshield"],"picked":"SKIP","floor":13},{"not_picked":["sneckomod:TrashToTreasure","sneckomod:RainOfDice","sneckomod:Nope"],"picked":"SKIP","floor":14},{"not_picked":["sneckomod:DiceCrush","sneckomod:QuickMove","sneckomod:ImprovisedAttack"],"picked":"SKIP","floor":15},{"not_picked":["sneckomod:Cheat","sneckomod:Mudshield"],"picked":"sneckomod:Unknown3Cost","floor":16},{"not_picked":["sneckomod:QuickBite","sneckomod:DiceCrush","sneckomod:UnknownCommonAttack+1"],"picked":"SKIP","floor":19},{"not_picked":["sneckomod:DiceBoulder+1","sneckomod:UnknownWeak"],"picked":"sneckomod:RainOfDice","floor":20},{"not_picked":["sneckomod:IronFang","sneckomod:SnekBeam"],"picked":"sneckomod:SoulDraw","floor":21},{"not_picked":["sneckomod:PureSnecko","sneckomod:SoulRoll+1"],"picked":"sneckomod:UnknownWeak","floor":22},{"not_picked":["sneckomod:UnknownClassTHE_BRONZE_AUTOMATON","sneckomod:Unknown2Cost","sneckomod:UnknownDexterity"],"picked":"SKIP","floor":25},{"not_picked":["sneckomod:ImprovisedAttack","sneckomod:UnknownUncommonAttack"],"picked":"sneckomod:SnakeSap","floor":26},{"not_picked":["sneckomod:DiceBlock","sneckomod:QuickBite+1","sneckomod:QuickMove"],"picked":"SKIP","floor":28},{"not_picked":["sneckomod:UnknownBlock","sneckomod:UnknownUncommonSkill"],"picked":"sneckomod:SlitherStrike+1","floor":29},{"not_picked":["sneckomod:SnakeSap+1","sneckomod:PureSnecko+1","sneckomod:SoulCleanse"],"picked":"SKIP","floor":31},{"not_picked":["sneckomod:DiceBlock","sneckomod:UnknownBlock+1"],"picked":"sneckomod:RainOfDice","floor":32},{"not_picked":["Guardian:Gem_Lightblue","Guardian:Gem_Green"],"picked":"Guardian:Gem_Cyan","floor":33},{"not_picked":["sneckomod:UnknownDraw","sneckomod:WideSting+1"],"picked":"sneckomod:UnknownUncommonSkill+1","floor":36},{"not_picked":["sneckomod:UnknownClassGUARDIAN","sneckomod:SoulDraw+1"],"picked":"sneckomod:UnknownBlock+1","floor":42},{"not_picked":["sneckomod:QuickBite","sneckomod:UnknownDexterity+1"],"picked":"sneckomod:UnknownDraw+1","floor":43},{"not_picked":["sneckomod:UnknownVulnerable+1","sneckomod:SoulCleanse","sneckomod:SoulDraw"],"picked":"SKIP","floor":44},{"not_picked":["sneckomod:QuickBite+1","sneckomod:DiceCrush","sneckomod:QuickMove"],"picked":"SKIP","floor":45},{"not_picked":["sneckomod:UnknownDraw+1","sneckomod:UnknownStrike"],"picked":"sneckomod:UnknownStrength+1","floor":48},{"not_picked":["sneckomod:SoulRoll+1","sneckomod:UnknownStrike+1","sneckomod:SlitherStrike+1"],"picked":"SKIP","floor":49}],"player_experience":779115,"relics_obtained":[{"floor":4,"key":"Bronze Scales"},{"floor":7,"key":"Mummified Hand"},{"floor":9,"key":"Kunai"},{"floor":24,"key":"Du-Vu Doll"},{"floor":25,"key":"Nunchaku"},{"floor":29,"key":"Toy Ornithopter"},{"floor":46,"key":"Shovel"},{"floor":47,"key":"Bag of Preparation"}],"event_choices":[{"damage_healed":0,"gold_gain":0,"player_choice":"Success","damage_taken":12,"relics_obtained":["War Paint"],"max_hp_gain":0,"max_hp_loss":0,"event_name":"Scrap Ooze","floor":3,"gold_loss":0},{"damage_healed":0,"gold_gain":0,"player_choice":"Got Potions","damage_taken":0,"max_hp_gain":0,"max_hp_loss":0,"event_name":"Lab","floor":39,"gold_loss":0},{"damage_healed":0,"gold_gain":0,"player_choice":"Fight","damage_taken":0,"max_hp_gain":0,"max_hp_loss":0,"event_name":"Mysterious Sphere","floor":46,"gold_loss":0}],"is_beta":false,"boss_relics":[{"not_picked":["Velvet Choker","Pandora\u0027s Box"],"picked":"Astrolabe"},{"not_picked":["Black Star","bronze:MakeshiftBattery"],"picked":"sneckomod:SuperSneckoSoul"}],"items_purged_floors":[21,28],"is_endless":false,"potions_floor_spawned":[5,12,13,16,20,25,29,31,33,36,42,45,49],"ascension_level":1}}