{"host":"jpcy2bclvs7juczu","time":1612200218,"event":{"mods":["Alarm Clock","BaseMod","Bestiary","Block Reminder","Colored Map","Colored Powertips","Curses Come First","Dark Map","Filter the Spire","Minty Spire (QoL Compilation)","Quick Restart","RNG Fix","Random Character Button","Relic Stats","Slay the Relics Exporter","Smile Girya","StSLib","everything is the same but u backflip on backflip","ojb\u0027s Better Paths Mod","ojb\u0027s Info Mod","slay the spire mod where everything is the same but ironclad has a cowboy hat"],"gold_per_floor":[13,29,48,48,61,61,88,88,88,88,131,145,145,188,188,279,279,294,264,284,334,354,397,10,53,78,97,40,40,40,40,40,40,40],"floor_reached":33,"language":"ENG","playtime":1210,"items_purged":[],"score":681,"play_id":"3afd344a-6d32-46da-8c94-5fe500f4538e","local_time":"20210201122338","is_ascension_mode":true,"campfire_choices":[{"data":"Carnage","floor":6.0,"key":"SMITH"},{"data":"Wild Strike","floor":8.0,"key":"SMITH"},{"data":"Pommel Strike","floor":13.0,"key":"SMITH"},{"data":"Shockwave","floor":15.0,"key":"SMITH"},{"data":"Entrench","floor":30.0,"key":"SMITH"},{"data":"Barricade","floor":32.0,"key":"SMITH"}],"circlet_count":0,"master_deck":["AscendersBane","Defend_R+1","Defend_R","Defend_R+1","Bash","Feel No Pain","Sword Boomerang","Shockwave+1","Body Slam","Wild Strike+1","Carnage+1","Anger","Pommel Strike+1","Barricade+1","Disarm","Entrench+1","Whirlwind","Headbutt","Bite","Bite","Bite","Bite","Bite"],"relics":["Burning Blood","War Paint","HornCleat","Golden Idol","FossilizedHelix","Ancient Tea Set","Velvet Choker","Question Card","Bag of Preparation","ClockworkSouvenir","Lantern"],"acts_visited":["Exordium","TheCity"],"potions_floor_usage":[33],"damage_taken":[{"damage":10.0,"enemies":"Small Slimes","floor":1.0,"turns":3.0},{"damage":4.0,"enemies":"2 Louse","floor":2.0,"turns":3.0},{"damage":14.0,"enemies":"Jaw Worm","floor":3.0,"turns":4.0},{"damage":10.0,"enemies":"Exordium Wildlife","floor":5.0,"turns":3.0},{"damage":31.0,"enemies":"3 Sentries","floor":7.0,"turns":10.0},{"damage":15.0,"enemies":"Lagavulin","floor":11.0,"turns":4.0},{"damage":10.0,"enemies":"Lots of Slimes","floor":12.0,"turns":5.0},{"damage":7.0,"enemies":"3 Sentries","floor":14.0,"turns":6.0},{"damage":40.0,"enemies":"The Guardian","floor":16.0,"turns":8.0},{"damage":4.0,"enemies":"3 Byrds","floor":18.0,"turns":6.0},{"damage":9.0,"enemies":"Spheric Guardian","floor":20.0,"turns":4.0},{"damage":5.0,"enemies":"Cultist and Chosen","floor":22.0,"turns":6.0},{"damage":0.0,"enemies":"Gremlin Leader","floor":23.0,"turns":4.0},{"damage":37.0,"enemies":"Slavers","floor":25.0,"turns":10.0},{"damage":9.0,"enemies":"Centurion and Healer","floor":27.0,"turns":7.0},{"damage":66,"enemies":"Automaton","floor":33,"turns":8}],"seed_played":"-5150474475088488797","potions_obtained":[{"floor":2.0,"key":"SteroidPotion"},{"floor":4.0,"key":"Fruit Juice"},{"floor":4.0,"key":"FairyPotion"},{"floor":11.0,"key":"BloodPotion"},{"floor":19.0,"key":"SteroidPotion"},{"floor":19.0,"key":"EntropicBrew"},{"floor":23.0,"key":"Block Potion"},{"floor":25.0,"key":"LiquidBronze"}],"is_trial":false,"path_per_floor":["M","M","M","?","M","R","E","R","T","?","E","M","R","E","R","B",null,"M","?","M","?","M","E","$","E","T","M","?","$","R","?","R","B"],"character_chosen":"IRONCLAD","items_purchased":["Bag of Preparation","ClockworkSouvenir","SpeedPotion"],"campfire_rested":0,"item_purchase_floors":[24,24,24],"current_hp_per_floor":[64,66,58,63,59,59,34,34,34,34,25,21,21,20,20,27,61,63,63,60,60,61,67,67,36,36,35,35,35,35,35,35,0,0],"gold":40,"neow_bonus":"TRANSFORM_TWO_CARDS","is_daily":false,"chose_seed":false,"campfire_upgraded":6,"win_rate":0.0,"timestamp":1612200218,"path_taken":["M","M","M","?","M","R","E","R","T","?","E","M","R","E","R","BOSS","M","?","M","?","?","E","$","E","T","M","?","?","R","?","R","BOSS"],"items_purchased_type":["Relic","Relic","Potion"],"build_version":"2020-12-22","purchased_purges":0,"victory":false,"max_hp_per_floor":[75,75,75,80,80,80,80,80,80,72,72,72,72,72,72,72,72,72,72,72,72,72,72,72,72,72,72,72,72,72,72,72,72,72],"relic_stats":{"counters":[16,91],"Golden Idol":72,"Bag of Preparation":[6],"War Paint":["Defend_R","Defend_R"],"Question Card":2,"obtain_stats":[{"Blood Vial":25,"Lantern":28,"HornCleat":9,"Golden Idol":10,"Velvet Choker":17,"Bag of Preparation":24,"War Paint":7,"Ancient Tea Set":14,"Question Card":23,"Burning Blood":0,"FossilizedHelix":11,"ClockworkSouvenir":24},{"Blood Vial":14,"Lantern":15,"HornCleat":5,"Golden Idol":5,"Velvet Choker":9,"Bag of Preparation":13,"War Paint":5,"Ancient Tea Set":8,"Question Card":13,"Burning Blood":0,"FossilizedHelix":6,"ClockworkSouvenir":13},{"Blood Vial":76,"Lantern":83,"HornCleat":23,"Golden Idol":23,"Velvet Choker":46,"Bag of Preparation":66,"War Paint":23,"Ancient Tea Set":38,"Question Card":66,"Burning Blood":0,"FossilizedHelix":27,"ClockworkSouvenir":66}],"Burning Blood":90},"card_choices":[{"not_picked":["Flame Barrier","Searing Blow"],"picked":"Shockwave","floor":1.0},{"not_picked":["Warcry","Clothesline"],"picked":"Body Slam","floor":2.0},{"not_picked":["Havoc","Cleave"],"picked":"Wild Strike","floor":3.0},{"not_picked":["Entrench","Twin Strike"],"picked":"Carnage","floor":5.0},{"not_picked":["Shockwave","Metallicize"],"picked":"Anger","floor":7.0},{"not_picked":["Double Tap","Pummel"],"picked":"Pommel Strike","floor":11.0},{"not_picked":["Armaments","Intimidate","Flex"],"picked":"SKIP","floor":12.0},{"not_picked":["Body Slam","Fire Breathing","Carnage"],"picked":"SKIP","floor":14.0},{"not_picked":["Fiend Fire","Impervious"],"picked":"Barricade","floor":16.0},{"not_picked":["Flex","Perfected Strike"],"picked":"Disarm","floor":18.0},{"not_picked":["Pommel Strike","Bloodletting"],"picked":"Entrench","floor":20.0},{"not_picked":["Heavy Blade","Twin Strike","Pummel"],"picked":"SKIP","floor":22.0},{"not_picked":["Inflame","Clash","Limit Break"],"picked":"SKIP","floor":23.0},{"not_picked":["Reaper","Warcry","Shrug It Off"],"picked":"Whirlwind","floor":25.0},{"not_picked":["Bloodletting","Carnage","Wild Strike+1"],"picked":"Headbutt","floor":27.0}],"player_experience":1542522,"relics_obtained":[{"floor":7.0,"key":"War Paint"},{"floor":9.0,"key":"HornCleat"},{"floor":11.0,"key":"FossilizedHelix"},{"floor":14.0,"key":"Ancient Tea Set"},{"floor":23.0,"key":"Question Card"},{"floor":25.0,"key":"Blood Vial"}],"event_choices":[{"damage_healed":0.0,"max_hp_gain":0.0,"max_hp_loss":0.0,"gold_gain":0.0,"event_name":"Lab","player_choice":"Got Potions","floor":4.0,"gold_loss":0.0,"damage_taken":0.0},{"damage_healed":0.0,"max_hp_gain":0.0,"max_hp_loss":8.0,"gold_gain":0.0,"event_name":"Golden Idol","player_choice":"Lose Max HP","floor":10.0,"gold_loss":0.0,"damage_taken":0.0,"relics_obtained":["Golden Idol"]},{"damage_healed":0.0,"max_hp_gain":0.0,"max_hp_loss":0.0,"gold_gain":0.0,"event_name":"The Woman in Blue","player_choice":"Bought 2 Potions","floor":19.0,"gold_loss":0.0,"damage_taken":0.0},{"damage_healed":0.0,"max_hp_gain":0.0,"max_hp_loss":0.0,"gold_gain":50.0,"event_name":"Nest","player_choice":"Stole From Cult","floor":21.0,"gold_loss":0.0,"damage_taken":0.0},{"damage_healed":0.0,"max_hp_gain":0.0,"max_hp_loss":0.0,"gold_gain":0.0,"event_name":"WeMeetAgain","player_choice":"Paid Gold","floor":28.0,"gold_loss":57.0,"damage_taken":0.0,"relics_obtained":["Lantern"]},{"damage_healed":0.0,"max_hp_gain":0.0,"max_hp_loss":0.0,"gold_gain":0.0,"event_name":"Vampires","player_choice":"Became a vampire (Vial)","floor":31.0,"relics_lost":["Blood Vial"],"gold_loss":0.0,"damage_taken":0.0,"cards_obtained":["Bite","Bite","Bite","Bite","Bite"]}],"is_beta":false,"boss_relics":[{"not_picked":["Black Star","Fusion Hammer"],"picked":"Velvet Choker"}],"items_purged_floors":[],"is_endless":false,"potions_floor_spawned":[2,11,12,14,22,23,25],"killed_by":"Automaton","ascension_level":20}}