{"host":"1hw3ks68c0zl1mxv","time":1612200910,"event":{"mods":["2.2 Compatiblity","Act Like it!","Aspiration","BaseMod","BetterRewards","Colored Map","Colored Powertips","Conspire","Downfall","Energized Spire","GungeonMod","Halation","Hallownest","Hubris","Infinite Spire","Marisa????????","Mimic Mod","Minty Spire (QoL Compilation)","Quick Restart","Replay The Spire","Shop Mod","StSLib","The Bug Knight","The Construct","The Elementalist","The Necromancer","The Saiyan","The Servant 0.9.4","TheHero"],"gold_per_floor":[99,109,126,126,136,155,185,185,196,196,229,679,679,145,158,254,254,254,264,276,124,140,40,40,51,66,66,99,115,115,22,41,140,140,140,153,153,153,164,164,235,5,5,5,5,22,22,35,53,53],"floor_reached":51,"language":"ENG","playtime":4047,"items_purged":["Pain","downfall:Icky","downfall:Icky"],"score":696,"play_id":"b48d104b-2120-43b2-9800-0ae33f21ee91","local_time":"20210201103510","is_ascension_mode":false,"campfire_choices":[{"data":"Guardian:TwinSlam","floor":1.0,"key":"SMITH"},{"floor":8.0,"key":"REST"},{"data":"Guardian:CurlUp","floor":10.0,"key":"SMITH"},{"data":"Guardian:PiercingHide","floor":13.0,"key":"SMITH"},{"floor":18.0,"key":"RECALL"},{"floor":23.0,"key":"REST"},{"floor":27.0,"key":"REST"},{"floor":35.0,"key":"REST"},{"floor":47,"key":"REST"}],"circlet_count":0,"master_deck":["Guardian:Strike_Guardian","Guardian:Strike_Guardian","Guardian:Strike_Guardian","Guardian:Strike_Guardian","Guardian:Defend_Guardian","Guardian:Defend_Guardian","Guardian:Defend_Guardian+1","Guardian:Defend_Guardian","Guardian:CurlUp+1","Guardian:TwinSlam+1","Guardian:PiercingHide+1","Guardian:CrystalBeam+1","downfall:Icky","Guardian:Repulse","Guardian:PrismaticBeam","Guardian:VentSteam+1","Guardian:DecasProtection","Guardian:RevengeProtocol","Guardian:StasisStrike","Guardian:CrystalBeam+1","Guardian:PolyBeam+1","Pain","Wraith"],"relics":["Guardian:ModeShifter","WarpedTongs","ReplayFunnel","Onion Ring","Medical Kit","Pantograph","hubris:OldNail","Fusion Hammer","downfall:HeartBlessingRed","Bottled Flame","Replay:Wax Seal","bronze:MakeshiftBattery","Painkiller Herb","Singing Bowl","halation:Komachan","Pen Nib"],"acts_visited":["Exordium","TheCity","TheBeyond"],"potions_floor_usage":[50,50,50],"damage_taken":[{"damage":6.0,"enemies":"Jaw Worm","floor":2.0,"turns":5.0},{"damage":0.0,"enemies":"Cultist","floor":3.0,"turns":4.0},{"damage":2.0,"enemies":"Small Slimes","floor":5.0,"turns":5.0},{"damage":17.0,"enemies":"Exordium Wildlife","floor":6.0,"turns":10.0},{"damage":5.0,"enemies":"Red Slaver","floor":7.0,"turns":8.0},{"damage":10.0,"enemies":"Red Slaver","floor":9.0,"turns":3.0},{"damage":9.0,"enemies":"Gremlin Nob","floor":11.0,"turns":4.0},{"damage":4.0,"enemies":"downfall:FleeingMerchant","floor":14.0,"turns":4.0},{"damage":4.0,"enemies":"Blue Slaver","floor":15.0,"turns":3.0},{"damage":20.0,"enemies":"IC_STATUS_ARCHETYPE","floor":16.0,"turns":10.0},{"damage":13.0,"enemies":"Shell Parasite","floor":19.0,"turns":6.0},{"damage":18.0,"enemies":"Snake Plant","floor":20.0,"turns":6.0},{"damage":0.0,"enemies":"downfall:FleeingMerchant","floor":21.0,"turns":4.0},{"damage":15.0,"enemies":"Snecko","floor":22.0,"turns":7.0},{"damage":1.0,"enemies":"Centurion and Healer","floor":25.0,"turns":5.0},{"damage":28.0,"enemies":"Chosen and Byrds","floor":26.0,"turns":5.0},{"damage":15.0,"enemies":"HollowMod:Nosk","floor":28.0,"turns":5.0},{"damage":10.0,"enemies":"Shelled Parasite and Fungi","floor":29.0,"turns":5.0},{"damage":8.0,"enemies":"downfall:FleeingMerchant","floor":31.0,"turns":4.0},{"damage":9.0,"enemies":"Centurion and Healer","floor":32.0,"turns":6.0},{"damage":5.0,"enemies":"DF_ARCHETYPE_CLAW","floor":33.0,"turns":8.0},{"damage":13.0,"enemies":"3 Darklings","floor":36.0,"turns":4.0},{"damage":3.0,"enemies":"Orb Walker","floor":39.0,"turns":3.0},{"damage":12.0,"enemies":"downfall:FleeingMerchant","floor":42.0,"turns":4.0},{"damage":6,"enemies":"Sphere and 2 Shapes","floor":46,"turns":4},{"damage":0,"enemies":"Jaw Worm Horde","floor":48,"turns":3},{"damage":3,"enemies":"4 Shapes","floor":49,"turns":7},{"damage":27,"enemies":"WA_ARCHETYPE_DIVINITY","floor":50,"turns":9}],"seed_played":"6862828038171693481","potions_obtained":[{"floor":3.0,"key":"champ:CounterPotion"},{"floor":5.0,"key":"ColorlessPotion"},{"floor":11.0,"key":"SpeedPotion"},{"floor":16.0,"key":"FearPotion"},{"floor":19.0,"key":"SkillPotion"},{"floor":22.0,"key":"infinitespire:BlackPotion"},{"floor":26.0,"key":"DemoMod:LeadSkinPotion"},{"floor":32.0,"key":"Dexterity Potion"},{"floor":39.0,"key":"Energy Potion"},{"floor":48,"key":"AttackPotion"},{"floor":49,"key":"LiquidMemories"}],"is_trial":false,"path_per_floor":["R","M","M","?","M","M","MIM","R","M","R","E","?","R","$","M","B",null,"R","M","M","$","M","R","T","M","M","R","E","M","?","$","M","B",null,"R","M","?","?","M","AVR","T","T","NS","?","?","?","T","?","?","B",null],"character_chosen":"GUARDIAN","items_purchased":["Medical Kit","DemoMod:WeirdEgg","hubris:OldNail","Guardian:PrismaticBeam","Regen Potion","Fruit Juice","halation:Komachan","Pen Nib","Explosive Potion"],"campfire_rested":5,"item_purchase_floors":[14,14,14,21,31,42,42,42,42],"current_hp_per_floor":[88,82,82,82,80,63,58,84,74,74,65,65,65,61,57,37,88,88,75,57,57,42,68,68,67,39,65,50,40,40,32,38,33,88,88,75,75,67,64,64,64,59,59,73,73,69,102,104,103,88],"gold":53,"neow_bonus":"TEN_PERCENT_HP_BONUS","is_daily":false,"chose_seed":false,"campfire_upgraded":3,"win_rate":0.0,"timestamp":1612200910,"path_taken":["R","M","M","?","M","M","MIM","R","M","R","E","?","R","?","M","BOSS","R","M","M","$","M","R","T","M","M","R","E","M","?","$","M","BOSS","R","M","?","?","?","AVR","T","T","NS","?","?","?","T","?","?","BOSS"],"items_purchased_type":["Relic","Relic","Relic","Card","Potion","Potion","Relic","Relic","Potion"],"build_version":"2020-12-22","purchased_purges":3,"victory":true,"max_hp_per_floor":[88,88,88,88,88,88,88,88,88,88,88,88,88,88,88,88,88,88,88,88,88,88,88,88,88,88,88,88,88,88,88,88,88,88,88,88,88,88,88,88,88,95,95,109,109,111,111,113,115,115],"card_choices":[{"not_picked":["Guardian:Incinerate","Guardian:TemporalStrike"],"picked":"Guardian:Gem_Cyan","floor":2.0},{"not_picked":["Guardian:BodySlam","Guardian:Gem_Cyan"],"picked":"Guardian:PiercingHide","floor":3.0},{"not_picked":["Guardian:SentryBeam","Guardian:WalkerClaw","Guardian:MultiBeam"],"picked":"SKIP","floor":5.0},{"not_picked":["Guardian:SentryBeam","Guardian:Suspension"],"picked":"Guardian:CrystalBeam","floor":6.0},{"not_picked":["Guardian:TemporalStrike","Guardian:Recover"],"picked":"Guardian:Gem_Yellow","floor":7.0},{"not_picked":["Guardian:PrismaticBarrier","Guardian:Emergency"],"picked":"Guardian:Gem_Purple","floor":9.0},{"not_picked":["Guardian:TemporalStrike","Guardian:Recover"],"picked":"Guardian:Gem_Red","floor":11.0},{"not_picked":["Guardian:FloatingOrbs","Guardian:Planning"],"picked":"Guardian:Repulse","floor":14.0},{"not_picked":["Guardian:Suspension","Guardian:ChargeCore"],"picked":"Guardian:Gem_Red","floor":15.0},{"not_picked":["Guardian:FastForward","Guardian:StasisField"],"picked":"Guardian:Gem_Orange","floor":16.0},{"not_picked":["Guardian:MultiBeam","Guardian:Planning","Guardian:TemporalStrike"],"picked":"SKIP","floor":19.0},{"not_picked":["Guardian:Suspension+1","Guardian:Gem_Yellow","Guardian:VentSteam"],"picked":"SKIP","floor":20.0},{"not_picked":["Guardian:RollAttack","Guardian:TemporalStrike","Guardian:Reroute"],"picked":"SKIP","floor":21.0},{"not_picked":["Guardian:Suspension","Guardian:DonusPower","Guardian:ChargeCore"],"picked":"SKIP","floor":22.0},{"not_picked":["Guardian:Gem_Blue","Guardian:PiercingHide"],"picked":"Guardian:Gem_Lightblue","floor":25.0},{"not_picked":["Guardian:ChargeCore","Guardian:Planning+1"],"picked":"Guardian:VentSteam+1","floor":26.0},{"not_picked":["Guardian:BodySlam","Guardian:VentSteam"],"picked":"Guardian:DecasProtection","floor":28.0},{"not_picked":["Guardian:Gem_Cyan","Guardian:VentSteam"],"picked":"Guardian:Gem_Red","floor":29.0},{"not_picked":["Guardian:TemporalStrike","Guardian:Planning","Guardian:Preprogram"],"picked":"SKIP","floor":31.0},{"not_picked":["Guardian:Gem_Cyan","Guardian:Recover+1"],"picked":"Guardian:RevengeProtocol","floor":32.0},{"not_picked":["Guardian:FastForward","Guardian:RevengeProtocol"],"picked":"Guardian:StasisStrike","floor":33.0},{"not_picked":["Guardian:PiercingHide","Guardian:TemporalShield"],"picked":"Guardian:CrystalBeam","floor":36.0},{"not_picked":["Guardian:BronzeArmor","Guardian:BronzeOrb+1"],"picked":"Guardian:PolyBeam+1","floor":39.0},{"not_picked":["Guardian:PrimingBeam","Guardian:Gem_Cyan","Guardian:Gem_Yellow"],"picked":"Singing Bowl","floor":42.0},{"not_picked":["Guardian:ArmoredProtocol","Guardian:Gem_Lightblue","Guardian:BronzeOrb"],"picked":"Singing Bowl","floor":46},{"not_picked":["Guardian:WalkerClaw+1","Guardian:PiercingHide","Guardian:Gem_Red"],"picked":"Singing Bowl","floor":48},{"not_picked":["Guardian:Reroute+1","Guardian:WalkerClaw","Guardian:RollAttack"],"picked":"Singing Bowl","floor":49}],"player_experience":1456138,"relics_obtained":[{"floor":7.0,"key":"ReplayFunnel"},{"floor":11.0,"key":"Onion Ring"},{"floor":24.0,"key":"Bottled Flame"},{"floor":28.0,"key":"Replay:Wax Seal"},{"floor":41.0,"key":"Singing Bowl"}],"event_choices":[{"damage_healed":0,"gold_gain":0,"player_choice":"Ignored","damage_taken":0,"max_hp_gain":0,"max_hp_loss":0,"event_name":"OrinTheCat","floor":45,"gold_loss":0}],"is_beta":false,"boss_relics":[{"not_picked":["halation:SmartPhone","energizedSpire:MagnifyingGlass"],"picked":"Fusion Hammer"},{"not_picked":["SlaversCollar","hubris:BlackHole"],"picked":"bronze:MakeshiftBattery"}],"items_purged_floors":[14,21,42],"is_endless":false,"potions_floor_spawned":[3,5,11,16,19,22,25,26,32,39,48,49],"ascension_level":0}}