{"host":"uv5ws9rdk87e8i5k","time":1612199185,"event":{"mods":["AchievementEnabler","BaseMod","Colored Map","Minty Spire (QoL Compilation)","Permanent Neow","Quick Restart","StSLib","SuperFastMode","The Necromancer"],"gold_per_floor":[14,32,132,147,164,189,189,201,201,234,234,234,268,284,284,415,415,415,415],"floor_reached":18,"language":"ENG","playtime":420,"items_purged":[],"score":264,"play_id":"ff48476c-d372-476d-b8b9-435a9a03f8a6","local_time":"20210201110625","is_ascension_mode":true,"campfire_choices":[{"data":"Corpse Explosion","floor":7,"key":"SMITH"},{"data":"Bouncing Flask","floor":15,"key":"SMITH"}],"circlet_count":0,"master_deck":["Strike_G","Strike_G","Strike_G+1","Strike_G+1","Strike_G","Defend_G","Defend_G","Defend_G","Defend_G","Defend_G","Survivor","Neutralize","Corpse Explosion+1","Deadly Poison","Escape Plan","Doppelganger","Deflect","Noxious Fumes","Bouncing Flask+1","Unload"],"relics":["Ring of the Snake","The Courier","Darkstone Periapt","Meat on the Bone","Golden Idol","Whetstone","SlaversCollar"],"acts_visited":["Exordium","TheCity"],"potions_floor_usage":[5,10,10],"damage_taken":[{"damage":0,"enemies":"2 Louse","floor":1,"turns":2},{"damage":6,"enemies":"Cultist","floor":2,"turns":5},{"damage":0,"enemies":"Jaw Worm","floor":4,"turns":4},{"damage":4,"enemies":"3 Louse","floor":5,"turns":2},{"damage":14,"enemies":"3 Sentries","floor":6,"turns":4},{"damage":6,"enemies":"Looter","floor":8,"turns":3},{"damage":17,"enemies":"Gremlin Nob","floor":10,"turns":4},{"damage":21,"enemies":"3 Sentries","floor":13,"turns":4},{"damage":10,"enemies":"Exordium Thugs","floor":14,"turns":4},{"damage":30,"enemies":"The Guardian","floor":16,"turns":7},{"damage":8,"enemies":"3 Byrds","floor":18,"turns":2}],"seed_played":"-2354381640042944495","potions_obtained":[{"floor":1,"key":"SteroidPotion"},{"floor":4,"key":"DistilledChaos"},{"floor":6,"key":"AttackPotion"},{"floor":10,"key":"Dexterity Potion"}],"is_trial":false,"path_per_floor":["M","M","?","M","M","E","R","M","T","E","?","?","E","M","R","B",null,"M"],"character_chosen":"THE_SILENT","items_purchased":[],"campfire_rested":0,"item_purchase_floors":[],"current_hp_per_floor":[63,57,57,57,53,39,39,33,33,16,39,39,30,32,32,14,52,44,44],"gold":415,"neow_bonus":"THREE_RARE_CARDS","is_daily":false,"chose_seed":false,"campfire_upgraded":2,"win_rate":0.0,"timestamp":1612199185,"path_taken":["M","M","?","M","M","E","R","?","T","E","?","?","E","M","R","BOSS","M"],"items_purchased_type":[],"build_version":"2020-12-22","purchased_purges":0,"victory":false,"max_hp_per_floor":[70,70,70,70,70,70,70,70,70,70,70,65,65,65,65,65,65,65,65],"card_choices":[{"not_picked":["Grand Finale","Doppelganger"],"picked":"Corpse Explosion","floor":0},{"not_picked":["Caltrops","Blade Dance","All Out Attack"],"picked":"SKIP","floor":1},{"not_picked":["Distraction","All Out Attack"],"picked":"Deadly Poison","floor":2},{"not_picked":["Sucker Punch","Dodge and Roll","Outmaneuver"],"picked":"SKIP","floor":4},{"not_picked":["Expertise","Infinite Blades"],"picked":"Escape Plan","floor":5},{"not_picked":["Accuracy","Deflect"],"picked":"Doppelganger","floor":6},{"not_picked":["Flechettes","Predator"],"picked":"Deflect","floor":8},{"not_picked":["Prepared","Slice"],"picked":"Noxious Fumes","floor":10},{"not_picked":["Terror","Outmaneuver"],"picked":"Bouncing Flask","floor":13},{"not_picked":["Reflex","Underhanded Strike","Dodge and Roll"],"picked":"SKIP","floor":14},{"not_picked":["A Thousand Cuts","Envenom"],"picked":"Unload","floor":16}],"player_experience":326783,"relics_obtained":[{"floor":6,"key":"The Courier"},{"floor":9,"key":"Darkstone Periapt"},{"floor":10,"key":"Meat on the Bone"},{"floor":13,"key":"Whetstone"}],"event_choices":[{"damage_healed":0,"gold_gain":100,"player_choice":"Gold","damage_taken":0,"max_hp_gain":0,"max_hp_loss":0,"event_name":"Wheel of Change","floor":3,"gold_loss":0},{"damage_healed":23,"gold_gain":0,"player_choice":"Banana","damage_taken":0,"max_hp_gain":0,"max_hp_loss":0,"event_name":"Big Fish","floor":11,"gold_loss":0},{"damage_healed":0,"gold_gain":0,"player_choice":"Lose Max HP","damage_taken":0,"relics_obtained":["Golden Idol"],"max_hp_gain":0,"max_hp_loss":5,"event_name":"Golden Idol","floor":12,"gold_loss":0}],"is_beta":false,"boss_relics":[{"not_picked":["Pandora\u0027s Box","Astrolabe"],"picked":"SlaversCollar"}],"items_purged_floors":[],"is_endless":false,"potions_floor_spawned":[1,4,6,10],"killed_by":"3 Byrds","ascension_level":9}}