{"host":"n605f8gctjc87d7h","time":1612164223,"event":{"mods":["Aspiration","Bard","BaseMod","Better Match","Better Note","Better Skull","Better Third Choice","Conspire","Downfall","Halation","Hermit","Infinite Spire","Minty Spire (QoL Compilation)","Replay The Spire","Retaliation","Shade Mod","Spicy Shops","StSLib","The IronCluck","The Jungle"],"gold_per_floor":[119,119,44,57,73,91,91,54,54,54,54,65,65,81,81,81,81],"floor_reached":16,"language":"ENG","playtime":710,"items_purged":["Decay"],"score":156,"play_id":"8b205518-6403-49ad-8ade-db6e9807d2cd","local_time":"20210131232343","is_ascension_mode":true,"campfire_choices":[{"floor":7,"key":"REST"},{"data":"Inflame","floor":10,"key":"SMITH"},{"floor":15,"key":"REST"}],"circlet_count":0,"master_deck":["AscendersBane","Strike_R","Strike_R","Strike_R","Defend_R","Defend_R","Defend_R","Bash","conspire:Purge","Thunderclap","Inflame+1","Shrug It Off","Twin Strike","Infernal Blade","Shockwave+1"],"relics":["Burning Blood","Replay:Ringing Soul","Toxic Egg 2"],"acts_visited":["Exordium"],"potions_floor_usage":[16,16],"damage_taken":[{"damage":14,"enemies":"Jaw Worm","floor":1,"turns":4},{"damage":1,"enemies":"Cultist","floor":4,"turns":4},{"damage":11,"enemies":"2 Louse","floor":5,"turns":4},{"damage":30,"enemies":"Exordium Wildlife","floor":6,"turns":5},{"damage":28,"enemies":"3 Louse","floor":12,"turns":3},{"damage":10,"enemies":"2 Fungi Beasts","floor":14,"turns":4},{"damage":68,"enemies":"The Guardian","floor":16,"turns":13}],"seed_played":"5705095470611740617","potions_obtained":[{"floor":12,"key":"Adrenaline Potion"},{"floor":14,"key":"Energy Potion"}],"is_trial":false,"path_per_floor":["M","?","$","M","M","M","R","$","T","R","?","M","$","M","R","B"],"character_chosen":"IRONCLAD","items_purchased":["Infernal Blade"],"campfire_rested":2,"item_purchase_floors":[8],"current_hp_per_floor":[60,60,60,65,60,36,58,58,58,58,61,42,42,38,62,0,0],"gold":81,"neow_bonus":"ONE_RANDOM_RARE_CARD","is_daily":false,"chose_seed":false,"campfire_upgraded":1,"win_rate":0.0,"timestamp":1612164223,"path_taken":["M","?","$","?","M","M","R","?","T","R","?","M","?","M","R","BOSS"],"items_purchased_type":["Card"],"build_version":"2020-12-22","purchased_purges":1,"victory":false,"max_hp_per_floor":[75,75,75,75,75,75,75,75,75,75,78,81,81,81,81,81,81],"card_choices":[{"not_picked":["Twin Strike","ReplayTheSpireMod:Strike From Hell"],"picked":"Thunderclap","floor":1},{"not_picked":["DDmod:EasePowerCard","Clash"],"picked":"Inflame","floor":4},{"not_picked":["ReplayTheSpireMod:Strike From Hell","Blood for Blood"],"picked":"Shrug It Off","floor":5},{"not_picked":["Cleave","Headbutt"],"picked":"Twin Strike","floor":6},{"not_picked":["Body Slam","DDmod:EasePowerCard"],"picked":"Shockwave+1","floor":12},{"not_picked":["ReplayTheSpireMod:Strike From Hell","Pummel","True Grit+1"],"picked":"SKIP","floor":14}],"player_experience":796458,"relics_obtained":[{"floor":9,"key":"Replay:Ringing Soul"}],"event_choices":[{"damage_healed":0,"gold_gain":0,"player_choice":"Cursed","damage_taken":0,"max_hp_gain":0,"max_hp_loss":0,"event_name":"Wheel of Change","floor":2,"gold_loss":0,"cards_obtained":["Decay"]}],"is_beta":false,"boss_relics":[],"items_purged_floors":[3],"is_endless":false,"potions_floor_spawned":[12,14],"killed_by":"The Guardian","ascension_level":14}}