{"host":"8tt89ql5f7um4tav","time":1612222429,"event":{"mods":["AchievementEnabler","BaseMod","Colored Map","Googly Eyes","Minty Spire (QoL Compilation)","Permanent Neow","Quick Restart"],"gold_per_floor":[110,110,120,135,159,190,190,224,224,224,236,247,26,26,26,26,26],"floor_reached":16,"language":"ENG","playtime":645,"items_purged":["Strike_R"],"score":149,"play_id":"7ab1cca0-0196-43d8-8fe0-a7a86fb5bda4","local_time":"20210202003349","is_ascension_mode":true,"campfire_choices":[{"data":"Rampage","floor":7.0,"key":"SMITH"},{"data":"Flex","floor":10.0,"key":"SMITH"},{"data":"Bash","floor":15,"key":"SMITH"}],"circlet_count":0,"master_deck":["Strike_R","Strike_R","Strike_R","Defend_R","Defend_R","Defend_R","Defend_R","Bash+1","Iron Wave","Flex+1","Rampage+1","Cleave","Sword Boomerang","Cleave"],"relics":["Burning Blood","Ancient Tea Set","Tiny Chest","Pantograph","Regal Pillow","Kunai","Lee\u0027s Waffle","Golden Idol"],"acts_visited":["Exordium"],"potions_floor_usage":[],"damage_taken":[{"damage":4.0,"enemies":"Jaw Worm","floor":1.0,"turns":4.0},{"damage":3.0,"enemies":"2 Louse","floor":3.0,"turns":4.0},{"damage":3.0,"enemies":"Small Slimes","floor":4.0,"turns":3.0},{"damage":29.0,"enemies":"Gremlin Nob","floor":6.0,"turns":4.0},{"damage":35.0,"enemies":"Lagavulin","floor":8.0,"turns":5.0},{"damage":16.0,"enemies":"Exordium Thugs","floor":11.0,"turns":4.0},{"damage":0,"enemies":"Large Slime","floor":12,"turns":5},{"damage":95,"enemies":"The Guardian","floor":16,"turns":10}],"seed_played":"-4839736424197454317","potions_obtained":[{"floor":6.0,"key":"Explosive Potion"},{"floor":11,"key":"EssenceOfSteel"},{"floor":12,"key":"Dexterity Potion"}],"is_trial":false,"path_per_floor":["M","?","M","M","T","E","R","E","T","R","M","M","$","?","R","B"],"character_chosen":"IRONCLAD","items_purchased":["Lee\u0027s Waffle"],"campfire_rested":0,"item_purchase_floors":[13],"current_hp_per_floor":[74,67,70,73,73,50,50,21,21,21,11,17,87,66,66,0,0],"gold":26,"neow_bonus":"RANDOM_COMMON_RELIC","is_daily":false,"chose_seed":false,"campfire_upgraded":3,"win_rate":0.0,"timestamp":1612222429,"path_taken":["M","?","M","M","?","E","R","E","T","R","M","M","$","?","R","BOSS"],"items_purchased_type":["Relic"],"build_version":"2020-12-22","purchased_purges":1,"victory":false,"max_hp_per_floor":[80,80,80,80,80,80,80,80,80,80,80,80,87,87,87,87,87],"card_choices":[{"not_picked":["Wild Strike","Carnage"],"picked":"Iron Wave","floor":1.0},{"not_picked":["Headbutt","Rupture"],"picked":"Flex","floor":3.0},{"not_picked":["Twin Strike","Second Wind"],"picked":"Rampage","floor":4.0},{"not_picked":["Clash","Battle Trance"],"picked":"Cleave","floor":6.0},{"not_picked":["Infernal Blade","Pommel Strike","Clothesline"],"picked":"SKIP","floor":8.0},{"not_picked":["Metallicize","Perfected Strike"],"picked":"Sword Boomerang","floor":11},{"not_picked":["Havoc","Immolate"],"picked":"Cleave","floor":12}],"player_experience":944469,"relics_obtained":[{"floor":5.0,"key":"Tiny Chest"},{"floor":6.0,"key":"Pantograph"},{"floor":8.0,"key":"Regal Pillow"},{"floor":9.0,"key":"Kunai"}],"event_choices":[{"cards_removed":["Strike_R"],"damage_healed":0.0,"max_hp_gain":0.0,"max_hp_loss":0.0,"gold_gain":0.0,"event_name":"Golden Wing","player_choice":"Card Removal","floor":2.0,"gold_loss":0.0,"damage_taken":7.0},{"damage_healed":0,"gold_gain":0,"player_choice":"Take Damage","damage_taken":21,"relics_obtained":["Golden Idol"],"max_hp_gain":0,"max_hp_loss":0,"event_name":"Golden Idol","floor":14,"gold_loss":0}],"is_beta":false,"boss_relics":[],"items_purged_floors":[13],"is_endless":false,"potions_floor_spawned":[6,11,12],"killed_by":"The Guardian","ascension_level":7}}