{"host":"l6vifo5ajdb3p20b","time":1612188617,"event":{"mods":["2.2 Compatiblity","BaseMod","Better Altar","Better Sensory Stone","Better Skull","Better Third Choice","BetterRewards","Block Reminder","Booster Modes","Card Forge","Colored Map","Defuse TimeMaze Blight","Energized Spire","Evolution","Marisa????????","Minty Spire (QoL Compilation)","Relic Stats","StSLib","The Blackbeard"],"gold_per_floor":[110,130,130,130,149,149,188,9,54,78,78,93,133,158,158,282,282,295,295,318,318],"floor_reached":20,"language":"ENG","playtime":1316,"items_purged":["Strike_G"],"score":247,"play_id":"138aa148-22dc-4fb6-bc8d-5fcec9c6e819","local_time":"20210201211017","is_ascension_mode":true,"campfire_choices":[{"data":"Malaise","floor":6,"key":"SMITH"},{"data":"Cloak And Dagger","floor":11,"key":"SMITH"},{"data":"Cloak And Dagger","floor":15,"key":"SMITH"}],"circlet_count":0,"master_deck":["Quick Slash","Quick Slash","Quick Slash","Quick Slash","Defend_G","Defend_G","Defend_G","Defend_G","Defend_G","Survivor","Neutralize","Dagger Spray","Blade Dance","Malaise+1","Cloak And Dagger+1","Accuracy","Cloak And Dagger+1","Well Laid Plans","Backflip","Footwork","Finisher","Bullet Time+1","Clumsy","Terror+1","Writhe","Backflip+1"],"relics":["Ring of the Snake","Hammer of Thor","Seething Fire","Anvil of the Gods","EVO:Axolotl","NeowsBlessing","Golden Idol","Juzu Bracelet","Vajra","Blood Vial","Toxic Egg 2","energizedSpire:HighHeels","The Courier"],"acts_visited":["Exordium","TheCity"],"potions_floor_usage":[],"damage_taken":[{"damage":0,"enemies":"Cultist","floor":1,"turns":1},{"damage":0,"enemies":"Jaw Worm","floor":2,"turns":1},{"damage":0,"enemies":"Small Slimes","floor":5,"turns":1},{"damage":28,"enemies":"Gremlin Nob","floor":7,"turns":5},{"damage":0,"enemies":"Looter","floor":10,"turns":3},{"damage":1,"enemies":"Gremlin Gang","floor":12,"turns":3},{"damage":0,"enemies":"3 Sentries","floor":13,"turns":6},{"damage":0,"enemies":"Blue Slaver","floor":14,"turns":3},{"damage":16,"enemies":"The Guardian","floor":16,"turns":9},{"damage":22,"enemies":"Shell Parasite","floor":18,"turns":5},{"damage":0,"enemies":"3 Byrds","floor":20,"turns":5}],"seed_played":"8680080540502734964","potions_obtained":[{"floor":7,"key":"Ancient Potion"},{"floor":12,"key":"EntropicBrew"},{"floor":14,"key":"GamblersBrew"}],"is_trial":false,"path_per_floor":["M","M","?","?","M","R","E","$","T","M","R","M","E","M","R","B",null,"M","?","M"],"character_chosen":"THE_SILENT","items_purchased":["Accuracy","Cloak And Dagger"],"campfire_rested":0,"item_purchase_floors":[8,8],"current_hp_per_floor":[70,70,53,50,50,50,22,22,22,24,24,25,27,29,29,15,70,48,48,50,50],"gold":318,"neow_bonus":"THREE_ENEMY_KILL","is_daily":false,"chose_seed":false,"campfire_upgraded":3,"win_rate":0.0,"timestamp":1612188617,"path_taken":["M","?","?","?","M","R","E","$","T","M","R","M","E","M","R","BOSS","M","?","M"],"items_purchased_type":["Card","Card"],"build_version":"2020-12-22","purchased_purges":1,"victory":false,"max_hp_per_floor":[70,70,70,70,70,70,70,70,70,70,70,70,70,70,70,70,70,70,70,70,70],"relic_stats":{"Blood Vial":12,"counters":[11,42],"Golden Idol":66,"Juzu Bracelet":0,"obtain_stats":[{"NeowsBlessing":0,"Golden Idol":3,"Vajra":7,"Hammer of Thor":0,"The Courier":19,"Juzu Bracelet":4,"EVO:Axolotl":0,"Seething Fire":0,"Blood Vial":9,"Anvil of the Gods":0,"Toxic Egg 2":13,"energizedSpire:HighHeels":17,"Ring of the Snake":0},{"NeowsBlessing":0,"Golden Idol":2,"Vajra":4,"Hammer of Thor":0,"The Courier":10,"Juzu Bracelet":2,"EVO:Axolotl":0,"Seething Fire":0,"Blood Vial":4,"Anvil of the Gods":0,"Toxic Egg 2":7,"energizedSpire:HighHeels":9,"Ring of the Snake":0},{"NeowsBlessing":0,"Golden Idol":2,"Vajra":8,"Hammer of Thor":0,"The Courier":37,"Juzu Bracelet":2,"EVO:Axolotl":0,"Seething Fire":0,"Blood Vial":8,"Anvil of the Gods":0,"Toxic Egg 2":20,"energizedSpire:HighHeels":32,"Ring of the Snake":0}],"Ring of the Snake":[22]},"card_choices":[{"not_picked":["Deflect","Prepared"],"picked":"Dagger Spray","floor":1},{"not_picked":["Cloak And Dagger","Underhanded Strike"],"picked":"Blade Dance","floor":2},{"not_picked":["Quick Slash","Cloak And Dagger"],"picked":"Malaise","floor":5},{"not_picked":["Underhanded Strike","Tactician"],"picked":"Cloak And Dagger","floor":7},{"not_picked":["Outmaneuver","Cloak And Dagger"],"picked":"Well Laid Plans","floor":10},{"not_picked":["Bane","Calculated Gamble"],"picked":"Backflip","floor":12},{"not_picked":["Deadly Poison+1","Doppelganger+1"],"picked":"Footwork","floor":13},{"not_picked":["PiercingWail+1","Sucker Punch"],"picked":"Finisher","floor":14},{"not_picked":["Unload","Tools of the Trade"],"picked":"Bullet Time+1","floor":16},{"not_picked":["PiercingWail+1","Underhanded Strike"],"picked":"Terror+1","floor":18},{"not_picked":["Masterful Stab","Concentrate+1"],"picked":"Backflip+1","floor":20}],"player_experience":937582,"relics_obtained":[{"floor":7,"key":"Vajra"},{"floor":9,"key":"Blood Vial"},{"floor":13,"key":"Toxic Egg 2"}],"event_choices":[{"damage_healed":0,"gold_gain":0,"player_choice":"Take Damage","damage_taken":17,"relics_obtained":["Golden Idol"],"max_hp_gain":0,"max_hp_loss":0,"event_name":"Golden Idol","floor":3,"gold_loss":0},{"damage_healed":0,"gold_gain":0,"player_choice":"Relic ","damage_taken":3,"max_hp_gain":0,"max_hp_loss":0,"event_name":"betterThird:BetterScrap","floor":4,"gold_loss":0,"cards_obtained":["Tempest"]},{"damage_healed":0,"gold_gain":0,"player_choice":"Opened","damage_taken":0,"relics_obtained":["The Courier"],"max_hp_gain":0,"max_hp_loss":0,"event_name":"The Mausoleum","floor":19,"gold_loss":0,"cards_obtained":["Writhe"]}],"is_beta":false,"boss_relics":[{"not_picked":["Sozu","Runic Dome"],"picked":"energizedSpire:HighHeels"}],"items_purged_floors":[8],"is_endless":false,"potions_floor_spawned":[7,12,14,16],"killed_by":"3 Byrds","ascension_level":1}}