{"host":"zsnmfqgcm92hlreo","time":1612142581,"event":{"mods":["AchievementEnabler","Act Like it!","BaseMod","Beaked The Cultist","Bestiary","Block Reminder","Colored Map","Colored Powertips","Downfall","Gensokyo","Gremlin Mod","Hermit","Jorbs\u0027s Wanderer Trilogy","Koishi","Marisa????????","Minty Spire (QoL Compilation)","Permanent Neow","Quick Restart","Relic Stats","StSLib","The Animator","The Cursed","The Forsaken","The Hierophant","The Judge","The Jungle","The Necromancer","The Senshi","The Servant 0.9.4","Weighted Paths"],"gold_per_floor":[368,368,252,270,283,283,312,523,604,622,634,634,634],"floor_reached":12,"language":"ENG","playtime":759,"items_purged":[],"score":118,"play_id":"d6f38251-794e-48df-be9e-4c6622f95b36","local_time":"20210131192301","is_ascension_mode":true,"campfire_choices":[],"circlet_count":0,"master_deck":["AscendersBane","Strike_R","Strike_R","Strike_R","Defend_R","Defend_R","Defend_R","Defend_R","Bash","Gensokyo:AllTheWorldsEvil","Hemokinesis","Clothesline","Power Through","Double Tap","Clothesline+1"],"relics":["Burning Blood","Gensokyo:LunaticRedEyes","TungstenRod","Thread and Needle","Molten Egg 2"],"acts_visited":["Exordium"],"potions_floor_usage":[7,12],"damage_taken":[{"damage":12,"enemies":"Gensokyo:Python","floor":1,"turns":3},{"damage":7,"enemies":"Gensokyo:3_Fairies","floor":4,"turns":4},{"damage":4,"enemies":"Gensokyo:Gryphon","floor":5,"turns":3},{"damage":13,"enemies":"Gensokyo:Mamizou","floor":7,"turns":9},{"damage":9,"enemies":"Gensokyo:3_Kodama","floor":8,"turns":8},{"damage":2,"enemies":"Gensokyo:Gryphon_and_Rabbit","floor":10,"turns":4},{"damage":2,"enemies":"Gensokyo:2_Rabbits","floor":11,"turns":3},{"damage":54,"enemies":"Gensokyo:Cirno","floor":12,"turns":10}],"seed_played":"-1113423904650520497","potions_obtained":[{"floor":1,"key":"BloodPotion"},{"floor":5,"key":"Energy Potion"},{"floor":10,"key":"hexamod:SoulburnPotion"}],"is_trial":false,"path_per_floor":["M","?","COS","M","M","?","E","M","T","M","M","E"],"character_chosen":"IRONCLAD","items_purchased":[],"campfire_rested":0,"item_purchase_floors":[],"current_hp_per_floor":[66,66,66,65,67,35,44,41,41,45,49,0,0],"gold":634,"neow_bonus":"TWO_FIFTY_GOLD","is_daily":false,"chose_seed":false,"campfire_upgraded":0,"win_rate":0.0,"timestamp":1612142581,"path_taken":["M","?","COS","M","M","?","E","M","T","M","M","E"],"items_purchased_type":[],"build_version":"2020-12-22","purchased_purges":0,"victory":false,"max_hp_per_floor":[80,80,80,80,80,80,80,80,80,80,80,80,80],"relic_stats":{"counters":[8,44],"obtain_stats":[{"Thread and Needle":8,"Molten Egg 2":9,"Burning Blood":0,"Gensokyo:LunaticRedEyes":2,"TungstenRod":7},{"Thread and Needle":5,"Molten Egg 2":5,"Burning Blood":0,"Gensokyo:LunaticRedEyes":1,"TungstenRod":4},{"Thread and Needle":22,"Molten Egg 2":27,"Burning Blood":0,"Gensokyo:LunaticRedEyes":3,"TungstenRod":19}],"Burning Blood":42,"TungstenRod":28},"card_choices":[{"not_picked":["Pommel Strike","Clothesline"],"picked":"Hemokinesis","floor":1},{"not_picked":["Dark Embrace","Flex"],"picked":"Clothesline","floor":4},{"not_picked":["Thunderclap","Dual Wield","Warcry"],"picked":"SKIP","floor":5},{"not_picked":["Infernal Blade","Havoc"],"picked":"Power Through","floor":7},{"not_picked":["Warcry","Flex","Havoc"],"picked":"SKIP","floor":8},{"not_picked":["Shrug It Off","Headbutt+1"],"picked":"Double Tap","floor":10},{"not_picked":["Reckless Charge+1","Headbutt+1"],"picked":"Clothesline+1","floor":11}],"player_experience":980477,"relics_obtained":[{"floor":7,"key":"TungstenRod"},{"floor":9,"key":"Molten Egg 2"}],"event_choices":[],"is_beta":false,"boss_relics":[],"items_purged_floors":[],"is_endless":false,"potions_floor_spawned":[1,5,10],"killed_by":"Gensokyo:Cirno","ascension_level":10}}