{"host":"c59jaj2b7ki1imdm","time":1612140513,"event":{"mods":["AchievementEnabler","BaseMod","Hermit","Hubris","Minty Spire (QoL Compilation)","StSLib","The Construct","The Hierophant"],"gold_per_floor":[116,116,132,146,221,221,250,250,250,250,269,288,306,321,321,321,321],"floor_reached":16,"language":"ENG","playtime":1241,"items_purged":[],"score":104,"play_id":"1bb05410-ba60-4521-891e-671d27ae4ac6","local_time":"20210201014833","is_ascension_mode":false,"campfire_choices":[{"data":"Scrape","floor":6,"key":"SMITH"},{"floor":8,"key":"REST"},{"floor":15,"key":"REST"}],"circlet_count":0,"master_deck":["Strike_B","Strike_B","Strike_B","Defend_B","Defend_B","Defend_B","Defend_B","Zap","Dualcast","Chill","hubris:NaturalOne","Scrape+1","Go for the Eyes","FTL","Auto Shields","Hologram","Chill","Thunder Strike"],"relics":["Cracked Core","Nunchaku","hubris:Icosahedron","Art of War","Shuriken"],"acts_visited":["Exordium"],"potions_floor_usage":[14],"damage_taken":[{"damage":0,"enemies":"Small Slimes","floor":1,"turns":4},{"damage":4,"enemies":"Jaw Worm","floor":3,"turns":4},{"damage":7,"enemies":"Cultist","floor":4,"turns":4},{"damage":28,"enemies":"3 Sentries","floor":7,"turns":13},{"damage":13,"enemies":"Gremlin Gang","floor":11,"turns":4},{"damage":5,"enemies":"Exordium Thugs","floor":12,"turns":5},{"damage":9,"enemies":"3 Louse","floor":13,"turns":3},{"damage":0,"enemies":"Lots of Slimes","floor":14,"turns":4},{"damage":44,"enemies":"Slime Boss","floor":16,"turns":10}],"seed_played":"-7309138042485741918","potions_obtained":[{"floor":7,"key":"Dexterity Potion"},{"floor":11,"key":"SteroidPotion"},{"floor":13,"key":"DistilledChaos"}],"is_trial":false,"path_per_floor":["M","?","M","M","?","R","E","R","T","?","M","M","M","M","R","B"],"character_chosen":"DEFECT","items_purchased":[],"campfire_rested":2,"item_purchase_floors":[],"current_hp_per_floor":[75,75,71,64,53,53,25,47,47,47,34,29,20,20,42,0,0],"gold":321,"neow_bonus":"RANDOM_COMMON_RELIC","is_daily":false,"chose_seed":false,"campfire_upgraded":1,"win_rate":0.0,"timestamp":1612140513,"path_taken":["M","?","M","M","?","R","E","R","T","?","?","M","?","M","R","BOSS"],"items_purchased_type":[],"build_version":"2020-12-22","purchased_purges":0,"victory":false,"max_hp_per_floor":[75,75,75,75,75,75,75,75,75,75,75,75,75,75,75,75,75],"card_choices":[{"not_picked":["Hologram","Compile Driver"],"picked":"Chill","floor":1},{"not_picked":["Stack","Chill"],"picked":"Scrape","floor":3},{"not_picked":["Hologram","Coolheaded"],"picked":"Go for the Eyes","floor":4},{"not_picked":["Steam Power","Rebound"],"picked":"FTL","floor":7},{"not_picked":["Compile Driver","hubris:PowerSurge"],"picked":"Auto Shields","floor":11},{"not_picked":["Reinforced Body","Barrage"],"picked":"Hologram","floor":12},{"not_picked":["Auto Shields","Cold Snap"],"picked":"Chill","floor":13},{"not_picked":["Recycle","Barrage"],"picked":"Thunder Strike","floor":14}],"player_experience":157562,"relics_obtained":[{"floor":7,"key":"Art of War"},{"floor":9,"key":"Shuriken"}],"event_choices":[{"damage_healed":0,"gold_gain":75,"player_choice":"Gather Gold","damage_taken":11,"max_hp_gain":0,"max_hp_loss":0,"event_name":"World of Goop","floor":5,"gold_loss":0},{"cards_removed":["Strike_B"],"damage_healed":0,"gold_gain":0,"player_choice":"Purged","damage_taken":0,"max_hp_gain":0,"max_hp_loss":0,"event_name":"Purifier","floor":10,"gold_loss":0}],"is_beta":false,"boss_relics":[],"items_purged_floors":[],"is_endless":false,"potions_floor_spawned":[7,11,13],"killed_by":"Slime Boss","ascension_level":0}}