{"host":"szp1d6dso4pv7ddl","time":1612161032,"event":{"mods":["AchievementEnabler","Alarm Clock","BaseMod","Bestiary","Block Reminder","Colored Map","Colored Powertips","Curses Come First","Dark Map","Displayed Cursed Tome","Highlight Path","Minty Spire (QoL Compilation)","Permanent Neow","Quick Restart","Relic Sorter","Relic Stats","StSLib","Synergy Search"],"gold_per_floor":[119,146,71,1,51,51,86,97,169,500,500,500,500,510,510,585,585,597,366,376,396,396,396,63,98,122,122,122,148,158,176,176,176,176],"floor_reached":33,"language":"ENG","playtime":1411,"items_purged":["Strike_B"],"score":649,"play_id":"676b276a-d492-48d5-9a17-ec81d447cef7","local_time":"20210131223032","is_ascension_mode":true,"campfire_choices":[{"data":"Loop","floor":6.0,"key":"SMITH"},{"data":"Sunder","floor":11.0,"key":"SMITH"},{"data":"Doom and Gloom","floor":15.0,"key":"SMITH"},{"floor":23.0,"key":"REST"},{"floor":27,"key":"REST"},{"floor":28,"key":"REST"},{"floor":32,"key":"REST"}],"circlet_count":0,"master_deck":["AscendersBane","Strike_B+1","Defend_B","Defend_B","Defend_B","Zap","Dualcast","Sweeping Beam+1","Loop+1","Sunder+1","Tempest","Doom and Gloom+1","Glacier","Rainbow","CurseOfTheBell","Chaos","Compile Driver+1","Stack","Coolheaded","Conserve Battery+1"],"relics":["Cracked Core","PreservedInsect","Strawberry","Tiny Chest","Meat on the Bone","Old Coin","Calling Bell","Bronze Scales","Question Card","WingedGreaves","Whetstone","Frozen Egg 2","Calipers","Bag of Preparation","Oddly Smooth Stone","Lantern"],"acts_visited":["TheCity"],"potions_floor_usage":[25,33],"damage_taken":[{"damage":1.0,"enemies":"Cultist","floor":1.0,"turns":3.0},{"damage":25.0,"enemies":"3 Sentries","floor":7.0,"turns":4.0},{"damage":0.0,"enemies":"2 Louse","floor":8.0,"turns":2.0},{"damage":10.0,"enemies":"Gremlin Nob","floor":10.0,"turns":3.0},{"damage":12.0,"enemies":"Jaw Worm","floor":14.0,"turns":2.0},{"damage":39.0,"enemies":"Slime Boss","floor":16.0,"turns":7.0},{"damage":12.0,"enemies":"Chosen","floor":18.0,"turns":4.0},{"damage":29.0,"enemies":"2 Thieves","floor":20.0,"turns":4.0},{"damage":31.0,"enemies":"Snake Plant","floor":21.0,"turns":5.0},{"damage":33,"enemies":"Book of Stabbing","floor":25,"turns":6},{"damage":7,"enemies":"Cultist and Chosen","floor":30,"turns":6},{"damage":19,"enemies":"Centurion and Healer","floor":31,"turns":7},{"damage":74,"enemies":"Collector","floor":33,"turns":7}],"seed_played":"-397370264791007227","potions_obtained":[{"floor":8.0,"key":"FocusPotion"},{"floor":14.0,"key":"Weak Potion"},{"floor":16.0,"key":"SkillPotion"},{"floor":18.0,"key":"FearPotion"},{"floor":30,"key":"LiquidBronze"}],"is_trial":false,"path_per_floor":["M","T","?","$","?","R","E","M","T","E","R","?","?","M","R","B",null,"M","$","M","M","T","R","$","E","T","R","R","T","M","M","R","B"],"character_chosen":"DEFECT","items_purchased":["Loop","Whetstone","Calipers","Stack"],"campfire_rested":4,"item_purchase_floors":[4,19,24,24],"current_hp_per_floor":[63,70,70,70,70,70,45,45,45,47,47,47,40,40,40,13,62,50,50,33,14,14,37,37,16,16,39,62,62,55,48,71,0,0],"gold":176,"neow_bonus":"RANDOM_COMMON_RELIC","is_daily":false,"chose_seed":false,"campfire_upgraded":3,"win_rate":0.0,"timestamp":1612161032,"path_taken":["M","?","?","?","?","R","E","?","T","E","R","?","?","M","R","BOSS","M","$","M","M","?","R","$","E","T","R","R","?","?","M","R","BOSS"],"items_purchased_type":["Card","Relic","Relic","Card"],"build_version":"2020-12-22","purchased_purges":1,"victory":false,"max_hp_per_floor":[71,78,78,78,78,78,78,78,78,78,78,78,78,78,78,78,78,78,78,78,78,78,78,78,78,78,78,78,78,78,78,78,78,78],"relic_stats":{"counters":[13,60],"Bronze Scales":[129],"Tiny Chest":1,"PreservedInsect":98,"Bag of Preparation":[6],"Whetstone":["Strike_B","Sweeping Beam"],"Question Card":6,"obtain_stats":[{"Lantern":29,"Calipers":24,"Oddly Smooth Stone":26,"PreservedInsect":0,"Bag of Preparation":25,"Whetstone":19,"Frozen Egg 2":22,"Question Card":17,"Old Coin":10,"Calling Bell":17,"Strawberry":2,"Bronze Scales":17,"Tiny Chest":7,"WingedGreaves":17,"Cracked Core":0,"Meat on the Bone":9},{"Lantern":10,"Calipers":9,"Oddly Smooth Stone":10,"PreservedInsect":0,"Bag of Preparation":10,"Whetstone":7,"Frozen Egg 2":9,"Question Card":6,"Old Coin":4,"Calling Bell":6,"Strawberry":1,"Bronze Scales":6,"Tiny Chest":2,"WingedGreaves":6,"Cracked Core":0,"Meat on the Bone":3},{"Lantern":40,"Calipers":34,"Oddly Smooth Stone":40,"PreservedInsect":0,"Bag of Preparation":40,"Whetstone":25,"Frozen Egg 2":34,"Question Card":21,"Old Coin":12,"Calling Bell":21,"Strawberry":3,"Bronze Scales":21,"Tiny Chest":7,"WingedGreaves":21,"Cracked Core":0,"Meat on the Bone":9}],"Meat on the Bone":84},"card_choices":[{"not_picked":["Genetic Algorithm","Coolheaded"],"picked":"Sweeping Beam","floor":1.0},{"not_picked":["Recycle","Steam Power"],"picked":"Sunder","floor":7.0},{"not_picked":["Barrage","Turbo"],"picked":"Tempest","floor":8.0},{"not_picked":["Chill","Core Surge"],"picked":"Doom and Gloom","floor":10.0},{"not_picked":["Gash","Compile Driver"],"picked":"Glacier","floor":14.0},{"not_picked":["Creative AI","Amplify"],"picked":"Rainbow","floor":16.0},{"not_picked":["Darkness","Hologram","Rip and Tear+1"],"picked":"Chaos","floor":18.0},{"not_picked":["Genetic Algorithm","Streamline","Loop"],"picked":"Compile Driver+1","floor":20.0},{"not_picked":["Stack","White Noise+1","Chaos","Loop"],"picked":"SKIP","floor":21.0},{"not_picked":["Rainbow","Heatsinks+1","Sweeping Beam"],"picked":"Coolheaded","floor":25},{"not_picked":["Cold Snap","Beam Cell","Sunder","Darkness"],"picked":"SKIP","floor":30},{"not_picked":["Redo","Coolheaded","Compile Driver"],"picked":"Conserve Battery+1","floor":31}],"player_experience":1342285,"relics_obtained":[{"floor":2.0,"key":"Strawberry"},{"floor":7.0,"key":"Tiny Chest"},{"floor":9.0,"key":"Meat on the Bone"},{"floor":10.0,"key":"Old Coin"},{"floor":17.0,"key":"Bronze Scales"},{"floor":17.0,"key":"Question Card"},{"floor":17.0,"key":"WingedGreaves"},{"floor":22.0,"key":"Frozen Egg 2"},{"floor":25,"key":"Bag of Preparation"},{"floor":26,"key":"Oddly Smooth Stone"},{"floor":29,"key":"Lantern"}],"event_choices":[{"cards_removed":["Defend_B"],"damage_healed":0.0,"max_hp_gain":0.0,"max_hp_loss":0.0,"gold_gain":0.0,"event_name":"The Cleric","player_choice":"Card Removal","floor":3.0,"gold_loss":75.0,"damage_taken":0.0},{"damage_healed":0.0,"max_hp_gain":0.0,"max_hp_loss":0.0,"gold_gain":50.0,"event_name":"Golden Shrine","player_choice":"Pray","floor":5.0,"gold_loss":0.0,"damage_taken":0.0},{"cards_removed":["Strike_B"],"damage_healed":0.0,"max_hp_gain":0.0,"max_hp_loss":0.0,"gold_gain":0.0,"event_name":"Living Wall","player_choice":"Forget","floor":12.0,"gold_loss":0.0,"damage_taken":0.0},{"cards_removed":["Strike_B"],"damage_healed":0.0,"max_hp_gain":0.0,"max_hp_loss":0.0,"gold_gain":0.0,"event_name":"Golden Wing","player_choice":"Card Removal","floor":13.0,"gold_loss":0.0,"damage_taken":7.0}],"is_beta":false,"boss_relics":[{"not_picked":["Busted Crown","Philosopher\u0027s Stone"],"picked":"Calling Bell"}],"items_purged_floors":[19],"is_endless":false,"potions_floor_spawned":[8,14,16,18,30],"killed_by":"Collector","ascension_level":15}}