{"host":"88sw61cmk1203zgj","time":1612162625,"event":{"mods":["BaseMod","Minty Spire (QoL Compilation)"],"gold_per_floor":[113,113,63,83,107,140,140,156,181,181,259,280,316,335,335,433,433,454,468,389,409,215,215,250,268,338,338,351,311,311,331,331,427,427,440,212,212,232,232,267,290,304,304,318,332,332,345,360,360,360,360],"floor_reached":50,"language":"ENG","playtime":3865,"items_purged":["Poisoned Stab"],"score":924,"play_id":"f47f5f23-2a03-408a-be47-f9dbd6702eec","local_time":"20210201015705","is_ascension_mode":true,"campfire_choices":[{"data":"Dash","floor":7.0,"key":"SMITH"},{"data":"Terror","floor":10.0,"key":"SMITH"},{"floor":15.0,"key":"REST"},{"data":"Blade Dance","floor":23.0,"key":"SMITH"},{"data":"Footwork","floor":27.0,"key":"SMITH"},{"data":"Footwork","floor":30.0,"key":"SMITH"},{"floor":32.0,"key":"REST"},{"floor":46.0,"key":"REST"},{"floor":49.0,"key":"RECALL"}],"circlet_count":0,"master_deck":["AscendersBane","Survivor","Neutralize","Backflip","Backflip","Slice+1","Blur","Dash+1","Quick Slash","Dagger Spray","Accuracy","Leg Sweep+1","Calculated Gamble","Terror+1","Adrenaline","Blade Dance+1","Footwork+1","Accuracy","Finisher","Footwork+1","Blur+1","A Thousand Cuts","Noxious Fumes","Calculated Gamble+1","Accuracy+1","Shame","PiercingWail"],"relics":["Pandora\u0027s Box","Golden Idol","Pen Nib","Anchor","Tiny Chest","StrikeDummy","Cursed Key","Bottled Tornado","Empty Cage","Nunchaku","Art of War","Bag of Marbles","HornCleat"],"acts_visited":["Exordium","TheCity","TheBeyond"],"potions_floor_usage":[50],"damage_taken":[{"damage":0.0,"enemies":"Small Slimes","floor":1.0,"turns":2.0},{"damage":0.0,"enemies":"2 Louse","floor":4.0,"turns":2.0},{"damage":0.0,"enemies":"Jaw Worm","floor":5.0,"turns":3.0},{"damage":9.0,"enemies":"3 Sentries","floor":6.0,"turns":8.0},{"damage":7.0,"enemies":"3 Louse","floor":8.0,"turns":2.0},{"damage":9.0,"enemies":"Gremlin Nob","floor":11.0,"turns":3.0},{"damage":0.0,"enemies":"Gremlin Gang","floor":12.0,"turns":2.0},{"damage":9.0,"enemies":"Lagavulin","floor":13.0,"turns":6.0},{"damage":3.0,"enemies":"Blue Slaver","floor":14.0,"turns":3.0},{"damage":35.0,"enemies":"Slime Boss","floor":16.0,"turns":11.0},{"damage":0.0,"enemies":"3 Byrds","floor":18.0,"turns":4.0},{"damage":0.0,"enemies":"Spheric Guardian","floor":19.0,"turns":2.0},{"damage":0.0,"enemies":"Centurion and Healer","floor":21.0,"turns":5.0},{"damage":15.0,"enemies":"Book of Stabbing","floor":24.0,"turns":3.0},{"damage":0.0,"enemies":"3 Cultists","floor":25.0,"turns":4.0},{"damage":11.0,"enemies":"Snake Plant","floor":28.0,"turns":4.0},{"damage":14.0,"enemies":"Snecko","floor":31.0,"turns":5.0},{"damage":0.0,"enemies":"Automaton","floor":33.0,"turns":13.0},{"damage":0.0,"enemies":"3 Shapes","floor":35.0,"turns":6.0},{"damage":0.0,"enemies":"Orb Walker","floor":38.0,"turns":3.0},{"damage":22.0,"enemies":"Nemesis","floor":40.0,"turns":11.0},{"damage":0.0,"enemies":"Spire Growth","floor":41.0,"turns":5.0},{"damage":0.0,"enemies":"4 Shapes","floor":42.0,"turns":5.0},{"damage":15.0,"enemies":"Jaw Worm Horde","floor":44.0,"turns":5.0},{"damage":0.0,"enemies":"Maw","floor":45.0,"turns":5.0},{"damage":6.0,"enemies":"Spire Growth","floor":47.0,"turns":6.0},{"damage":16.0,"enemies":"3 Darklings","floor":48.0,"turns":7.0},{"damage":53,"enemies":"Time Eater","floor":50,"turns":9}],"seed_played":"9117591634009352441","potions_obtained":[{"floor":5.0,"key":"Swift Potion"},{"floor":11.0,"key":"Explosive Potion"},{"floor":13.0,"key":"FairyPotion"},{"floor":14.0,"key":"DuplicationPotion"},{"floor":16.0,"key":"BlessingOfTheForge"},{"floor":19.0,"key":"Fruit Juice"},{"floor":24.0,"key":"PowerPotion"}],"is_trial":false,"path_per_floor":["M","?","?","M","M","E","R","M","T","R","?","M","E","M","R","B",null,"M","M","$","M","$","R","E","M","T","R","M","?","R","M","R","B",null,"M","$","T","M","?","E","M","M","T","M","M","R","M","M","R","B"],"character_chosen":"THE_SILENT","items_purchased":["Footwork","Accuracy","Finisher","Nunchaku","Noxious Fumes"],"campfire_rested":3,"item_purchase_floors":[20,22,22,36,36],"current_hp_per_floor":[63,63,63,63,63,54,54,47,47,47,38,38,29,26,45,10,51,51,56,56,56,56,56,41,41,41,41,30,30,30,16,37,37,62,62,62,62,62,62,40,40,40,40,25,25,46,40,24,24,0,0],"gold":360,"neow_bonus":"BOSS_RELIC","is_daily":false,"chose_seed":false,"campfire_upgraded":5,"win_rate":0.0,"timestamp":1612162625,"path_taken":["M","?","?","M","M","E","R","M","T","R","?","M","E","?","R","BOSS","M","M","$","M","$","R","E","M","T","R","M","?","R","?","R","BOSS","M","$","?","M","?","E","M","M","T","M","?","R","M","M","R","BOSS"],"items_purchased_type":["Card","Card","Card","Relic","Card"],"build_version":"2020-12-22","purchased_purges":1,"victory":false,"max_hp_per_floor":[70,65,65,65,65,65,65,65,65,65,65,65,65,65,65,65,65,65,70,70,70,70,70,70,70,70,70,70,70,70,70,70,70,70,70,70,70,70,70,70,70,70,70,70,70,70,70,70,70,70,70],"card_choices":[{"not_picked":["Bane","Underhanded Strike"],"picked":"Leg Sweep","floor":1.0},{"not_picked":["Choke","Backflip","Tactician"],"picked":"SKIP","floor":4.0},{"not_picked":["Prepared","Blur"],"picked":"Poisoned Stab","floor":5.0},{"not_picked":["Catalyst","Sucker Punch"],"picked":"Calculated Gamble","floor":6.0},{"not_picked":["Noxious Fumes","Concentrate"],"picked":"Terror","floor":8.0},{"not_picked":["PiercingWail","Sucker Punch","Poisoned Stab"],"picked":"SKIP","floor":12.0},{"not_picked":["Blur","Concentrate","Escape Plan"],"picked":"SKIP","floor":13.0},{"not_picked":["Quick Slash","PiercingWail","Escape Plan"],"picked":"SKIP","floor":14.0},{"not_picked":["A Thousand Cuts","Unload"],"picked":"Adrenaline","floor":16.0},{"not_picked":["Sucker Punch","Dodge and Roll"],"picked":"Blade Dance","floor":18.0},{"not_picked":["Quick Slash","Bane+1","Prepared"],"picked":"SKIP","floor":19.0},{"not_picked":["Prepared","Predator","Slice"],"picked":"SKIP","floor":21.0},{"not_picked":["Storm of Steel","Outmaneuver"],"picked":"Footwork","floor":24.0},{"not_picked":["Tactician","Slice","Predator"],"picked":"SKIP","floor":25.0},{"not_picked":["Masterful Stab","Slice","Outmaneuver"],"picked":"SKIP","floor":28.0},{"not_picked":["Dodge and Roll","Outmaneuver"],"picked":"Blur+1","floor":31.0},{"not_picked":["Bullet Time","Storm of Steel"],"picked":"A Thousand Cuts","floor":33.0},{"not_picked":["Slice","Outmaneuver","Footwork"],"picked":"SKIP","floor":35.0},{"not_picked":["Dagger Spray","Quick Slash+1"],"picked":"Calculated Gamble+1","floor":38.0},{"not_picked":["Flechettes","Choke+1","Dagger Throw+1"],"picked":"SKIP","floor":40.0},{"not_picked":["Poisoned Stab","Caltrops"],"picked":"Accuracy+1","floor":41.0},{"not_picked":["Tactician","Noxious Fumes","Acrobatics"],"picked":"SKIP","floor":42.0},{"not_picked":["Tactician","Outmaneuver","Underhanded Strike"],"picked":"SKIP","floor":44.0},{"not_picked":["Underhanded Strike","Dodge and Roll","Flying Knee"],"picked":"SKIP","floor":45.0},{"not_picked":["Prepared","Skewer"],"picked":"PiercingWail","floor":47.0},{"not_picked":["Bouncing Flask+1","Deflect","Flechettes+1"],"picked":"SKIP","floor":48.0}],"player_experience":1551128,"relics_obtained":[{"floor":6.0,"key":"Pen Nib"},{"floor":9.0,"key":"Anchor"},{"floor":11.0,"key":"Tiny Chest"},{"floor":13.0,"key":"StrikeDummy"},{"floor":24.0,"key":"Bottled Tornado"},{"floor":39.0,"key":"Art of War"},{"floor":40.0,"key":"Bag of Marbles"},{"floor":43.0,"key":"HornCleat"}],"event_choices":[{"damage_healed":0.0,"max_hp_gain":0.0,"max_hp_loss":5.0,"gold_gain":0.0,"event_name":"Golden Idol","player_choice":"Lose Max HP","floor":2.0,"gold_loss":0.0,"damage_taken":0.0,"relics_obtained":["Golden Idol"]},{"cards_removed":["Setup"],"damage_healed":0.0,"max_hp_gain":0.0,"max_hp_loss":0.0,"gold_gain":0.0,"event_name":"The Cleric","player_choice":"Card Removal","floor":3.0,"gold_loss":50.0,"damage_taken":0.0},{"damage_healed":0.0,"max_hp_gain":0.0,"max_hp_loss":0.0,"gold_gain":0.0,"event_name":"Dead Adventurer","player_choice":"Searched \u00271\u0027 times","floor":11.0,"gold_loss":0.0,"damage_taken":0.0},{"damage_healed":0.0,"max_hp_gain":0.0,"max_hp_loss":0.0,"gold_gain":0.0,"event_name":"Designer","player_choice":"Upgraded Two","floor":29.0,"gold_loss":40.0,"damage_taken":0.0,"cards_upgraded":["Leg Sweep","Slice"]},{"damage_healed":0.0,"max_hp_gain":0.0,"max_hp_loss":0.0,"gold_gain":0.0,"event_name":"Wheel of Change","player_choice":"Relic","floor":39.0,"gold_loss":0.0,"damage_taken":0.0}],"is_beta":false,"boss_relics":[{"not_picked":["Snecko Eye","Busted Crown"],"picked":"Cursed Key"},{"not_picked":["Fusion Hammer","Velvet Choker"],"picked":"Empty Cage"}],"items_purged_floors":[22],"is_endless":false,"potions_floor_spawned":[5,11,13,14,16,18,19,24,25,38,41,44,47],"killed_by":"Time Eater","ascension_level":13}}