{"host":"7tqog9fnhs0gxmti","time":1612142136,"event":{"mods":["AchievementEnabler","Act Like it!","Astrologer","BaseMod","Beaked The Cultist","CapriCore","Colored Map","Colored Powertips","Downfall","Hermit","Highlight Path","Koishi","Marisa????????","Minty Spire (QoL Compilation)","Quick Restart","Random Character Button","Rare Cards Sparkle","Robot Space Explorer","Somnambulant","StSLib","The Bug Knight","The Construct","The Cursed","The Disciple","The Gatherer","The Hayseed","The Marked","Wandering Minibosses","everything is the same but u backflip on backflip"],"gold_per_floor":[112,42,42,42,59,59,78,78,78,78,113,142,142,222,222,392,392,420,420,436,461,461,525,525,525,525],"floor_reached":25,"language":"ENG","playtime":831,"items_purged":[],"score":217,"play_id":"76eb9a51-9a51-4d45-aaec-536267704796","local_time":"20210201091536","is_ascension_mode":false,"campfire_choices":[{"data":"hermit:Brawl","floor":6,"key":"SMITH"},{"floor":13,"key":"REST"},{"data":"hermit:DeadOrAlive","floor":15,"key":"SMITH"},{"data":"hermit:Adapt","floor":24,"key":"SMITH"}],"circlet_count":0,"master_deck":["hermit:Strike_Hermit","hermit:Strike_Hermit","hermit:Strike_Hermit","hermit:Defend_Hermit","hermit:Defend_Hermit","hermit:Defend_Hermit","hermit:Defend_Hermit+1","hermit:Snapshot+1","hermit:Covet","hermit:Brawl+1","hermit:GhostlyPresence+1","hermit:DeadOrAlive+1","hermit:Determination","hermit:Adapt+1","hermit:Misfire+1","hermit:BodyArmor","hermit:GhostlyPresence+1"],"relics":["hermit:Momento","beaked:ShinyBauble","White Beast Statue","hermit:RyeStalk","Velvet Choker","War Paint","The Courier"],"acts_visited":["Exordium","TheCity"],"potions_floor_usage":[16,16,23,23,23],"damage_taken":[{"damage":1,"enemies":"Jaw Worm","floor":1,"turns":3},{"damage":0,"enemies":"Cultist","floor":5,"turns":4},{"damage":1,"enemies":"2 Louse","floor":7,"turns":4},{"damage":44,"enemies":"3 Sentries","floor":11,"turns":11},{"damage":0,"enemies":"Large Slime","floor":12,"turns":5},{"damage":30,"enemies":"Hexaghost","floor":16,"turns":7},{"damage":33,"enemies":"3 Byrds","floor":18,"turns":7},{"damage":17,"enemies":"Spheric Guardian","floor":20,"turns":6},{"damage":1,"enemies":"Book of Stabbing","floor":23,"turns":6},{"damage":27,"enemies":"Snecko","floor":25,"turns":3}],"seed_played":"7377479889897558195","potions_obtained":[{"floor":5,"key":"FearPotion"},{"floor":11,"key":"construct:ShiftPotion"},{"floor":12,"key":"ColorlessPotion"},{"floor":16,"key":"EssenceOfSteel"},{"floor":18,"key":"SteroidPotion"},{"floor":20,"key":"AttackPotion"},{"floor":23,"key":"DuplicationPotion"}],"is_trial":false,"path_per_floor":["M","$","?","$","M","R","M","?","T","?","E","M","R","?","R","B",null,"M","?","M","T","?","E","R","M"],"character_chosen":"HERMIT","items_purchased":["hermit:Brawl"],"campfire_rested":1,"item_purchase_floors":[2],"current_hp_per_floor":[74,74,74,74,74,74,73,73,73,73,29,29,51,51,51,21,75,42,42,25,25,25,24,24,0,0],"gold":525,"neow_bonus":"UPGRADE_CARD","is_daily":false,"chose_seed":false,"campfire_upgraded":3,"win_rate":0.0,"timestamp":1612142136,"path_taken":["M","$","?","?","M","R","M","?","T","?","E","?","R","?","R","BOSS","M","?","?","?","?","E","R","M"],"items_purchased_type":["Card"],"build_version":"2020-12-22","purchased_purges":0,"victory":false,"max_hp_per_floor":[75,75,75,75,75,75,75,75,75,75,75,75,75,75,75,75,75,75,75,75,75,75,75,75,75,75],"card_choices":[{"not_picked":["hermit:Glare","hermit:SprayPray","hermit:Desperado"],"picked":"SKIP","floor":1},{"not_picked":["hermit:Vantage","hermit:ItchyTrigger"],"picked":"hermit:GhostlyPresence","floor":5},{"not_picked":["hermit:Quickdraw","hermit:Glare","hermit:HoleUp"],"picked":"SKIP","floor":7},{"not_picked":["hermit:TrackingShot","hermit:Vantage"],"picked":"hermit:DeadOrAlive","floor":11},{"not_picked":["hermit:Roughhouse","hermit:Roulette"],"picked":"hermit:Determination","floor":12},{"not_picked":["hermit:EternalForm","hermit:Reprieve"],"picked":"hermit:Adapt","floor":16},{"not_picked":["hermit:ItchyTrigger+1","hermit:BigShot"],"picked":"hermit:Misfire+1","floor":18},{"not_picked":["hermit:Quickdraw+1","hermit:Feint+1"],"picked":"hermit:BodyArmor","floor":20},{"not_picked":["hermit:Vantage","hermit:LuckOfTheDraw"],"picked":"hermit:GhostlyPresence+1","floor":23}],"player_experience":921851,"relics_obtained":[{"floor":9,"key":"beaked:ShinyBauble"},{"floor":10,"key":"White Beast Statue"},{"floor":11,"key":"hermit:RyeStalk"},{"floor":21,"key":"War Paint"},{"floor":23,"key":"The Courier"}],"event_choices":[{"cards_removed":["hermit:Strike_Hermit"],"damage_healed":0,"gold_gain":0,"player_choice":"Purged","damage_taken":0,"max_hp_gain":0,"max_hp_loss":0,"event_name":"Purifier","floor":3,"gold_loss":0},{"damage_healed":0,"gold_gain":0,"player_choice":"Leave","damage_taken":0,"max_hp_gain":0,"max_hp_loss":0,"event_name":"The Cleric","floor":8,"gold_loss":0},{"damage_healed":0,"gold_gain":0,"player_choice":"Relic","damage_taken":0,"max_hp_gain":0,"max_hp_loss":0,"event_name":"Wheel of Change","floor":10,"gold_loss":0},{"damage_healed":0,"gold_gain":80,"player_choice":"Gained Gold","damage_taken":0,"max_hp_gain":0,"max_hp_loss":0,"event_name":"Golden Wing","floor":14,"gold_loss":0},{"damage_healed":0,"gold_gain":0,"player_choice":"Cursed","damage_taken":0,"max_hp_gain":0,"max_hp_loss":0,"event_name":"Wheel of Change","floor":19,"gold_loss":0,"cards_obtained":["Decay"]},{"cards_removed":["Decay"],"damage_healed":0,"gold_gain":0,"player_choice":"Removed Curses","damage_taken":0,"max_hp_gain":0,"max_hp_loss":0,"event_name":"Fountain of Cleansing","floor":22,"gold_loss":0}],"is_beta":false,"boss_relics":[{"not_picked":["construct:ClawGrip","Runic Pyramid"],"picked":"Velvet Choker"}],"items_purged_floors":[],"is_endless":false,"potions_floor_spawned":[5,11,12,16,18,20,23],"killed_by":"Snecko","ascension_level":0}}