{"host":"czyddnh1ekzxzhp2","time":1612144633,"event":{"mods":["BaseMod","Better Third Choice","BetterRewards","Hermit","Minty Spire (QoL Compilation)","StSLib"],"gold_per_floor":[114,114,114,114,133,133,163,163,163,190,201,23,23,43,43,43,43],"floor_reached":16,"language":"ENG","playtime":1220,"items_purged":["hermit:Strike_Hermit","hermit:Defend_Hermit"],"score":119,"play_id":"9365874b-2a33-43ae-9788-4784b19194a1","local_time":"20210131205713","is_ascension_mode":true,"campfire_choices":[{"data":"1","floor":6,"key":"LIFT"},{"data":"2","floor":8,"key":"LIFT"},{"floor":13,"key":"REST"},{"data":"3","floor":15,"key":"LIFT"}],"circlet_count":0,"master_deck":["hermit:Strike_Hermit","hermit:Strike_Hermit","hermit:Strike_Hermit","hermit:Defend_Hermit","hermit:Defend_Hermit","hermit:Defend_Hermit","hermit:Snapshot","hermit:Covet","hermit:CursedWeapon","Regret","hermit:ShadowCloak"],"relics":["hermit:Momento","Girya","Du-Vu Doll","Lee\u0027s Waffle","Pocketwatch","PreservedInsect","Bag of Preparation","Thread and Needle","Ginger"],"acts_visited":["Exordium"],"potions_floor_usage":[16],"damage_taken":[{"damage":2,"enemies":"2 Louse","floor":1,"turns":2},{"damage":4,"enemies":"Jaw Worm","floor":5,"turns":3},{"damage":14,"enemies":"3 Sentries","floor":7,"turns":6},{"damage":11,"enemies":"Lagavulin","floor":10,"turns":3},{"damage":2,"enemies":"Cultist","floor":11,"turns":1},{"damage":8,"enemies":"Gremlin Gang","floor":14,"turns":2},{"damage":56,"enemies":"Hexaghost","floor":16,"turns":11}],"seed_played":"9188743406763451228","potions_obtained":[{"floor":1,"key":"LiquidMemories"},{"floor":10,"key":"PowerPotion"}],"is_trial":false,"path_per_floor":["M","?","?","?","M","R","E","R","T","E","M","$","R","M","R","B"],"character_chosen":"HERMIT","items_purchased":["Girya","hermit:CursedWeapon","Du-Vu Doll","Lee\u0027s Waffle","hermit:ShadowCloak"],"campfire_rested":1,"item_purchase_floors":[0,0,0,0,12],"current_hp_per_floor":[80,80,68,68,64,64,50,50,50,39,37,37,61,53,53,0,0],"gold":43,"neow_bonus":"","is_daily":false,"chose_seed":false,"campfire_upgraded":0,"win_rate":0.0,"timestamp":1612144633,"path_taken":["M","?","?","?","?","R","E","R","T","E","?","?","R","M","R","BOSS"],"items_purchased_type":["Relic","Card","Relic","Relic","Card"],"build_version":"2020-12-22","purchased_purges":2,"victory":false,"max_hp_per_floor":[82,82,82,82,82,82,82,82,82,82,82,82,82,82,82,82,82],"card_choices":[{"not_picked":["hermit:BodyArmor","hermit:LowProfile","hermit:HoleUp"],"picked":"SKIP","floor":1},{"not_picked":["hermit:Headshot","hermit:ItchyTrigger","hermit:Dive"],"picked":"SKIP","floor":5},{"not_picked":["hermit:GoldenBullet","hermit:EyeOfTheStorm","hermit:Spite"],"picked":"SKIP","floor":7},{"not_picked":["hermit:GhostlyPresence","hermit:Gambit","hermit:Vantage"],"picked":"SKIP","floor":10},{"not_picked":["hermit:Midnight","hermit:Vantage","hermit:Gestalt"],"picked":"SKIP","floor":11},{"not_picked":["hermit:Manifest","hermit:Feint","hermit:GoldenBullet"],"picked":"SKIP","floor":14}],"player_experience":883028,"relics_obtained":[{"floor":7,"key":"Bag of Preparation"},{"floor":9,"key":"Thread and Needle"},{"floor":10,"key":"Ginger"}],"event_choices":[{"damage_healed":0,"gold_gain":0,"player_choice":"Box","damage_taken":0,"relics_obtained":["Pocketwatch"],"max_hp_gain":0,"max_hp_loss":0,"event_name":"Big Fish","floor":2,"gold_loss":0,"cards_obtained":["Regret"]},{"damage_healed":0,"gold_gain":0,"player_choice":"Relic ","damage_taken":12,"max_hp_gain":0,"max_hp_loss":0,"event_name":"betterThird:BetterScrap","floor":3,"gold_loss":0,"cards_obtained":["Reflex"]},{"damage_healed":0,"gold_gain":0,"player_choice":"Bought 0 Potions","damage_taken":0,"max_hp_gain":0,"max_hp_loss":0,"event_name":"The Woman in Blue","floor":4,"gold_loss":0}],"is_beta":false,"boss_relics":[],"items_purged_floors":[0,12],"is_endless":false,"potions_floor_spawned":[1,10],"killed_by":"Hexaghost","ascension_level":2}}