{"host":"ws4mzzemcqsz5e2k","time":1612174307,"event":{"mods":["Act Like it!","BaseMod","Colored Powertips","Minty Spire (QoL Compilation)","Quick Restart","Relic Filter Mod","Reliquary","StSLib","Wide Potions"],"gold_per_floor":[117,42,42,60,80,80,99,99,99,99,133,133,58,76,76,76,76],"floor_reached":16,"language":"ZHS","playtime":401,"items_purged":["Strike_R"],"score":200,"play_id":"60c081e2-9720-4972-892a-a2ff070d02c3","local_time":"20210201181147","is_ascension_mode":true,"campfire_choices":[{"data":"Whirlwind","floor":6.0,"key":"SMITH"},{"data":"True Grit","floor":8.0,"key":"SMITH"},{"floor":10.0,"key":"RECALL"},{"data":"Battle Trance","floor":12.0,"key":"SMITH"},{"data":"Shockwave","floor":15.0,"key":"SMITH"}],"circlet_count":0,"master_deck":["AscendersBane","Strike_R","Defend_R","Defend_R","Defend_R","Defend_R","Bash","Whirlwind+1","True Grit+1","Battle Trance+1","Shockwave+1"],"relics":["Empty Cage","Lantern","reliquary:JackalopeAntler"],"acts_visited":["Exordium"],"potions_floor_usage":[16],"damage_taken":[{"damage":4.0,"enemies":"Small Slimes","floor":1.0,"turns":4.0},{"damage":0.0,"enemies":"2 Louse","floor":4.0,"turns":3.0},{"damage":16.0,"enemies":"Cultist","floor":5.0,"turns":5.0},{"damage":0.0,"enemies":"3 Louse","floor":7.0,"turns":2.0},{"damage":16.0,"enemies":"3 Sentries","floor":11.0,"turns":4.0},{"damage":0.0,"enemies":"Lots of Slimes","floor":14.0,"turns":1.0},{"damage":0,"enemies":"The Guardian","floor":16,"turns":2}],"seed_played":"-3483520345678795129","potions_obtained":[{"floor":3.0,"key":"Swift Potion"},{"floor":11.0,"key":"LiquidBronze"}],"is_trial":false,"path_per_floor":["M","?","?","M","M","R","M","R","T","R","E","R","$","M","R","B"],"character_chosen":"IRONCLAD","items_purchased":[],"campfire_rested":0,"item_purchase_floors":[],"current_hp_per_floor":[64,64,64,64,48,48,48,48,48,48,32,32,32,32,32,32,32],"gold":76,"neow_bonus":"BOSS_RELIC","is_daily":false,"chose_seed":false,"campfire_upgraded":4,"win_rate":0.0,"timestamp":1612174307,"path_taken":["M","?","?","M","M","R","?","R","T","R","E","R","$","M","R","BOSS"],"items_purchased_type":[],"build_version":"2020-12-22","purchased_purges":1,"victory":false,"max_hp_per_floor":[75,75,75,75,75,75,75,75,75,75,75,75,75,75,75,75,75],"card_choices":[{"not_picked":["True Grit","Carnage"],"picked":"Whirlwind","floor":1.0},{"not_picked":["Dark Embrace","Rupture"],"picked":"True Grit","floor":4.0},{"not_picked":["Havoc","True Grit","Fire Breathing"],"picked":"SKIP","floor":5.0},{"not_picked":["Wild Strike","Body Slam","Rampage"],"picked":"SKIP","floor":7.0},{"not_picked":["Twin Strike","Heavy Blade"],"picked":"Battle Trance","floor":11.0},{"not_picked":["Twin Strike","Exhume"],"picked":"Shockwave","floor":14.0}],"player_experience":1510827,"relics_obtained":[{"floor":9.0,"key":"Lantern"},{"floor":11.0,"key":"reliquary:JackalopeAntler"}],"event_choices":[{"cards_removed":["Strike_R"],"damage_healed":0.0,"max_hp_gain":0.0,"max_hp_loss":0.0,"gold_gain":0.0,"event_name":"The Cleric","player_choice":"Card Removal","floor":2.0,"gold_loss":75.0,"damage_taken":0.0},{"damage_healed":0.0,"max_hp_gain":0.0,"max_hp_loss":0.0,"gold_gain":0.0,"event_name":"Lab","player_choice":"Got Potions","floor":3.0,"gold_loss":0.0,"damage_taken":0.0}],"is_beta":false,"boss_relics":[],"items_purged_floors":[13],"is_endless":false,"potions_floor_spawned":[7,11],"killed_by":"The Guardian","ascension_level":20}}