{"host":"q8dylvk6gsg58l93","time":1612139380,"event":{"mods":["2.2 Compatiblity","AchievementEnabler","Aspiration","BaseMod","BetterRewards","Conspire","Defuse TimeMaze Blight","Friendly Minions","GifTheSpireLib","Hubris","Infinite Spire","Minty Spire (QoL Compilation)","Remove Card Discount Mod","Replay The Spire","Shop Mod","Spikes Relics","StSLib","Stuff the Spire","SuperFastMode","The Necromancer"],"gold_per_floor":[115,115,61,71,71,98,108,108,133,133,146,146,146],"floor_reached":12,"language":"ENG","playtime":4016,"items_purged":[],"score":103,"play_id":"de10d254-97dc-4ccf-9360-451a71d36849","local_time":"20210131182940","is_ascension_mode":false,"campfire_choices":[{"floor":10,"key":"DIG"}],"circlet_count":0,"master_deck":["Strike_W","Strike_W","Strike_W","Strike_W","Defend_W","Defend_W","Defend_W","Defend_W","Negative_Energy_Arrows","Bone_Wall","Finger_Of_Death","Regret","Bone_Armory+1","Finger_Of_Death","StuffTheSpire:Innocence","Spectral_Armor","Bone_Bullets","Bone_Shift"],"relics":["Vampire_Amulet","NeowsBlessing","StuffTheSpire:Experiment12","Replay:Ringing Soul","Shovel","Tiny Chest","Unceasing Top"],"acts_visited":["Exordium"],"potions_floor_usage":[],"damage_taken":[{"damage":0,"enemies":"Jaw Worm","floor":1,"turns":1},{"damage":0,"enemies":"2 Louse","floor":4,"turns":1},{"damage":0,"enemies":"3 Sentries","floor":6,"turns":1},{"damage":7,"enemies":"Small Slimes","floor":7,"turns":4},{"damage":10,"enemies":"2 Fungi Beasts","floor":11,"turns":4},{"damage":36,"enemies":"Lagavulin","floor":12,"turns":9}],"seed_played":"5996892317575638022","potions_obtained":[{"floor":7,"key":"GamblersBrew"}],"is_trial":false,"path_per_floor":["M","?","$","M","?","E","M","T","T","R","M","E"],"character_chosen":"NECROMANCER","items_purchased":["Bone_Armory+1"],"campfire_rested":0,"item_purchase_floors":[3],"current_hp_per_floor":[75,75,75,75,68,77,76,76,76,76,73,37,37],"gold":146,"neow_bonus":"THREE_ENEMY_KILL","is_daily":false,"chose_seed":false,"campfire_upgraded":0,"win_rate":0.0,"timestamp":1612139380,"path_taken":["M","?","$","M","?","E","M","?","T","R","M","E"],"items_purchased_type":["Card"],"build_version":"2020-12-22","purchased_purges":0,"victory":false,"max_hp_per_floor":[75,75,75,75,75,78,81,81,81,81,84,84,84],"card_choices":[{"not_picked":["Stop_Heart","Negative_Energy_Javelin"],"picked":"Finger_Of_Death","floor":1},{"not_picked":["Violent_Necrosis","Corrupt"],"picked":"Finger_Of_Death","floor":4},{"not_picked":["Toxic_Smoke_Screen","Spectral_Walk"],"picked":"Spectral_Armor","floor":6},{"not_picked":["Necromantic_Selection","Violent_Necrosis"],"picked":"Bone_Bullets","floor":7},{"not_picked":["Corrupt","Blood_for_Blood"],"picked":"Bone_Shift","floor":11}],"player_experience":148177,"relics_obtained":[{"floor":6,"key":"Replay:Ringing Soul"},{"floor":8,"key":"Shovel"},{"floor":9,"key":"Tiny Chest"},{"floor":10,"key":"Unceasing Top"}],"event_choices":[{"damage_healed":0,"gold_gain":0,"player_choice":"Box","damage_taken":0,"relics_obtained":["StuffTheSpire:Experiment12"],"max_hp_gain":0,"max_hp_loss":0,"event_name":"Big Fish","floor":2,"gold_loss":0,"cards_obtained":["Regret"]}],"is_beta":false,"boss_relics":[],"items_purged_floors":[],"is_endless":false,"potions_floor_spawned":[7],"killed_by":"Lagavulin","ascension_level":0}}