{"host":"jpcy2bclvs7juczu","time":1612211459,"event":{"mods":["Alarm Clock","BaseMod","Bestiary","Block Reminder","Colored Map","Colored Powertips","Curses Come First","Dark Map","Filter the Spire","Minty Spire (QoL Compilation)","Quick Restart","RNG Fix","Random Character Button","Relic Stats","Slay the Relics Exporter","Smile Girya","StSLib","everything is the same but u backflip on backflip","ojb\u0027s Better Paths Mod","ojb\u0027s Info Mod","slay the spire mod where everything is the same but ironclad has a cowboy hat"],"gold_per_floor":[114,125,138,50,64,89,89,89,89],"floor_reached":8,"language":"ENG","playtime":281,"items_purged":[],"score":116,"play_id":"84d99985-fb67-4039-b3a6-92c773040a34","local_time":"20210201153059","is_ascension_mode":true,"campfire_choices":[{"floor":7.0,"key":"REST"}],"circlet_count":0,"master_deck":["AscendersBane","Strike_B","Strike_B","Strike_B","Strike_B","Defend_B","Defend_B","Defend_B","Defend_B","Zap","Dualcast","Ball Lightning","Chill","Stack","Sunder","Reboot","Self Repair"],"relics":["Black Star","Nunchaku","InkBottle"],"acts_visited":["Exordium"],"potions_floor_usage":[],"damage_taken":[{"damage":11.0,"enemies":"Jaw Worm","floor":1.0,"turns":5.0},{"damage":2.0,"enemies":"Cultist","floor":2.0,"turns":4.0},{"damage":10.0,"enemies":"Small Slimes","floor":3.0,"turns":3.0},{"damage":6.0,"enemies":"2 Fungi Beasts","floor":5.0,"turns":5.0},{"damage":11.0,"enemies":"3 Sentries","floor":6.0,"turns":6.0},{"damage":70,"enemies":"Gremlin Nob","floor":8,"turns":4}],"seed_played":"-3406636181560281896","potions_obtained":[{"floor":1.0,"key":"Strength Potion"}],"is_trial":false,"path_per_floor":["M","M","M","$","M","E","R","E"],"character_chosen":"DEFECT","items_purchased":["Sunder"],"campfire_rested":1,"item_purchase_floors":[4],"current_hp_per_floor":[53,51,41,41,35,24,45,0,0],"gold":89,"neow_bonus":"BOSS_RELIC","is_daily":false,"chose_seed":false,"campfire_upgraded":0,"win_rate":0.0,"timestamp":1612211459,"path_taken":["M","M","?","$","M","E","R","E"],"items_purchased_type":["Card"],"build_version":"2020-12-22","purchased_purges":0,"victory":false,"max_hp_per_floor":[71,71,71,71,71,71,71,71,71],"relic_stats":{"Nunchaku":[0],"counters":[6,27],"Black Star":1,"obtain_stats":[{"Nunchaku":6,"Black Star":0,"Cracked Core":0,"InkBottle":6},{"Nunchaku":5,"Black Star":0,"Cracked Core":0,"InkBottle":5},{"Nunchaku":23,"Black Star":0,"Cracked Core":0,"InkBottle":23}],"InkBottle":[0]},"card_choices":[{"not_picked":["Rebound","Cold Snap"],"picked":"Ball Lightning","floor":1.0},{"not_picked":["Capacitor","Coolheaded"],"picked":"Chill","floor":2.0},{"not_picked":["Barrage","Rebound"],"picked":"Stack","floor":3.0},{"not_picked":["Steam","Coolheaded"],"picked":"Reboot","floor":5.0},{"not_picked":["Darkness","Capacitor"],"picked":"Self Repair","floor":6.0}],"player_experience":1544479,"relics_obtained":[{"floor":6.0,"key":"Nunchaku"},{"floor":6.0,"key":"InkBottle"}],"event_choices":[],"is_beta":false,"boss_relics":[],"items_purged_floors":[],"is_endless":false,"potions_floor_spawned":[1],"killed_by":"Gremlin Nob","ascension_level":20}}