{"host":"h1qktzcccqnez8tx","time":1612137839,"event":{"mods":["AchievementEnabler","BaseMod","Bestiary","Better Note","Block Reminder","Colored Map","Colored Powertips","Curses Come First","Downfall","Highlight Path","Infinite Spire","Minty Spire (QoL Compilation)","Permanent Neow","Quick Restart","Relic Stats","Replay The Spire","Say the Spire","StSLib","The Cursed","UnlockEverythingMod"],"gold_per_floor":[113,113,132,146,165,199,199,232,232,232,267,279,310,321,321,422,422,438,243,256,256,272,272,272,272],"floor_reached":24,"language":"ENG","playtime":865,"items_purged":["TheCursedMod:Strike_TheCursed","TheCursedMod:TacticalStrike"],"score":278,"play_id":"eb151d44-fabd-44b0-a667-21864b5a58a3","local_time":"20210201010359","is_ascension_mode":true,"campfire_choices":[{"data":"TheCursedMod:CursedSpellbook","floor":7.0,"key":"SMITH"},{"data":"TheCursedMod:CursedArmor","floor":10.0,"key":"SMITH"},{"data":"1","floor":15.0,"key":"LIFT"},{"data":"2","floor":23,"key":"LIFT"}],"circlet_count":0,"master_deck":["TheCursedMod:CleanUpWorkshop+1","TheCursedMod:SpitefulStrike","TheCursedMod:VitalStrike","TheCursedMod:FuryStrike","TheCursedMod:FuryStrike","TheCursedMod:CircleOfWindfury+1","TheCursedMod:CursedSpellbook+1","TheCursedMod:StunningStrike","TheCursedMod:SurpriseAttack","TheCursedMod:SpitefulStrike","TheCursedMod:ReleasedStrength+1","TheCursedMod:CircleOfFlame","TheCursedMod:CursedArmor+1","TheCursedMod:CursedSpellbook","TheCursedMod:SurpriseAttack+1","TheCursedMod:CursedArmor","TheCursedMod:ShockAndAwe+1","TheCursedMod:TacticalStrike+1"],"relics":["TheCursedMod:FourLeafCloverCharm","Molten Egg 2","Smiling Mask","Replay:Bottled Snecko","Girya","Golden Egg","SlaversCollar","War Paint","Bottled Lightning"],"acts_visited":["Exordium","TheCity"],"potions_floor_usage":[],"damage_taken":[{"damage":0.0,"enemies":"Jaw Worm","floor":1.0,"turns":1.0},{"damage":0.0,"enemies":"infinitespire:Voidling","floor":3.0,"turns":1.0},{"damage":0.0,"enemies":"2 Louse","floor":4.0,"turns":1.0},{"damage":0.0,"enemies":"Red Slaver","floor":5.0,"turns":1.0},{"damage":0.0,"enemies":"Lagavulin","floor":6.0,"turns":2.0},{"damage":18.0,"enemies":"3 Sentries","floor":8.0,"turns":4.0},{"damage":18.0,"enemies":"Lagavulin","floor":11.0,"turns":3.0},{"damage":0.0,"enemies":"Exordium Wildlife","floor":12.0,"turns":1.0},{"damage":9.0,"enemies":"Replay:BlueRogue","floor":13.0,"turns":2.0},{"damage":0.0,"enemies":"Looter","floor":14.0,"turns":2.0},{"damage":7.0,"enemies":"Hexaghost","floor":16.0,"turns":5.0},{"damage":0,"enemies":"Chosen","floor":18,"turns":3},{"damage":10,"enemies":"Shell Parasite","floor":20,"turns":2},{"damage":12,"enemies":"Cultist and Chosen","floor":22,"turns":2},{"damage":3,"enemies":"Centurion and Healer","floor":24,"turns":2}],"seed_played":"420503292927234614","potions_obtained":[{"floor":3.0,"key":"EssenceOfSteel"},{"floor":4.0,"key":"Ancient Potion"},{"floor":8.0,"key":"champ:CounterPotion"},{"floor":14.0,"key":"AttackPotion"}],"is_trial":false,"path_per_floor":["M","?","M","M","M","E","R","E","T","R","E","M","E","M","R","B",null,"M","$","M","AVR","M","R","M"],"character_chosen":"THE_CURSED","items_purchased":["War Paint"],"campfire_rested":0,"item_purchase_floors":[19],"current_hp_per_floor":[82,82,82,82,82,82,82,64,64,64,46,46,37,37,37,30,82,82,82,72,72,60,60,57,57],"gold":272,"neow_bonus":"TEN_PERCENT_HP_BONUS","is_daily":false,"chose_seed":false,"campfire_upgraded":2,"win_rate":0.0,"timestamp":1612137839,"path_taken":["M","?","M","M","M","E","R","E","T","R","E","M","E","M","R","BOSS","M","$","M","AVR","?","R","M"],"items_purchased_type":["Relic"],"build_version":"2020-12-22","purchased_purges":2,"victory":false,"max_hp_per_floor":[82,82,82,82,82,82,82,82,82,82,82,82,82,82,82,82,82,82,82,82,82,82,82,82,82],"relic_stats":{"counters":[15,32],"War Paint":["TheCursedMod:ReleasedStrength","TheCursedMod:CleanUpWorkshop"],"Smiling Mask":25,"obtain_stats":[{"Girya":11,"Golden Egg":13,"SlaversCollar":17,"TheCursedMod:FourLeafCloverCharm":0,"Molten Egg 2":6,"Replay:Bottled Snecko":9,"Bottled Lightning":21,"War Paint":19,"Smiling Mask":8},{"Girya":7,"Golden Egg":9,"SlaversCollar":11,"TheCursedMod:FourLeafCloverCharm":0,"Molten Egg 2":5,"Replay:Bottled Snecko":6,"Bottled Lightning":13,"War Paint":12,"Smiling Mask":6},{"Girya":13,"Golden Egg":16,"SlaversCollar":23,"TheCursedMod:FourLeafCloverCharm":0,"Molten Egg 2":6,"Replay:Bottled Snecko":10,"Bottled Lightning":28,"War Paint":26,"Smiling Mask":10}]},"card_choices":[{"not_picked":["TheCursedMod:Grudge","TheCursedMod:FleshFromBone"],"picked":"TheCursedMod:SurpriseAttack","floor":1.0},{"not_picked":["TheCursedMod:WearCloak","TheCursedMod:SmokeScreen","TheCursedMod:Wield"],"picked":"SKIP","floor":3.0},{"not_picked":["TheCursedMod:CircleOfFocus","TheCursedMod:CursedBlade"],"picked":"TheCursedMod:SpitefulStrike","floor":4.0},{"not_picked":["TheCursedMod:RapidMovement","TheCursedMod:Torture"],"picked":"TheCursedMod:ReleasedStrength","floor":5.0},{"not_picked":["TheCursedMod:CursedBlade+1","TheCursedMod:BloodBarrier"],"picked":"TheCursedMod:CircleOfFlame","floor":6.0},{"not_picked":["TheCursedMod:ReleasedStrength","TheCursedMod:Stretching"],"picked":"TheCursedMod:CursedArmor","floor":8.0},{"not_picked":["TheCursedMod:HellfireBreathing","TheCursedMod:VitalStrike+1"],"picked":"TheCursedMod:CursedSpellbook","floor":11.0},{"not_picked":["TheCursedMod:Stretching","TheCursedMod:CircleOfCorruption","TheCursedMod:UltimatePain"],"picked":"SKIP","floor":12.0},{"not_picked":["TheCursedMod:BloodBarrier","TheCursedMod:AbyssShockwave+1"],"picked":"TheCursedMod:SurpriseAttack+1","floor":13.0},{"not_picked":["TheCursedMod:SmokeScreen","TheCursedMod:PrepareRite"],"picked":"TheCursedMod:CursedArmor","floor":14.0},{"not_picked":["TheCursedMod:StunningStrike+1","TheCursedMod:CollectTribute"],"picked":"TheCursedMod:ShockAndAwe+1","floor":16.0},{"not_picked":["TheCursedMod:Torture","TheCursedMod:SurpriseAttack+1"],"picked":"TheCursedMod:TacticalStrike+1","floor":18},{"not_picked":["TheCursedMod:DoubleShield","TheCursedMod:Wield+1","TheCursedMod:CursedBlade+1"],"picked":"SKIP","floor":20},{"not_picked":["TheCursedMod:Grudge+1","TheCursedMod:Stretching","TheCursedMod:TroublousMinions+1"],"picked":"SKIP","floor":22}],"player_experience":343784,"relics_obtained":[{"floor":6.0,"key":"Molten Egg 2"},{"floor":8.0,"key":"Smiling Mask"},{"floor":9.0,"key":"Replay:Bottled Snecko"},{"floor":11.0,"key":"Girya"},{"floor":13.0,"key":"Golden Egg"}],"event_choices":[{"damage_healed":0.0,"max_hp_gain":0.0,"max_hp_loss":0.0,"gold_gain":0.0,"event_name":"Accursed Blacksmith","player_choice":"Forge","floor":2.0,"gold_loss":0.0,"damage_taken":0.0,"cards_upgraded":["TheCursedMod:CircleOfWindfury"]}],"is_beta":false,"boss_relics":[{"not_picked":["Replay:Drink Me","Sozu"],"picked":"SlaversCollar"}],"items_purged_floors":[19,21],"is_endless":false,"potions_floor_spawned":[3,4,8,12,13,14,22],"killed_by":"Centurion and Healer","ascension_level":2}}