{"host":"jumrmhf584hajrnz","time":1612219630,"event":{"mods":["BaseMod","Duelist Mod","GifTheSpireLib","Minty Spire (QoL Compilation)","Quick Restart","StSLib"],"gold_per_floor":[137,137,70,25,44,69,83,103,127,157,157,185,235,248,248,321,321,241,241,241,241,241,241],"floor_reached":22,"language":"ENG","playtime":1293,"items_purged":[],"score":458,"play_id":"89e2e31e-d967-4390-b486-354a4c77e3d9","local_time":"20210201234710","is_ascension_mode":true,"campfire_choices":[{"floor":15,"key":"REST"}],"circlet_count":0,"master_deck":["theDuelist:AngelTrumpeter","AscendersBane","theDuelist:CactusBouncer","theDuelist:CastleWalls","theDuelist:CastleWalls","theDuelist:DarkworldThorns","theDuelist:Inmato","theDuelist:JerryBeansMan","theDuelist:JerryBeansMan","theDuelist:Sparks","theDuelist:Sparks","theDuelist:PredaplantPterapenthes","theDuelist:SeedCannon","theDuelist:FallenAngelRoses","theDuelist:WhiteRoseDragon","theDuelist:RainbowKuriboh","theDuelist:BlockGolem","theDuelist:CactusBouncer","theDuelist:CopyPlant+1","theDuelist:PredaplantPterapenthes","theDuelist:Blockman","theDuelist:RevivalRose","theDuelist:LordPoison","theDuelist:BlackRoseDragon"],"relics":["theDuelist:MillenniumPuzzle","theDuelist:CardPoolRelic","theDuelist:CardPoolBasicRelic","theDuelist:BoosterPackPoolRelic","theDuelist:CardPoolAddRelic","theDuelist:CardPoolMinusRelic","theDuelist:CardPoolSaveRelic","theDuelist:CardPoolOptionsRelic","NeowsBlessing","Oddly Smooth Stone","Nunchaku","Omamori","Orichalcum","Ectoplasm"],"acts_visited":["Exordium","TheCity"],"potions_floor_usage":[10],"damage_taken":[{"damage":0,"enemies":"Small Slimes","floor":1,"turns":1},{"damage":0,"enemies":"2 Louse","floor":5,"turns":1},{"damage":0,"enemies":"Lagavulin","floor":6,"turns":1},{"damage":10,"enemies":"Cultist","floor":7,"turns":5},{"damage":5,"enemies":"Large Slime","floor":8,"turns":6},{"damage":19,"enemies":"Gremlin Nob","floor":10,"turns":4},{"damage":4,"enemies":"3 Sentries","floor":12,"turns":6},{"damage":0,"enemies":"Exordium Wildlife","floor":14,"turns":4},{"damage":21,"enemies":"The Guardian","floor":16,"turns":9},{"damage":6,"enemies":"2 Thieves","floor":18,"turns":4},{"damage":12,"enemies":"3 Byrds","floor":21,"turns":4},{"damage":57,"enemies":"3 Byrds","floor":22,"turns":8}],"seed_played":"-2404099480694997034","potions_obtained":[{"floor":1,"key":"Swift Potion"},{"floor":5,"key":"theDuelist:OrbBottle"},{"floor":16,"key":"theDuelist:WaterBottle"}],"is_trial":false,"path_per_floor":["M","$","?","$","M","E","M","M","T","E","?","E","?","M","R","B",null,"M","?","?","M","?"],"character_chosen":"THE_DUELIST","items_purchased":["theDuelist:FallenAngelRoses"],"campfire_rested":1,"item_purchase_floors":[4],"current_hp_per_floor":[63,63,63,63,63,63,53,48,48,29,29,25,25,25,46,25,59,53,53,53,41,0,0],"gold":241,"neow_bonus":"THREE_ENEMY_KILL","is_daily":false,"chose_seed":false,"campfire_upgraded":0,"win_rate":0.0,"timestamp":1612219630,"path_taken":["M","$","?","$","M","E","M","M","T","E","?","E","?","?","R","BOSS","M","?","?","M","?"],"items_purchased_type":["Card"],"build_version":"2020-12-22","purchased_purges":0,"victory":false,"max_hp_per_floor":[70,70,70,70,70,70,70,70,70,70,70,70,70,70,70,70,70,70,70,70,70,70,70],"card_choices":[{"not_picked":["theDuelist:CactusBouncer","theDuelist:Inmato","theDuelist:BotanicalLion","theDuelist:PotDuality"],"picked":"theDuelist:PredaplantPterapenthes","floor":1},{"not_picked":["theDuelist:JerryBeansMan","theDuelist:WormApocalypse","theDuelist:Firegrass","theDuelist:Invigoration"],"picked":"theDuelist:WhiteRoseDragon","floor":5},{"not_picked":["theDuelist:WingedKuriboh","theDuelist:FeatherPho","theDuelist:ChangeHeart","theDuelist:MillenniumGolem"],"picked":"theDuelist:RainbowKuriboh","floor":6},{"not_picked":["theDuelist:MudragonSwamp","theDuelist:PowerGiant","theDuelist:GreenGraveOni","theDuelist:JamBreeding"],"picked":"theDuelist:BlockGolem","floor":7},{"not_picked":["theDuelist:BotanicalLion","theDuelist:Spore","theDuelist:PredaplantChlamydosundew","theDuelist:FallenAngelRoses"],"picked":"theDuelist:CactusBouncer","floor":8},{"not_picked":["theDuelist:BotanicalLion","theDuelist:DarkworldThorns","theDuelist:PredaplantFlytrap","theDuelist:PredaplantChlamydosundew"],"picked":"theDuelist:CopyPlant","floor":10},{"not_picked":["theDuelist:WormApocalypse","theDuelist:PotDuality","theDuelist:Invigoration","theDuelist:BirdRoses"],"picked":"theDuelist:PredaplantPterapenthes","floor":12},{"not_picked":["theDuelist:BattleguardKing","theDuelist:Hinotama","theDuelist:RainbowOverdragon","theDuelist:PowerGiant"],"picked":"theDuelist:Blockman","floor":14},{"not_picked":["theDuelist:SeedCannon","theDuelist:RoseArcher","theDuelist:PredaplantSarraceniant","theDuelist:PredaplantChimerafflesia"],"picked":"theDuelist:RevivalRose","floor":16},{"not_picked":["theDuelist:WorldCarrot","theDuelist:WitchBlackRose","theDuelist:TwilightRoseKnight","theDuelist:Mudora"],"picked":"theDuelist:LordPoison","floor":18},{"not_picked":["theDuelist:PredaplantDrosophyllum+1","theDuelist:BotanicalGirl","theDuelist:BirdRoses","theDuelist:PredaplantSpinodionaea"],"picked":"theDuelist:BlackRoseDragon","floor":21}],"player_experience":1664758,"relics_obtained":[{"floor":6,"key":"Oddly Smooth Stone"},{"floor":9,"key":"Nunchaku"},{"floor":10,"key":"Omamori"},{"floor":12,"key":"Orichalcum"}],"event_choices":[{"damage_healed":0,"gold_gain":0,"player_choice":"Purchased Seed Cannon for 67 Gold.","duelist":true,"damage_taken":0,"max_hp_gain":0,"max_hp_loss":0,"event_name":"Card Trader","floor":3,"gold_loss":0},{"damage_healed":0,"gold_gain":0,"player_choice":"Grow","damage_taken":0,"max_hp_gain":0,"max_hp_loss":0,"event_name":"Living Wall","floor":11,"gold_loss":0,"cards_upgraded":["theDuelist:CopyPlant"]},{"damage_healed":0,"gold_gain":50,"player_choice":"Pray","damage_taken":0,"max_hp_gain":0,"max_hp_loss":0,"event_name":"Golden Shrine","floor":13,"gold_loss":0},{"damage_healed":0,"gold_gain":50,"player_choice":"Stole From Cult","damage_taken":0,"max_hp_gain":0,"max_hp_loss":0,"event_name":"Nest","floor":19,"gold_loss":0},{"damage_healed":0,"gold_gain":0,"player_choice":"Ignored","damage_taken":0,"max_hp_gain":0,"max_hp_loss":0,"event_name":"Ghosts","floor":20,"gold_loss":0},{"damage_healed":0,"gold_gain":0,"player_choice":"Fight","duelist":true,"damage_taken":0,"max_hp_gain":0,"max_hp_loss":0,"event_name":"Battle City","floor":22,"gold_loss":0}],"is_beta":false,"boss_relics":[{"not_picked":["Runic Pyramid","theDuelist:HauntedRelic"],"picked":"Ectoplasm"}],"items_purged_floors":[],"is_endless":false,"potions_floor_spawned":[1,5,16,21],"killed_by":"3 Byrds","ascension_level":20}}