{"host":"krw8blyxua7at9ak","time":1612179226,"event":{"mods":["BaseMod","Highlight Path","Minty Spire (QoL Compilation)","ojb\u0027s Info Mod"],"gold_per_floor":[117,136,136,150,162,195,224,253,305,340,340,340,340,359,359,436,436,455,455,455,469,116,144,144,170,170,170,170,199,199,230,230,307,307,322,338,338,338,356,383,383,383,409,2,37,48,68,97,97,97,97,97,97,12,38,38],"floor_reached":57,"language":"ENG","playtime":2993,"items_purged":["Regret"],"score":3093,"play_id":"4524c13f-072a-4cc1-b60a-c2a755c38bf4","local_time":"20210201123346","is_ascension_mode":true,"campfire_choices":[{"data":"Blade Dance","floor":15.0,"key":"SMITH"},{"data":"Night Terror","floor":24.0,"key":"SMITH"},{"floor":28,"key":"REST"},{"data":"Dash","floor":30,"key":"SMITH"},{"data":"Dash","floor":32,"key":"SMITH"},{"data":"Concentrate","floor":42,"key":"SMITH"},{"floor":49,"key":"RECALL"},{"data":"Prepared","floor":53,"key":"SMITH"}],"circlet_count":0,"master_deck":["AscendersBane","Strike_G+1","Strike_G+1","Strike_G+1","Defend_G+1","Defend_G+1","Defend_G+1","Defend_G+1","Survivor+1","Neutralize+1","Bane","Flying Knee","Blade Dance+1","After Image","Finisher+1","Backstab","Blade Dance+1","Dash+1","Night Terror+1","Backflip","Necronomicurse","Dash+1","Venomology","Prepared+1","Writhe","Blade Dance+1","Tactician+1","Concentrate+1","Finisher","PiercingWail","Prepared+1","Leg Sweep+1","Wraith Form v2+1"],"relics":["Ring of the Snake","Whetstone","Odd Mushroom","Ornamental Fan","Pen Nib","Oddly Smooth Stone","Pantograph","Blue Candle","Philosopher\u0027s Stone","White Beast Statue","Sundial","Du-Vu Doll","PreservedInsect","Necronomicon","Gremlin Horn","Pear","Runic Pyramid","War Paint","Toy Ornithopter","Lantern","Frozen Eye","Frozen Egg 2","StoneCalendar","Blood Vial"],"acts_visited":["Exordium","TheCity","TheBeyond","TheEnding"],"potions_floor_usage":[25,25,29,39,46,46,50,50,50,55,56,56],"damage_taken":[{"damage":2.0,"enemies":"Small Slimes","floor":1.0,"turns":4.0},{"damage":0.0,"enemies":"Cultist","floor":2.0,"turns":2.0},{"damage":0.0,"enemies":"2 Louse","floor":4.0,"turns":4.0},{"damage":0.0,"enemies":"Looter","floor":5.0,"turns":3.0},{"damage":5.0,"enemies":"Gremlin Nob","floor":6.0,"turns":3.0},{"damage":2.0,"enemies":"The Mushroom Lair","floor":7.0,"turns":3.0},{"damage":12.0,"enemies":"3 Sentries","floor":8.0,"turns":5.0},{"damage":7.0,"enemies":"Lagavulin","floor":10.0,"turns":6.0},{"damage":0.0,"enemies":"3 Louse","floor":14.0,"turns":2.0},{"damage":16.0,"enemies":"The Guardian","floor":16.0,"turns":15.0},{"damage":1.0,"enemies":"Chosen","floor":18.0,"turns":5.0},{"damage":0.0,"enemies":"Spheric Guardian","floor":21.0,"turns":1.0},{"damage":7.0,"enemies":"Gremlin Leader","floor":23.0,"turns":7.0},{"damage":19,"enemies":"Slavers","floor":25,"turns":7},{"damage":0,"enemies":"Book of Stabbing","floor":29,"turns":3},{"damage":1,"enemies":"Slavers","floor":31,"turns":3},{"damage":2,"enemies":"Collector","floor":33,"turns":6},{"damage":0,"enemies":"3 Shapes","floor":35,"turns":2},{"damage":0,"enemies":"3 Darklings","floor":36,"turns":2},{"damage":10,"enemies":"Sphere and 2 Shapes","floor":39,"turns":5},{"damage":0,"enemies":"Reptomancer","floor":40,"turns":1},{"damage":0,"enemies":"Giant Head","floor":45,"turns":2},{"damage":0,"enemies":"Maw","floor":46,"turns":6},{"damage":0,"enemies":"Writhing Mass","floor":47,"turns":4},{"damage":0,"enemies":"Reptomancer","floor":48,"turns":4},{"damage":8,"enemies":"Time Eater","floor":50,"turns":5},{"damage":15,"enemies":"Awakened One","floor":51,"turns":12},{"damage":34,"enemies":"Shield and Spear","floor":55,"turns":5},{"damage":68,"enemies":"The Heart","floor":56,"turns":13}],"seed_played":"-3894280698628431269","potions_obtained":[{"floor":4.0,"key":"LiquidMemories"},{"floor":6.0,"key":"CunningPotion"},{"floor":7.0,"key":"ColorlessPotion"},{"floor":8.0,"key":"SpeedPotion"},{"floor":10.0,"key":"SkillPotion"},{"floor":23.0,"key":"Block Potion"},{"floor":25,"key":"SkillPotion"},{"floor":29,"key":"SneckoOil"},{"floor":31,"key":"Fire Potion"},{"floor":33,"key":"GamblersBrew"},{"floor":36,"key":"Ancient Potion"},{"floor":39,"key":"LiquidMemories"},{"floor":45,"key":"ColorlessPotion"},{"floor":46,"key":"Fruit Juice"},{"floor":47,"key":"Weak Potion"},{"floor":48,"key":"SpeedPotion"}],"is_trial":false,"path_per_floor":["M","M","?","M","M","E","?","E","T","E","?","T","?","M","R","B",null,"M","?","?","M","$","E","R","E","T","?","R","E","R","E","R","B",null,"M","M","?","?","M","E","?","R","T","$","E","M","M","E","R","B","B",null,"R","$","E","B",null],"character_chosen":"THE_SILENT","items_purchased":["White Beast Statue","Lantern","Frozen Eye","Finisher","CunningPotion"],"campfire_rested":1,"item_purchase_floors":[22,44,44,44,54],"current_hp_per_floor":[57,57,57,57,57,52,50,38,38,31,31,31,24,24,24,33,53,52,52,52,52,52,45,45,26,26,5,23,23,23,32,32,55,66,66,66,70,70,60,60,60,60,60,60,60,75,75,75,75,75,60,71,71,71,41,10],"gold":38,"neow_bonus":"TRANSFORM_TWO_CARDS","is_daily":false,"chose_seed":false,"campfire_upgraded":6,"win_rate":0.0,"timestamp":1612179226,"path_taken":["M","M","?","M","?","E","?","E","T","E","?","?","?","M","R","BOSS","M","?","?","M","$","E","R","E","T","?","R","E","R","E","R","BOSS","M","M","?","?","?","E","?","R","T","$","E","M","M","E","R","BOSS","BOSS","R","$","E","BOSS"],"items_purchased_type":["Relic","Relic","Relic","Card","Potion"],"build_version":"2020-12-22","purchased_purges":1,"victory":true,"max_hp_per_floor":[60,60,60,60,60,60,60,60,60,60,60,60,60,60,60,60,60,60,60,60,60,60,60,60,60,60,60,60,60,60,70,70,70,70,70,70,70,70,70,70,70,70,70,70,70,75,75,75,75,75,75,75,75,75,75,75],"card_choices":[{"not_picked":["Dodge and Roll","Catalyst"],"picked":"Blade Dance","floor":1.0},{"not_picked":["Backflip","Quick Slash"],"picked":"After Image","floor":2.0},{"not_picked":["Backflip","Flying Knee"],"picked":"Finisher","floor":4.0},{"not_picked":["Bane","Expertise"],"picked":"Backstab","floor":5.0},{"not_picked":["Choke","Eviscerate","Underhanded Strike"],"picked":"SKIP","floor":6.0},{"not_picked":["Footwork","Concentrate"],"picked":"Blade Dance","floor":8.0},{"not_picked":["Dodge and Roll","Envenom"],"picked":"Dash","floor":10.0},{"not_picked":["Poisoned Stab","Outmaneuver","Heel Hook"],"picked":"SKIP","floor":14.0},{"not_picked":["Bullet Time","Grand Finale"],"picked":"Night Terror","floor":16.0},{"not_picked":["Heel Hook","Deadly Poison+1"],"picked":"Backflip","floor":18.0},{"not_picked":["Backflip","Prepared","All Out Attack"],"picked":"SKIP","floor":21.0},{"not_picked":["Eviscerate","Outmaneuver","Tactician+1"],"picked":"SKIP","floor":23.0},{"not_picked":["Deadly Poison","PiercingWail","Flechettes"],"picked":"SKIP","floor":25},{"not_picked":["Deflect","Concentrate","Skewer"],"picked":"SKIP","floor":29},{"not_picked":["Underhanded Strike","Acrobatics"],"picked":"Dash","floor":31},{"not_picked":["A Thousand Cuts","Doppelganger"],"picked":"Venomology","floor":33},{"not_picked":["Bane","Poisoned Stab"],"picked":"Prepared","floor":35},{"not_picked":["Bane","Deflect+1","Backflip"],"picked":"SKIP","floor":36},{"not_picked":["Masterful Stab","Die Die Die"],"picked":"Tactician+1","floor":39},{"not_picked":["Flying Knee","Masterful Stab"],"picked":"Concentrate","floor":40},{"not_picked":["Outmaneuver","All Out Attack"],"picked":"PiercingWail","floor":45},{"not_picked":["Flechettes","Slice"],"picked":"Prepared","floor":46},{"not_picked":["Predator","Quick Slash","Noxious Fumes+1"],"picked":"SKIP","floor":47},{"not_picked":["Slice","Bouncing Flask"],"picked":"Leg Sweep+1","floor":48},{"not_picked":["PiercingWail","Dodge and Roll"],"picked":"Wraith Form v2+1","floor":55}],"player_experience":378795,"relics_obtained":[{"floor":6.0,"key":"Whetstone"},{"floor":7.0,"key":"Odd Mushroom"},{"floor":8.0,"key":"Ornamental Fan"},{"floor":9.0,"key":"Pen Nib"},{"floor":10.0,"key":"Oddly Smooth Stone"},{"floor":12.0,"key":"Blue Candle"},{"floor":23.0,"key":"Sundial"},{"floor":25,"key":"Du-Vu Doll"},{"floor":26,"key":"PreservedInsect"},{"floor":27,"key":"Necronomicon"},{"floor":29,"key":"Gremlin Horn"},{"floor":31,"key":"Pear"},{"floor":40,"key":"War Paint"},{"floor":45,"key":"Frozen Egg 2"},{"floor":48,"key":"StoneCalendar"},{"floor":55,"key":"Blood Vial"}],"event_choices":[{"damage_healed":0.0,"max_hp_gain":0.0,"max_hp_loss":0.0,"gold_gain":0.0,"event_name":"Upgrade Shrine","player_choice":"Upgraded","floor":3.0,"gold_loss":0.0,"damage_taken":0.0,"cards_upgraded":["Blade Dance"]},{"damage_healed":0.0,"max_hp_gain":0.0,"max_hp_loss":0.0,"gold_gain":0.0,"event_name":"Mushrooms","player_choice":"Fought Mushrooms","floor":7.0,"gold_loss":0.0,"damage_taken":0.0},{"damage_healed":0.0,"max_hp_gain":0.0,"max_hp_loss":0.0,"gold_gain":0.0,"event_name":"Big Fish","player_choice":"Box","floor":11.0,"gold_loss":0.0,"damage_taken":0.0,"relics_obtained":["Pantograph"],"cards_obtained":["Regret"]},{"cards_removed":["Strike_G"],"damage_healed":0.0,"max_hp_gain":0.0,"max_hp_loss":0.0,"gold_gain":0.0,"event_name":"Golden Wing","player_choice":"Card Removal","floor":13.0,"gold_loss":0.0,"damage_taken":7.0},{"damage_healed":0.0,"max_hp_gain":0.0,"max_hp_loss":0.0,"gold_gain":0.0,"event_name":"Back to Basics","player_choice":"Simplicity","floor":19.0,"gold_loss":0.0,"damage_taken":0.0,"cards_upgraded":["Strike_G","Strike_G","Strike_G","Defend_G","Defend_G","Defend_G","Defend_G"]},{"damage_healed":0.0,"max_hp_gain":0.0,"max_hp_loss":0.0,"gold_gain":0.0,"event_name":"Vampires","player_choice":"Ignored","floor":20.0,"gold_loss":0.0,"damage_taken":0.0},{"damage_healed":0,"gold_gain":0,"player_choice":"Obtained Book","damage_taken":21,"max_hp_gain":0,"max_hp_loss":0,"event_name":"Cursed Tome","floor":27,"gold_loss":0},{"damage_healed":14,"gold_gain":0,"player_choice":"Writhe","damage_taken":0,"max_hp_gain":0,"max_hp_loss":0,"event_name":"Winding Halls","floor":37,"gold_loss":0,"cards_obtained":["Writhe"]},{"damage_healed":0,"gold_gain":0,"player_choice":"Copied","damage_taken":0,"max_hp_gain":0,"max_hp_loss":0,"event_name":"Duplicator","floor":38,"gold_loss":0,"cards_obtained":["Blade Dance"]},{"damage_healed":0,"gold_gain":0,"player_choice":"Gave Potion","damage_taken":0,"relics_obtained":["Toy Ornithopter"],"max_hp_gain":0,"max_hp_loss":0,"event_name":"WeMeetAgain","floor":41,"gold_loss":0}],"is_beta":false,"boss_relics":[{"not_picked":["Ring of the Serpent","Black Star"],"picked":"Philosopher\u0027s Stone"},{"not_picked":["Busted Crown","Tiny House"],"picked":"Runic Pyramid"}],"items_purged_floors":[22],"is_endless":false,"potions_floor_spawned":[4,6,7,8,10,18,21,23,25,29,31,33,35,36,39,40,45,46,47,48,55],"ascension_level":20}}