{"host":"4eao2pkwlmv012cz","time":1612156078,"event":{"mods":["BaseMod","Colored Powertips","Minty Spire (QoL Compilation)","Permanent Neow","Quick Restart","Random Character Button","StSLib"],"gold_per_floor":[114,128,128,148,158,184,184,510,510,510,40,77,128,143,143,242,242,259,238,238,238,251,251,267,267,267,292,326,134,134,134],"floor_reached":30,"language":"ENG","playtime":1200,"items_purged":["Strike_B"],"score":504,"play_id":"f1abbd1d-a2c9-4a15-8637-cd8ae45dc027","local_time":"20210201000758","is_ascension_mode":true,"campfire_choices":[{"floor":7.0,"key":"REST"},{"floor":10.0,"key":"REST"},{"floor":15,"key":"REST"},{"floor":23,"key":"REST"},{"floor":25,"key":"REST"}],"circlet_count":0,"master_deck":["AscendersBane","Strike_B","Strike_B","Defend_B","Defend_B","Defend_B","Defend_B","Zap","Dualcast","Apotheosis","Gash","Cold Snap","Conserve Battery","Double Energy","Thunder Strike","Cold Snap","Chaos","Buffer","Defragment","HandOfGreed","Ball Lightning","Loop","Static Discharge","Loop","Amplify","Glacier","Redo","Doom and Gloom","Steam Power","Barrage","Defragment","Conserve Battery","Sweeping Beam"],"relics":["Cracked Core","Letter Opener","Old Coin","Emotion Chip","Runic Capacitor","Bottled Tornado","Fusion Hammer","Eternal Feather","PreservedInsect"],"acts_visited":["Exordium","TheCity"],"potions_floor_usage":[14,22,24,28],"damage_taken":[{"damage":0.0,"enemies":"Small Slimes","floor":1.0,"turns":2.0},{"damage":3.0,"enemies":"Cultist","floor":2.0,"turns":4.0},{"damage":0.0,"enemies":"2 Louse","floor":4.0,"turns":2.0},{"damage":6.0,"enemies":"Blue Slaver","floor":5.0,"turns":4.0},{"damage":8.0,"enemies":"Lagavulin","floor":6.0,"turns":5.0},{"damage":37.0,"enemies":"Gremlin Nob","floor":8.0,"turns":5.0},{"damage":7.0,"enemies":"Exordium Wildlife","floor":12.0,"turns":2.0},{"damage":16.0,"enemies":"3 Sentries","floor":13.0,"turns":5.0},{"damage":7,"enemies":"Large Slime","floor":14,"turns":5},{"damage":14,"enemies":"The Guardian","floor":16,"turns":7},{"damage":23,"enemies":"3 Byrds","floor":18,"turns":4},{"damage":22,"enemies":"2 Thieves","floor":19,"turns":4},{"damage":5,"enemies":"Sentry and Sphere","floor":22,"turns":5},{"damage":4,"enemies":"Cultist and Chosen","floor":24,"turns":4},{"damage":10,"enemies":"Chosen and Byrds","floor":28,"turns":5},{"damage":30,"enemies":"Snake Plant","floor":30,"turns":2}],"seed_played":"-2720765598288607247","potions_obtained":[{"floor":4.0,"key":"PotionOfCapacity"},{"floor":12.0,"key":"BlessingOfTheForge"},{"floor":13.0,"key":"Ancient Potion"},{"floor":19,"key":"AttackPotion"},{"floor":22,"key":"BlessingOfTheForge"}],"is_trial":false,"path_per_floor":["M","M","?","M","M","E","R","E","T","R","$","M","E","M","R","B",null,"M","M","?","?","M","R","M","R","T","T","M","$","M"],"character_chosen":"DEFECT","items_purchased":["Runic Capacitor","HandOfGreed","Ball Lightning","Defragment","Conserve Battery","Sweeping Beam"],"campfire_rested":5,"item_purchase_floors":[11,11,11,29,29,29],"current_hp_per_floor":[64,61,61,61,55,47,64,27,27,46,46,39,23,16,35,21,53,30,8,8,8,3,22,18,37,37,37,27,27,0,0],"gold":134,"neow_bonus":"RANDOM_COLORLESS_2","is_daily":false,"chose_seed":false,"campfire_upgraded":0,"win_rate":0.0,"timestamp":1612156078,"path_taken":["M","M","?","M","M","E","R","E","T","R","$","M","E","M","R","BOSS","M","M","?","?","M","R","M","R","T","?","M","$","?"],"items_purchased_type":["Relic","Card","Card","Card","Card","Card"],"build_version":"2020-12-22","purchased_purges":1,"victory":false,"max_hp_per_floor":[64,64,64,64,64,64,64,64,64,64,64,64,64,64,64,64,64,64,64,64,64,64,64,64,64,64,64,64,64,64,64],"card_choices":[{"not_picked":["Metamorphosis","Thinking Ahead"],"picked":"Apotheosis","floor":0.0},{"not_picked":["Go for the Eyes","Hologram"],"picked":"Gash","floor":1.0},{"not_picked":["Compile Driver","Conserve Battery"],"picked":"Cold Snap","floor":2.0},{"not_picked":["Steam Power","Leap"],"picked":"Cold Snap","floor":4.0},{"not_picked":["Reprogram","Ball Lightning"],"picked":"Chaos","floor":5.0},{"not_picked":["Loop","Leap"],"picked":"Buffer","floor":6.0},{"not_picked":["Melter","Cold Snap"],"picked":"Defragment","floor":8.0},{"not_picked":["Fusion","Go for the Eyes"],"picked":"Loop","floor":12.0},{"not_picked":["Beam Cell","Sweeping Beam"],"picked":"Static Discharge","floor":13.0},{"not_picked":["Turbo","Cold Snap"],"picked":"Loop","floor":14},{"not_picked":["Buffer","Multi-Cast"],"picked":"Amplify","floor":16},{"not_picked":["Sweeping Beam","Go for the Eyes"],"picked":"Glacier","floor":18},{"not_picked":["Steam","Leap"],"picked":"Redo","floor":19},{"not_picked":["Barrage","Cold Snap"],"picked":"Doom and Gloom","floor":22},{"not_picked":["Cold Snap+1","Sweeping Beam"],"picked":"Steam Power","floor":24},{"not_picked":["Beam Cell","All For One"],"picked":"Barrage","floor":28}],"player_experience":2859420,"relics_obtained":[{"floor":6.0,"key":"Letter Opener"},{"floor":8.0,"key":"Old Coin"},{"floor":9.0,"key":"Emotion Chip"},{"floor":13.0,"key":"Bottled Tornado"},{"floor":26,"key":"Eternal Feather"},{"floor":27,"key":"PreservedInsect"}],"event_choices":[{"damage_healed":0.0,"max_hp_gain":0.0,"max_hp_loss":0.0,"gold_gain":0.0,"event_name":"Match and Keep!","player_choice":"3 cards matched","floor":3.0,"gold_loss":0.0,"damage_taken":0.0,"cards_obtained":["Conserve Battery","Double Energy","Thunder Strike"]},{"damage_healed":0,"gold_gain":0,"player_choice":"Ignored","damage_taken":0,"max_hp_gain":0,"max_hp_loss":0,"event_name":"Ghosts","floor":20,"gold_loss":0},{"cards_removed":["Strike_B"],"damage_healed":0,"gold_gain":0,"player_choice":"Elegance","damage_taken":0,"max_hp_gain":0,"max_hp_loss":0,"event_name":"Back to Basics","floor":21,"gold_loss":0}],"is_beta":false,"boss_relics":[{"not_picked":["SlaversCollar","Coffee Dripper"],"picked":"Fusion Hammer"}],"items_purged_floors":[11],"is_endless":false,"potions_floor_spawned":[4,12,13,19,22],"killed_by":"Snake Plant","ascension_level":20}}