{"host":"stk82ot58bnorhun","time":1612171074,"event":{"mods":["BaseMod","Colored Powertips","Energized Spire","Highlight Path","Minty Spire (QoL Compilation)","Replay The Spire","StSLib","SuperFastMode","The Servant 0.9.4","UnlockEverythingMod"],"gold_per_floor":[115,115,115,132,146,146,162,194,194,74,85,95,111,111,111,213,163,177,193,211,20,33,33,50,50,50,50,65,65,65,76,76,76,76],"floor_reached":33,"language":"ZHS","playtime":2784,"items_purged":["Collapse"],"score":253,"play_id":"181de168-5e24-40b9-8bc5-f8c1dd31bb36","local_time":"20210201171754","is_ascension_mode":false,"campfire_choices":[{"data":"Potential","floor":6.0,"key":"SMITH"},{"floor":15.0,"key":"REST"},{"floor":23.0,"key":"REST"},{"floor":27.0,"key":"REST"},{"floor":30.0,"key":"RECALL"},{"data":"Replace","floor":32.0,"key":"SMITH"}],"circlet_count":0,"master_deck":["Strike_S","Strike_S","Strike_S","Strike_S","Defend_S+1","Defend_S","Defend_S+1","Defend_S","KidneyShot","Exchange","Ricochet","Potential+1","FastForward","Foresight","Hightail","Alleviate","BestPractice","Rewind","Potential","Deny+1","Strike_S","Initiator","Revamp+1","SurpressingFire","ShiftingGears","Rewind+1","Rearm","BestPractice","Replace+1"],"relics":["Uniform","Blue Candle","Toy Ornithopter","Replay:Accelerometer","energizedSpire:HugeHouse"],"acts_visited":["Exordium","TheCity"],"potions_floor_usage":[33],"damage_taken":[{"damage":8.0,"enemies":"2 Louse","floor":1.0,"turns":3.0},{"damage":6.0,"enemies":"Jaw Worm","floor":4.0,"turns":4.0},{"damage":0.0,"enemies":"Cultist","floor":5.0,"turns":3.0},{"damage":5.0,"enemies":"Blue Slaver","floor":7.0,"turns":4.0},{"damage":20.0,"enemies":"3 Sentries","floor":8.0,"turns":6.0},{"damage":0.0,"enemies":"Large Slime","floor":11.0,"turns":9.0},{"damage":9.0,"enemies":"Exordium Thugs","floor":12.0,"turns":8.0},{"damage":2.0,"enemies":"Lots of Slimes","floor":13.0,"turns":5.0},{"damage":13.0,"enemies":"The Guardian","floor":16.0,"turns":18.0},{"damage":5.0,"enemies":"Spheric Guardian","floor":18.0,"turns":4.0},{"damage":9.0,"enemies":"2 Thieves","floor":19.0,"turns":4.0},{"damage":23.0,"enemies":"3 Cultists","floor":20.0,"turns":5.0},{"damage":10.0,"enemies":"Centurion and Healer","floor":22.0,"turns":11.0},{"damage":31.0,"enemies":"Shelled Parasite and Fungi","floor":24.0,"turns":8.0},{"damage":0.0,"enemies":"Chosen and Byrds","floor":28.0,"turns":8.0},{"damage":8.0,"enemies":"Centurion and Healer","floor":31.0,"turns":12.0},{"damage":51,"enemies":"Automaton","floor":33,"turns":6}],"seed_played":"-191490607387096959","potions_obtained":[{"floor":4.0,"key":"Reflective Coating"},{"floor":8.0,"key":"Dexterity Potion"},{"floor":11.0,"key":"FearPotion"},{"floor":16.0,"key":"DuplicationPotion"},{"floor":20.0,"key":"Energy Potion"},{"floor":24.0,"key":"SteroidPotion"},{"floor":31.0,"key":"Adrenaline Potion"}],"is_trial":false,"path_per_floor":["M","?","T","M","M","R","M","E","T","$","M","M","M","?","R","B",null,"M","M","M","$","M","R","M","?","T","R","M","$","R","M","R","B"],"character_chosen":"THE_SERVANT","items_purchased":["Contraction","Alleviate","ShiftingGears","Rewind+1"],"campfire_rested":3,"item_purchase_floors":[10,10,21,21],"current_hp_per_floor":[63,49,49,43,43,43,38,18,18,18,18,9,7,12,34,31,71,66,57,39,39,29,50,19,19,19,40,45,45,45,37,37,0,0],"gold":76,"neow_bonus":"TEN_PERCENT_HP_BONUS","is_daily":false,"chose_seed":false,"campfire_upgraded":2,"win_rate":0.0,"timestamp":1612171074,"path_taken":["M","?","?","M","M","R","M","E","T","$","M","?","M","?","R","BOSS","M","M","M","$","M","R","M","?","T","R","M","?","R","?","R","BOSS"],"items_purchased_type":["Card","Card","Card","Card"],"build_version":"2020-12-22","purchased_purges":1,"victory":false,"max_hp_per_floor":[71,71,71,71,71,71,71,71,71,71,71,71,71,76,76,76,71,71,71,71,71,71,71,71,71,71,71,71,71,71,71,71,71,71],"card_choices":[{"not_picked":["Replace","FastForward"],"picked":"Ricochet","floor":1.0},{"not_picked":["Collapse","FastForward"],"picked":"Potential","floor":4.0},{"not_picked":["Potential","Misdirection"],"picked":"FastForward","floor":5.0},{"not_picked":["TimeWarp","Barrier"],"picked":"Foresight","floor":7.0},{"not_picked":["FastForward","Potential"],"picked":"Hightail","floor":8.0},{"not_picked":["SpecialFormula","ShatteredReality"],"picked":"BestPractice","floor":11.0},{"not_picked":["Unruled","FastForward"],"picked":"Rewind","floor":12.0},{"not_picked":["KillingDoll","Ricochet"],"picked":"Potential","floor":13.0},{"not_picked":["Solidify","MurderousAura"],"picked":"Deny","floor":16.0},{"not_picked":["Starlight","FastForward"],"picked":"Revamp+1","floor":18.0},{"not_picked":["Shuttle","Unruled+1"],"picked":"Collapse","floor":19.0},{"not_picked":["InstantArmor","Solidify"],"picked":"SurpressingFire","floor":20.0},{"not_picked":["Spin","Rewind+1","Defy"],"picked":"SKIP","floor":22.0},{"not_picked":["Read+1","Replace"],"picked":"Rearm","floor":24.0},{"not_picked":["Alleviate+1","BottledTime"],"picked":"BestPractice","floor":28.0},{"not_picked":["Unruled+1","DoubleEdge"],"picked":"Replace","floor":31.0}],"player_experience":51434,"relics_obtained":[{"floor":3.0,"key":"Blue Candle"},{"floor":8.0,"key":"Toy Ornithopter"},{"floor":9.0,"key":"Replay:Accelerometer"}],"event_choices":[{"damage_healed":0.0,"max_hp_gain":0.0,"max_hp_loss":0.0,"gold_gain":0.0,"event_name":"Shining Light","player_choice":"Entered Light","floor":2.0,"gold_loss":0.0,"damage_taken":14.0,"cards_upgraded":["Defend_S","Defend_S"]},{"damage_healed":0.0,"max_hp_gain":5.0,"max_hp_loss":0.0,"gold_gain":0.0,"event_name":"Big Fish","player_choice":"Donut","floor":14.0,"gold_loss":0.0,"damage_taken":0.0},{"damage_healed":0.0,"max_hp_gain":0.0,"max_hp_loss":0.0,"gold_gain":0.0,"event_name":"Upgrade Shrine","player_choice":"Upgraded","floor":25.0,"gold_loss":0.0,"damage_taken":0.0,"cards_upgraded":["Deny"]}],"is_beta":false,"boss_relics":[{"not_picked":["Replay:Ancient Bell","energizedSpire:DeadBattery"],"picked":"energizedSpire:HugeHouse"}],"items_purged_floors":[21],"is_endless":false,"potions_floor_spawned":[4,8,11,16,20,24,31],"killed_by":"Automaton","ascension_level":0}}