{"host":"dscols65uipasqd2","time":1612142510,"event":{"mods":["2.2 Compatiblity","AchievementEnabler","Aspiration","BaseMod","Colored Powertips","Downfall","Energized Spire","GifTheSpireLib","Hermit","Hubris","Infinite Spire","JesterMod","Jorbs\u0027s Wanderer Trilogy","Magitek Elite","Marisa????????","Minty Spire (QoL Compilation)","Rare Cards Sparkle","Replay The Spire","StSLib","Stuff the Spire","The Cursed","The Disciple","The Hierophant","The Judge","The Jungle","TheFirefly"],"gold_per_floor":[99,118,118,118,12,24,51,69,69,69,69],"floor_reached":9,"language":"ENG","playtime":677,"items_purged":[],"score":54,"play_id":"274d8175-4d27-4087-acb3-bb62812166ef","local_time":"20210131202150","is_ascension_mode":true,"campfire_choices":[{"floor":1,"key":"RECALL"}],"circlet_count":0,"master_deck":["bronze:Strike","bronze:Strike","bronze:Strike","bronze:Strike","bronze:Defend","bronze:Defend","bronze:Defend","bronze:Defend","bronze:Replicate","bronze:Goto","bronze:Iterate","bronze:Backtrace","bronze:BurnOut","hubris:Compulsion","bronze:CutThrough","bronze:ChildClass"],"relics":["bronze:BronzeCore","ReplayTheSpireMod:CursedCoin","bronze:CableSpool"],"acts_visited":["Exordium"],"potions_floor_usage":[8,8,8],"damage_taken":[{"damage":1,"enemies":"Jaw Worm","floor":2,"turns":5},{"damage":0,"enemies":"Cultist","floor":4,"turns":1},{"damage":0,"enemies":"downfall:FleeingMerchant","floor":5,"turns":4},{"damage":0,"enemies":"Small Slimes","floor":6,"turns":1},{"damage":59,"enemies":"Gremlin Gang","floor":8,"turns":6},{"damage":20,"enemies":"3 Sentries","floor":9,"turns":5}],"seed_played":"-3040287907117476308","potions_obtained":[{"floor":0,"key":"sneckomod:MuddlingPotion"},{"floor":0,"key":"DistilledChaos"},{"floor":0,"key":"Dexterity Potion"},{"floor":6,"key":"Fruit Juice"}],"is_trial":false,"path_per_floor":["R","M","?","M","$","M","T","M","E"],"character_chosen":"THE_AUTOMATON","items_purchased":["ReplayTheSpireMod:CursedCoin","bronze:CableSpool"],"campfire_rested":0,"item_purchase_floors":[5,5],"current_hp_per_floor":[70,69,69,69,69,69,69,15,0,0,0],"gold":69,"neow_bonus":"THREE_SMALL_POTIONS","is_daily":false,"chose_seed":false,"campfire_upgraded":0,"win_rate":0.0,"timestamp":1612142510,"path_taken":["R","M","?","M","$","M","T","M","E"],"items_purchased_type":["Relic","Relic"],"build_version":"2020-12-22","purchased_purges":0,"victory":false,"max_hp_per_floor":[70,70,70,70,70,70,70,75,75,75,75],"card_choices":[{"not_picked":["bronze:BitShift","bronze:OilSpill"],"picked":"bronze:Iterate","floor":2},{"not_picked":["bronze:Iterate","bronze:FineTuning"],"picked":"bronze:Backtrace","floor":4},{"not_picked":["bronze:BugBarrage","bronze:DigitalCarnage"],"picked":"bronze:BurnOut","floor":5},{"not_picked":["bronze:Return","bronze:WildBeam"],"picked":"bronze:CutThrough","floor":6},{"not_picked":["bronze:Shield","bronze:CutThrough"],"picked":"bronze:ChildClass","floor":8}],"player_experience":522349,"relics_obtained":[],"event_choices":[],"is_beta":false,"boss_relics":[],"items_purged_floors":[],"is_endless":false,"potions_floor_spawned":[6],"killed_by":"3 Sentries","ascension_level":1}}