{"host":"pqhwp6kmk3x070f7","time":1612166751,"event":{"mods":["Act Like it!","BaseMod","Better Altar","Better Match","Better Note","Better Sensory Stone","Better Skull","Better Third Choice","Downfall","Energized Spire","Hermit","Hubris","Infinite Spire","Jorbs\u0027s Wanderer Trilogy","Minty Spire (QoL Compilation)","Reliquary","Replay The Spire","StSLib","The Elementalist"],"gold_per_floor":[116,129,129,149,161,186,186,196,277,277,287,287,398,411,411,411,411],"floor_reached":16,"language":"ENG","playtime":1818,"items_purged":[],"score":104,"play_id":"49564e80-11fa-479f-9833-d29f3a95ff60","local_time":"20210201000551","is_ascension_mode":false,"campfire_choices":[{"floor":7,"key":"REST"},{"data":"elementalist:Wirbelwight","floor":10,"key":"SMITH"},{"data":"elementalist:Air_Emblem","floor":12,"key":"SMITH"},{"floor":15,"key":"REST"}],"circlet_count":0,"master_deck":["elementalist:Air_Emblem","elementalist:Air_Emblem+1","elementalist:Air_Emblem","elementalist:Strike+Elemblue","elementalist:Defend_Elemblue","elementalist:Defend_Elemblue","elementalist:Defend_Elemblue","elementalist:Defend_Elemblue","elementalist:Defend_Elemblue","elementalist:Firestrike","elementalist:Earthstrike","elementalist:Waterstrike","elementalist:Airstrike","elementalist:Crystal_Chalk","elementalist:Ignition","elementalist:Vaccuum","elementalist:Breeze","elementalist:Confluence","elementalist:Wirbelwight+1","elementalist:Pressurize"],"relics":["elementalistmod:MagusStaff","elementalistmod:GreenCirclet","reliquary:PorcupineQuills","elementalistmod:GreenCirclet","hubris:CuriousFeather","reliquary:PurpleTingedLeaf","Omamori"],"acts_visited":["Exordium"],"potions_floor_usage":[4,11,11,16],"damage_taken":[{"damage":1,"enemies":"2 Louse","floor":1,"turns":3},{"damage":6,"enemies":"Cultist","floor":2,"turns":6},{"damage":0,"enemies":"Jaw Worm","floor":4,"turns":1},{"damage":14,"enemies":"Lots of Slimes","floor":5,"turns":6},{"damage":26,"enemies":"Replay:BlueRogue","floor":6,"turns":11},{"damage":0,"enemies":"Large Slime","floor":8,"turns":8},{"damage":1,"enemies":"Looter","floor":11,"turns":4},{"damage":6,"enemies":"Exordium Wildlife","floor":14,"turns":4},{"damage":48,"enemies":"The Guardian","floor":16,"turns":2}],"seed_played":"-6056977421798754056","potions_obtained":[{"floor":2,"key":"SteroidPotion"},{"floor":5,"key":"SmokeBomb"},{"floor":6,"key":"EntropicBrew"},{"floor":8,"key":"SkillPotion"}],"is_trial":false,"path_per_floor":["M","M","?","M","M","E","R","M","T","R","M","R","?","M","R","B"],"character_chosen":"THE_ELEMENTALIST","items_purchased":[],"campfire_rested":2,"item_purchase_floors":[],"current_hp_per_floor":[69,63,63,63,49,23,44,44,44,44,44,44,23,18,39,0,0],"gold":411,"neow_bonus":"RANDOM_COMMON_RELIC","is_daily":false,"chose_seed":false,"campfire_upgraded":2,"win_rate":0.0,"timestamp":1612166751,"path_taken":["M","M","?","M","?","E","R","M","T","R","M","R","?","?","R","BOSS"],"items_purchased_type":[],"build_version":"2020-12-22","purchased_purges":0,"victory":false,"max_hp_per_floor":[70,70,70,70,70,70,70,70,70,70,70,70,70,70,70,70,70],"card_choices":[{"not_picked":["elementalist:Flame","elementalist:Concentricity"],"picked":"elementalist:Ignition","floor":1},{"not_picked":["elementalist:Spark","elementalist:Mage_Hand"],"picked":"elementalist:Vaccuum","floor":2},{"not_picked":["elementalist:Undertow","elementalist:Flame"],"picked":"elementalist:Breeze","floor":4},{"not_picked":["elementalist:Breeze","elementalist:Monument"],"picked":"elementalist:Confluence","floor":5},{"not_picked":["elementalist:Caution","elementalist:Geomancy"],"picked":"elementalist:Wirbelwight","floor":6},{"not_picked":["elementalist:Spark","elementalist:Cyclone"],"picked":"elementalist:Pressurize","floor":8},{"not_picked":["elementalist:Spark","elementalist:Stone_to_Mud","elementalist:Mirror_Circlet"],"picked":"SKIP","floor":11},{"not_picked":["elementalist:Monument","elementalist:Wards","elementalist:Geomancy"],"picked":"SKIP","floor":14}],"player_experience":1591263,"relics_obtained":[{"floor":6,"key":"hubris:CuriousFeather"},{"floor":9,"key":"reliquary:PurpleTingedLeaf"}],"event_choices":[{"damage_healed":0,"gold_gain":111,"player_choice":"RE GO ","damage_taken":24,"relics_obtained":["Omamori"],"max_hp_gain":0,"max_hp_loss":0,"event_name":"betterSkull:BetterSkull","floor":13,"gold_loss":0,"cards_upgraded":[]}],"is_beta":false,"boss_relics":[],"items_purged_floors":[],"is_endless":false,"potions_floor_spawned":[2,5,6,8,11],"killed_by":"The Guardian","ascension_level":0}}