{"host":"9ndbo4kgsfoemf7y","time":1612176255,"event":{"mods":["AchievementEnabler","BaseMod","Colored Map","DeckTracker","Keyboard Shortcuts","Minty Spire (QoL Compilation)","Permanent Neow","Quick Restart","Relic Stats","StSLib","SuperFastMode"],"gold_per_floor":[10,10,29,39,39,39,68,68,92,119,137,137,164,164,164,164,164],"floor_reached":16,"language":"KOR","playtime":413,"items_purged":[],"score":171,"play_id":"f2d3daa2-a4b4-4cde-a088-01ae34f51b62","local_time":"20210201194415","is_ascension_mode":true,"campfire_choices":[{"data":"Discovery","floor":6.0,"key":"SMITH"},{"floor":8,"key":"REST"},{"data":"Seek","floor":12,"key":"SMITH"},{"floor":15,"key":"REST"}],"circlet_count":0,"master_deck":["Strike_B","Strike_B","Defend_B","Defend_B","Defend_B","Defend_B","Zap","Dualcast","Steam Power","Reinforced Body","Sunder","Discovery+1","Self Repair","Aggregate","Seek+1"],"relics":["Cracked Core","Omamori","Akabeko","Singing Bowl","Boot"],"acts_visited":["Exordium"],"potions_floor_usage":[13],"damage_taken":[{"damage":18.0,"enemies":"Small Slimes","floor":1.0,"turns":2.0},{"damage":0.0,"enemies":"Cultist","floor":3.0,"turns":2.0},{"damage":0.0,"enemies":"Jaw Worm","floor":4.0,"turns":2.0},{"damage":32,"enemies":"Gremlin Nob","floor":7,"turns":4},{"damage":23,"enemies":"3 Sentries","floor":10,"turns":9},{"damage":10,"enemies":"Gremlin Gang","floor":11,"turns":3},{"damage":26,"enemies":"Gremlin Nob","floor":13,"turns":4},{"damage":38,"enemies":"Slime Boss","floor":16,"turns":6}],"seed_played":"-4125254300139714768","potions_obtained":[{"floor":4.0,"key":"Weak Potion"},{"floor":7,"key":"PotionOfCapacity"},{"floor":11,"key":"PowerPotion"}],"is_trial":false,"path_per_floor":["M","?","M","M","$","R","E","R","T","E","M","R","E","?","R","B"],"character_chosen":"DEFECT","items_purchased":[],"campfire_rested":2,"item_purchase_floors":[],"current_hp_per_floor":[50,50,50,50,50,50,25,47,47,31,30,30,13,13,36,0,0],"gold":164,"neow_bonus":"TRANSFORM_TWO_CARDS","is_daily":false,"chose_seed":false,"campfire_upgraded":2,"win_rate":0.0,"timestamp":1612176255,"path_taken":["M","?","M","M","$","R","E","R","T","E","?","R","E","?","R","BOSS"],"items_purchased_type":[],"build_version":"2020-12-22","purchased_purges":0,"victory":false,"max_hp_per_floor":[75,75,75,75,75,75,75,75,75,75,77,77,79,79,79,79,79],"relic_stats":{"Singing Bowl":4,"counters":[8,32],"Boot":[1],"obtain_stats":[{"Singing Bowl":10,"Omamori":7,"Cracked Core":0,"Boot":13,"Akabeko":9},{"Singing Bowl":5,"Omamori":4,"Cracked Core":0,"Boot":7,"Akabeko":4},{"Singing Bowl":19,"Omamori":10,"Cracked Core":0,"Boot":26,"Akabeko":10}]},"card_choices":[{"not_picked":["Ball Lightning","Rebound"],"picked":"Sunder","floor":1.0},{"not_picked":["Streamline","Auto Shields"],"picked":"Self Repair","floor":3.0},{"not_picked":["Stack","Turbo","Storm"],"picked":"SKIP","floor":4.0},{"not_picked":["Barrage","Streamline"],"picked":"Aggregate","floor":7},{"not_picked":["Compile Driver","Steam"],"picked":"Seek","floor":10},{"not_picked":["Streamline","Gash","Auto Shields"],"picked":"Singing Bowl","floor":11},{"not_picked":["Capacitor","Stack","Lockon"],"picked":"Singing Bowl","floor":13}],"player_experience":853781,"relics_obtained":[{"floor":7,"key":"Omamori"},{"floor":9,"key":"Akabeko"},{"floor":10,"key":"Singing Bowl"},{"floor":13,"key":"Boot"}],"event_choices":[{"damage_healed":0.0,"max_hp_gain":0.0,"max_hp_loss":0.0,"gold_gain":0.0,"event_name":"Match and Keep!","player_choice":"1 cards matched","floor":2.0,"gold_loss":0.0,"damage_taken":0.0,"cards_obtained":["Discovery"]},{"damage_healed":0,"gold_gain":0,"player_choice":"Ignored","damage_taken":0,"max_hp_gain":0,"max_hp_loss":0,"event_name":"Shining Light","floor":14,"gold_loss":0}],"is_beta":false,"boss_relics":[],"items_purged_floors":[],"is_endless":false,"potions_floor_spawned":[4,7,11],"killed_by":"Slime Boss","ascension_level":9}}