{"host":"9slw7l0ws16384qq","time":1612178936,"event":{"mods":["A Penny For Your Troubles","BaseMod","Colored Map","Downfall","Evolution","Hubris","Minty Spire (QoL Compilation)","Replay The Spire","StS++","StSLib"],"gold_per_floor":[99,113,129,129,129,129,129,129,161,181,191,101,101,132,142,247,247,247,247,347,77,77,77,77,77,77,92,112,127,127,12,30,129,129,129,147,164,164,149,149,149,149,174,174,200,100,154,172,185,186],"floor_reached":51,"language":"FRA","playtime":3207,"items_purged":["hubris:Wrath","ReplayTheSpireMod:Splinters","Guardian:Defend_Guardian"],"score":1100,"play_id":"dd3cd170-35ea-4bbe-b38f-dc3751ae0467","local_time":"20210201122856","is_ascension_mode":true,"campfire_choices":[{"data":"Guardian:TwinSlam","floor":1.0,"key":"SMITH"},{"data":"Guardian:Defend_Guardian","floor":8.0,"key":"SMITH"},{"data":"Guardian:Defend_Guardian","floor":13.0,"key":"SMITH"},{"data":"Guardian:AncientConstruct","floor":23.0,"key":"SMITH"},{"data":"J.A.X.","floor":30.0,"key":"SMITH"},{"data":"Guardian:StasisEngine","floor":35.0,"key":"SMITH"},{"data":"J.A.X.","floor":40.0,"key":"SMITH"},{"data":"Guardian:Defend_Guardian","floor":46.0,"key":"SMITH"}],"circlet_count":0,"master_deck":["AscendersBane","Guardian:Strike_Guardian","Guardian:Strike_Guardian","Guardian:Strike_Guardian","Guardian:Strike_Guardian","Guardian:Defend_Guardian+1","Guardian:Defend_Guardian+1","Guardian:Defend_Guardian+1","Guardian:CurlUp","Guardian:TwinSlam+1","Guardian:FloatingOrbs+1","Guardian:AncientConstruct+1","Guardian:ConstructionForm+1","FollowUp","J.A.X.+1","Guardian:StasisEngine+1","Guardian:Gem_White","J.A.X.+1","Guardian:SentryBeam","StSpp:MakeshiftWeapon"],"relics":["Guardian:ModeShifter","EVO:Axolotl","hubris:FunFungus","downfall:ExtraCursedKey","Snack Pack","Ancient Tea Set","Eternal Feather","Coffee Dripper","Incense Burner","Ornamental Fan","hubris:PeanutButter","Black Star","PreservedInsect","CeramicFish","Bag of Marbles","downfall:HeartBlessingGreen"],"acts_visited":["Exordium","TheCity","TheBeyond"],"potions_floor_usage":[50,50],"damage_taken":[{"damage":3.0,"enemies":"Small Slimes","floor":2.0,"turns":3.0},{"damage":0.0,"enemies":"2 Louse","floor":3.0,"turns":2.0},{"damage":12.0,"enemies":"Gremlin Nob","floor":9.0,"turns":4.0},{"damage":12.0,"enemies":"Jaw Worm","floor":10.0,"turns":3.0},{"damage":11.0,"enemies":"Large Slime","floor":11.0,"turns":7.0},{"damage":0.0,"enemies":"downfall:FleeingMerchant","floor":12.0,"turns":4.0},{"damage":10.0,"enemies":"Replay:BlueRogue","floor":14.0,"turns":7.0},{"damage":5.0,"enemies":"Blue Slaver","floor":15.0,"turns":4.0},{"damage":124.0,"enemies":"IC_STATUS_ARCHETYPE","floor":16.0,"turns":20.0},{"damage":59.0,"enemies":"Colosseum Nobs","floor":20.0,"turns":8.0},{"damage":6.0,"enemies":"downfall:FleeingMerchant","floor":21.0,"turns":4.0},{"damage":0.0,"enemies":"Spheric Guardian","floor":27.0,"turns":5.0},{"damage":16.0,"enemies":"Snake Plant","floor":28.0,"turns":7.0},{"damage":0.0,"enemies":"3 Cultists","floor":29.0,"turns":5.0},{"damage":0.0,"enemies":"downfall:FleeingMerchant","floor":31.0,"turns":4.0},{"damage":0.0,"enemies":"Shelled Parasite and Fungi","floor":32.0,"turns":5.0},{"damage":68.0,"enemies":"SI_MIRROR_ARCHETYPE","floor":33.0,"turns":11.0},{"damage":35.0,"enemies":"3 Darklings","floor":36.0,"turns":9.0},{"damage":36.0,"enemies":"3 Shapes","floor":37.0,"turns":12.0},{"damage":15.0,"enemies":"downfall:FleeingMerchant","floor":39.0,"turns":4.0},{"damage":36.0,"enemies":"R_Hoarder","floor":43.0,"turns":10.0},{"damage":8.0,"enemies":"Reptomancer","floor":45.0,"turns":5.0},{"damage":0.0,"enemies":"downfall:FleeingMerchant","floor":47.0,"turns":4.0},{"damage":7,"enemies":"Writhing Mass","floor":48,"turns":6},{"damage":57,"enemies":"4 Shapes","floor":49,"turns":11},{"damage":31,"enemies":"DF_ARCHETYPE_ORBS","floor":50,"turns":6}],"seed_played":"7054176103281699850","potions_obtained":[{"floor":2.0,"key":"champ:CounterPotion"},{"floor":9.0,"key":"StSpp:ScatteredPotion"},{"floor":11.0,"key":"Guardian:StasisDiscoveryPotion"},{"floor":14.0,"key":"hexamod:SoulburnPotion"},{"floor":27.0,"key":"AttackPotion"},{"floor":29.0,"key":"Guardian:DefensiveModePotion"},{"floor":36.0,"key":"Adrenaline Potion"},{"floor":45.0,"key":"SteroidPotion"},{"floor":48,"key":"PowerPotion"}],"is_trial":false,"path_per_floor":["R","M","M","?","?","?","T","R","E","M","M","$","R","E","M","B",null,"R_BF","?","?","$","?","R","T","?","T","M","M","M","R","$","M","B",null,"R","M","M","?","?","R","T","?","E","?","E","R","$","M","M","B",null],"character_chosen":"GUARDIAN","items_purchased":["hubris:PeanutButter","StSpp:MakeshiftWeapon"],"campfire_rested":0,"item_purchase_floors":[21,47],"current_hp_per_floor":[80,77,77,74,74,74,74,74,69,59,58,68,68,72,76,8,68,88,88,50,51,51,60,60,60,60,76,80,88,88,88,88,45,77,86,75,82,82,81,88,88,88,76,76,79,88,88,88,59,43],"gold":186,"neow_bonus":"TEN_PERCENT_HP_BONUS","is_daily":false,"chose_seed":false,"campfire_upgraded":8,"win_rate":0.0,"timestamp":1612178936,"path_taken":["R","M","M","?","?","?","T","R","E","M","M","$","R","E","M","BOSS","R_BF","?","?","?","?","R","T","?","?","M","M","?","R","$","M","BOSS","R","M","M","?","?","R","T","?","E","?","E","R","$","?","M","BOSS"],"items_purchased_type":["Relic","Card"],"build_version":"2020-12-22","purchased_purges":3,"victory":true,"max_hp_per_floor":[88,88,88,88,88,88,88,88,88,88,88,88,88,88,88,88,88,88,88,88,88,88,88,88,88,88,88,88,88,88,88,88,88,88,88,88,88,88,88,88,88,88,88,88,88,88,88,88,88,88],"card_choices":[{"not_picked":["Guardian:EvasiveProtocol","Guardian:CrystalBeam"],"picked":"Guardian:Gem_Cyan","floor":2.0},{"not_picked":["Guardian:RollAttack","Guardian:Gem_Green","Guardian:TimeCapacitor"],"picked":"SKIP","floor":3.0},{"not_picked":["Guardian:CompilePackage","Guardian:PiercingHide"],"picked":"Guardian:FloatingOrbs","floor":9.0},{"not_picked":["Guardian:Gem_Red","Guardian:Gem_Green","Guardian:Preprogram"],"picked":"SKIP","floor":10.0},{"not_picked":["Guardian:DonusPower","Guardian:PrimingBeam","Guardian:Emergency"],"picked":"SKIP","floor":11.0},{"not_picked":["Guardian:PiercingHide","Guardian:Gem_Red"],"picked":"Guardian:Gem_Fragmented","floor":12.0},{"not_picked":["Guardian:Gem_Red","Guardian:SpikerProtocol","Guardian:ArmoredProtocol"],"picked":"SKIP","floor":14.0},{"not_picked":["Guardian:TemporalShield","Guardian:TimeBomb"],"picked":"Guardian:AncientConstruct","floor":15.0},{"not_picked":["Guardian:FastForward","Guardian:CompilePackage"],"picked":"Guardian:ConstructionForm","floor":16.0},{"not_picked":["Guardian:PrismaticBarrier","Guardian:SentryBeam","Guardian:Incinerate+1"],"picked":"SKIP","floor":21.0},{"not_picked":["Guardian:TemporalShield","Guardian:Harden","Guardian:Gem_Lightblue"],"picked":"SKIP","floor":27.0},{"not_picked":["Guardian:HyperBeam_Guardian","Guardian:PiercingHide+1","Guardian:Recover"],"picked":"SKIP","floor":28.0},{"not_picked":["Guardian:TimeBomb+1","Guardian:BronzeArmor","Guardian:Orbwalk"],"picked":"SKIP","floor":29.0},{"not_picked":["Guardian:TemporalStrike","Guardian:DecasProtection+1","Guardian:PiercingHide"],"picked":"SKIP","floor":31.0},{"not_picked":["Guardian:Suspension","Guardian:ShieldCharger","Guardian:TemporalStrike+1"],"picked":"SKIP","floor":32.0},{"not_picked":["Guardian:FastForward","Guardian:RevengeProtocol"],"picked":"Guardian:StasisEngine","floor":33.0},{"not_picked":["Guardian:PiercingHide+1","Guardian:Recover+1"],"picked":"Guardian:Gem_White","floor":36.0},{"not_picked":["Guardian:Emergency","Guardian:ShieldCharger","Guardian:CrystalBeam"],"picked":"SKIP","floor":37.0},{"not_picked":["Guardian:SentryBeam","Guardian:Incinerate","Guardian:Gem_Lightblue"],"picked":"SKIP","floor":43.0},{"not_picked":["Guardian:Incinerate","Guardian:Gem_Lightblue"],"picked":"Guardian:SentryBeam","floor":43.0},{"not_picked":["Guardian:Planning+1","Guardian:Orbwalk","Guardian:Gem_Lightblue"],"picked":"SKIP","floor":45.0},{"not_picked":["Guardian:Suspension+1","Guardian:Gem_Blue","Guardian:ArmoredProtocol+1"],"picked":"SKIP","floor":47.0},{"not_picked":["Guardian:ShieldCharger","Guardian:Gem_Cyan","Guardian:StasisField"],"picked":"SKIP","floor":48},{"not_picked":["Guardian:RefractedBeam+1","Guardian:Gem_Lightblue","Guardian:ArmoredProtocol"],"picked":"SKIP","floor":49}],"player_experience":1573708,"relics_obtained":[{"floor":7.0,"key":"Snack Pack"},{"floor":9.0,"key":"Ancient Tea Set"},{"floor":14.0,"key":"Eternal Feather"},{"floor":20.0,"key":"Incense Burner"},{"floor":20.0,"key":"Ornamental Fan"},{"floor":43.0,"key":"PreservedInsect"},{"floor":43.0,"key":"ReplayTheSpireMod:Ninjato"},{"floor":45.0,"key":"CeramicFish"},{"floor":45.0,"key":"Bag of Marbles"}],"event_choices":[{"damage_healed":0.0,"max_hp_gain":0.0,"max_hp_loss":0.0,"gold_gain":0.0,"event_name":"Scrap Ooze","player_choice":"Success","floor":4.0,"gold_loss":0.0,"damage_taken":3.0,"relics_obtained":["hubris:FunFungus"]},{"damage_healed":0.0,"max_hp_gain":0.0,"max_hp_loss":0.0,"gold_gain":0.0,"event_name":"The Library","player_choice":"Read","floor":19.0,"gold_loss":0.0,"damage_taken":0.0,"cards_obtained":["FollowUp"]},{"damage_healed":0.0,"max_hp_gain":0.0,"max_hp_loss":0.0,"gold_gain":0.0,"event_name":"Drug Dealer","player_choice":"Obtain J.A.X.","floor":25.0,"gold_loss":0.0,"damage_taken":0.0,"cards_obtained":["J.A.X."]},{"damage_healed":0.0,"max_hp_gain":0.0,"max_hp_loss":0.0,"gold_gain":0.0,"event_name":"Drug Dealer","player_choice":"Obtain J.A.X.","floor":39.0,"gold_loss":0.0,"damage_taken":0.0,"cards_obtained":["J.A.X."]}],"is_beta":false,"boss_relics":[{"not_picked":["Fusion Hammer","SlaversCollar"],"picked":"Coffee Dripper"},{"not_picked":["Abe\u0027s Treasure","ReplayTheSpireMod:DimensionalGlitch"],"picked":"Black Star"}],"items_purged_floors":[12,31,47],"is_endless":false,"potions_floor_spawned":[2,9,11,14,27,29,36,45,48],"ascension_level":11}}