{"host":"utqe55yv0jihe4d6","time":1612154923,"event":{"mods":["2.2 Compatiblity","AchievementEnabler","BaseMod","Block Reminder","Colored Map","Colored Powertips","Minty Spire (QoL Compilation)","Quick Restart","Rare Cards Sparkle","Relic Stats","SuperFastMode"],"gold_per_floor":[110,129,129,54,74,74,105,120,120,120,148,159,159,176,176,250,250,263,20,35,35,35,67,67,82,105,117,156,48,9,19,19,97,97,110,110,160,178,190,190,80,97,151,151,178,178,213,213,213],"floor_reached":48,"language":"ENG","playtime":1923,"items_purged":["Shame"],"score":1126,"play_id":"77247834-ac15-4019-be5f-964182b290e7","local_time":"20210131234843","is_ascension_mode":true,"campfire_choices":[{"data":"Cold Snap","floor":6.0,"key":"SMITH"},{"floor":10.0,"key":"REST"},{"data":"Barrage","floor":13.0,"key":"SMITH"},{"data":"Go for the Eyes","floor":15.0,"key":"SMITH"},{"floor":24,"key":"REST"},{"data":"Ghostly","floor":27,"key":"SMITH"},{"data":"Ghostly","floor":32,"key":"SMITH"},{"floor":44,"key":"REST"},{"floor":46,"key":"REST"}],"circlet_count":0,"master_deck":["AscendersBane","Strike_B","Strike_B","Strike_B+1","Defend_B+1","Defend_B","Defend_B","Defend_B","Zap+1","Dualcast","Cold Snap+1","Undo","Amplify","Genetic Algorithm","Echo Form+1","Barrage+1","Go for the Eyes+1","Defragment+1","Cold Snap","Echo Form+1","Ball Lightning","White Noise","Ghostly+1","Ghostly+1","Ghostly+1","Machine Learning+1","Capacitor+1","Defragment+1","Capacitor+1","Buffer+1","Reinforced Body+1","Undo"],"relics":["Nuclear Battery","Frozen Egg 2","White Beast Statue","Toy Ornithopter","Inserter","Membership Card","Bag of Preparation","War Paint","MawBank","Vajra","Omamori","Fusion Hammer","Ornamental Fan","Pocketwatch"],"acts_visited":["Exordium","TheCity","TheBeyond"],"potions_floor_usage":[16,16,28,31,33,35,39,47],"damage_taken":[{"damage":6.0,"enemies":"2 Louse","floor":1.0,"turns":4.0},{"damage":9.0,"enemies":"Cultist","floor":2.0,"turns":4.0},{"damage":5.0,"enemies":"Jaw Worm","floor":5.0,"turns":5.0},{"damage":32.0,"enemies":"3 Sentries","floor":7.0,"turns":12.0},{"damage":3.0,"enemies":"3 Louse","floor":8.0,"turns":5.0},{"damage":6.0,"enemies":"Lagavulin","floor":11.0,"turns":8.0},{"damage":9.0,"enemies":"Exordium Thugs","floor":12.0,"turns":5.0},{"damage":0.0,"enemies":"Exordium Wildlife","floor":14.0,"turns":4.0},{"damage":20,"enemies":"Slime Boss","floor":16,"turns":12},{"damage":42,"enemies":"2 Thieves","floor":18,"turns":5},{"damage":1,"enemies":"Spheric Guardian","floor":20,"turns":6},{"damage":4,"enemies":"Slavers","floor":23,"turns":8},{"damage":2,"enemies":"Cultist and Chosen","floor":25,"turns":8},{"damage":5,"enemies":"Gremlin Leader","floor":28,"turns":9},{"damage":12,"enemies":"Snake Plant","floor":31,"turns":6},{"damage":10,"enemies":"Automaton","floor":33,"turns":9},{"damage":0,"enemies":"3 Darklings","floor":35,"turns":7},{"damage":0,"enemies":"Orb Walker","floor":38,"turns":5},{"damage":27,"enemies":"3 Darklings","floor":39,"turns":7},{"damage":0,"enemies":"Transient","floor":42,"turns":6},{"damage":0,"enemies":"Nemesis","floor":45,"turns":11},{"damage":22,"enemies":"Reptomancer","floor":47,"turns":9},{"damage":34,"enemies":"Sphere and 2 Shapes","floor":48,"turns":9}],"seed_played":"-8985709618559971433","potions_obtained":[{"floor":2.0,"key":"DistilledChaos"},{"floor":5.0,"key":"Block Potion"},{"floor":11.0,"key":"SteroidPotion"},{"floor":14.0,"key":"SkillPotion"},{"floor":16,"key":"SmokeBomb"},{"floor":18,"key":"Strength Potion"},{"floor":20,"key":"GamblersBrew"},{"floor":23,"key":"FairyPotion"},{"floor":25,"key":"Regen Potion"},{"floor":28,"key":"EssenceOfSteel"},{"floor":31,"key":"LiquidMemories"},{"floor":33,"key":"Block Potion"},{"floor":35,"key":"DistilledChaos"},{"floor":38,"key":"SkillPotion"},{"floor":39,"key":"Dexterity Potion"},{"floor":47,"key":"SteroidPotion"}],"is_trial":false,"path_per_floor":["M","M","?","$","M","R","E","M","T","R","E","M","R","M","R","B",null,"M","$","M","?","?","E","R","M","T","R","E","$","$","M","R","B",null,"M","?","?","M","M","?","?","M","T","R","E","R","E","M"],"character_chosen":"DEFECT","items_purchased":["Membership Card","Bag of Preparation","Omamori","Defragment+1","Capacitor+1"],"campfire_rested":4,"item_purchase_floors":[19,19,29,29,30],"current_hp_per_floor":[58,49,49,49,44,44,12,9,9,30,24,15,15,20,20,10,56,14,14,13,13,13,9,19,17,17,17,32,32,32,23,23,18,31,35,33,33,33,6,6,6,6,6,15,15,24,7,0,0],"gold":213,"neow_bonus":"BOSS_RELIC","is_daily":false,"chose_seed":false,"campfire_upgraded":5,"win_rate":0.0,"timestamp":1612154923,"path_taken":["M","M","?","$","?","R","E","M","T","R","E","M","R","M","R","BOSS","M","$","M","?","?","E","R","?","T","R","E","?","$","M","R","BOSS","M","?","?","M","?","?","?","M","T","R","E","R","E","M"],"items_purchased_type":["Relic","Relic","Relic","Card","Card"],"build_version":"2020-12-22","purchased_purges":1,"victory":false,"max_hp_per_floor":[71,71,71,71,71,71,71,71,71,71,71,71,71,71,71,71,71,71,71,71,35,35,35,35,35,35,35,35,35,35,35,35,35,35,35,33,33,33,33,33,33,33,33,33,33,33,33,33,33],"relic_stats":{"Inserter":[39],"counters":[23,164],"Ornamental Fan":[20],"Bag of Preparation":[26],"War Paint":["Zap","Defend_B"],"MawBank":36,"obtain_stats":[{"Inserter":17,"Vajra":28,"Bag of Preparation":19,"Omamori":29,"Frozen Egg 2":7,"War Paint":23,"MawBank":26,"White Beast Statue":9,"Nuclear Battery":0,"Ornamental Fan":45,"Fusion Hammer":34,"Membership Card":19,"Cracked Core":0,"Toy Ornithopter":11,"Pocketwatch":47},{"Inserter":9,"Vajra":14,"Bag of Preparation":10,"Omamori":14,"Frozen Egg 2":4,"War Paint":12,"MawBank":13,"White Beast Statue":5,"Nuclear Battery":0,"Ornamental Fan":21,"Fusion Hammer":16,"Membership Card":10,"Cracked Core":0,"Toy Ornithopter":6,"Pocketwatch":22},{"Inserter":59,"Vajra":95,"Bag of Preparation":64,"Omamori":95,"Frozen Egg 2":25,"War Paint":78,"MawBank":86,"White Beast Statue":30,"Nuclear Battery":0,"Ornamental Fan":146,"Fusion Hammer":110,"Membership Card":64,"Cracked Core":0,"Toy Ornithopter":38,"Pocketwatch":155}],"Toy Ornithopter":37,"Pocketwatch":[3]},"card_choices":[{"not_picked":["Hologram","Rebound"],"picked":"Cold Snap","floor":1.0},{"not_picked":["Hologram","Beam Cell"],"picked":"Undo","floor":2.0},{"not_picked":["Redo","Recycle"],"picked":"Genetic Algorithm","floor":5.0},{"not_picked":["Hologram","Loop+1"],"picked":"Echo Form+1","floor":7.0},{"not_picked":["Fusion","Turbo"],"picked":"Barrage","floor":8.0},{"not_picked":["Leap","FTL"],"picked":"Go for the Eyes","floor":11.0},{"not_picked":["Rebound","Go for the Eyes"],"picked":"Defragment+1","floor":12.0},{"not_picked":["Melter","Fusion"],"picked":"Cold Snap","floor":14.0},{"not_picked":["Amplify","Hyperbeam"],"picked":"Echo Form+1","floor":16},{"not_picked":["Go for the Eyes","Sunder"],"picked":"Ball Lightning","floor":18},{"not_picked":["Turbo","Force Field"],"picked":"White Noise","floor":20},{"not_picked":["FTL","Undo"],"picked":"Machine Learning+1","floor":23},{"not_picked":["Beam Cell","Barrage","Leap"],"picked":"SKIP","floor":25},{"not_picked":["Redo","Conserve Battery+1"],"picked":"Capacitor+1","floor":28},{"not_picked":["Turbo","Gash","Hologram"],"picked":"SKIP","floor":31},{"not_picked":["Electrodynamics+1","All For One"],"picked":"Buffer+1","floor":33},{"not_picked":["Capacitor+1","Turbo"],"picked":"Reinforced Body+1","floor":35},{"not_picked":["Force Field","Go for the Eyes","Sweeping Beam"],"picked":"SKIP","floor":38},{"not_picked":["Turbo+1","Beam Cell","Lockon+1"],"picked":"SKIP","floor":39},{"not_picked":["Rebound+1","Compile Driver"],"picked":"Undo","floor":42},{"not_picked":["Rainbow","Genetic Algorithm","Go for the Eyes"],"picked":"SKIP","floor":45},{"not_picked":["Turbo","Scrape","Auto Shields"],"picked":"SKIP","floor":47}],"player_experience":2975205,"relics_obtained":[{"floor":7.0,"key":"Frozen Egg 2"},{"floor":9.0,"key":"White Beast Statue"},{"floor":11.0,"key":"Toy Ornithopter"},{"floor":23,"key":"War Paint"},{"floor":26,"key":"MawBank"},{"floor":28,"key":"Vajra"},{"floor":45,"key":"Ornamental Fan"},{"floor":47,"key":"Pocketwatch"}],"event_choices":[{"damage_healed":0.0,"max_hp_gain":0.0,"max_hp_loss":0.0,"gold_gain":0.0,"event_name":"Match and Keep!","player_choice":"2 cards matched","floor":3.0,"gold_loss":0.0,"damage_taken":0.0,"cards_obtained":["Shame","Amplify"]},{"damage_healed":0,"gold_gain":0,"player_choice":"Became a Ghost","damage_taken":0,"max_hp_gain":0,"max_hp_loss":36,"event_name":"Ghosts","floor":21,"gold_loss":0,"cards_obtained":["Ghostly","Ghostly","Ghostly"]},{"damage_healed":0,"gold_gain":0,"player_choice":"Upgraded","damage_taken":0,"max_hp_gain":0,"max_hp_loss":0,"event_name":"Upgrade Shrine","floor":22,"gold_loss":0,"cards_upgraded":["Ghostly"]},{"damage_healed":0,"gold_gain":0,"player_choice":"Max HP","damage_taken":0,"max_hp_gain":0,"max_hp_loss":2,"event_name":"Winding Halls","floor":36,"gold_loss":0},{"damage_healed":0,"gold_gain":50,"player_choice":"Pray","damage_taken":0,"max_hp_gain":0,"max_hp_loss":0,"event_name":"Golden Shrine","floor":37,"gold_loss":0},{"damage_healed":0,"gold_gain":0,"player_choice":"Ignored","damage_taken":0,"max_hp_gain":0,"max_hp_loss":0,"event_name":"Tomb of Lord Red Mask","floor":40,"gold_loss":0},{"cards_removed":["Strike_B"],"damage_healed":0,"gold_gain":0,"player_choice":"Upgrade and Remove","damage_taken":0,"max_hp_gain":0,"max_hp_loss":0,"event_name":"Designer","floor":41,"gold_loss":110,"cards_upgraded":["Strike_B"]}],"is_beta":false,"boss_relics":[{"not_picked":["Tiny House","Astrolabe"],"picked":"Inserter"},{"not_picked":["Runic Dome","SacredBark"],"picked":"Fusion Hammer"}],"items_purged_floors":[4],"is_endless":false,"potions_floor_spawned":[2,5,11,12,14,16,18,20,23,25,28,31,33,35,38,39,42,45,47],"killed_by":"Sphere and 2 Shapes","ascension_level":20}}