{"host":"i0avyit1s6jb1siw","time":1612178871,"event":{"mods":["BaseMod","DeckTracker","Dota2Spire","Highlight Path","Minty Spire (QoL Compilation)","Quick Restart","StSLib","SuperFastMode"],"gold_per_floor":[135,135,189,243,279,357,357,357,384,384,507,562,562,26,120,120,363,363,405,328,376,418,467,467,583,583,583,616,719,468,578,627,627,886,913,974,731,764,486,486,600,600,690,690,760,848,929,1040,1040,1134,1134,1134,1134,1134,1134,770,870,870],"floor_reached":59,"language":"ENG","playtime":2470,"items_purged":[],"score":4022,"play_id":"1c05f63b-89f9-4d0d-918b-5d266dea0771","local_time":"20210201122751","daily_mods":["Draft","Hoarder","Red Cards","Green Cards","Blue Cards","Purple Cards","DeadlyEvents","Elite Swarm","Midas"],"is_ascension_mode":true,"campfire_choices":[{"floor":7,"key":"RECALL"},{"floor":13,"key":"REST"},{"floor":16,"key":"REST"},{"floor":24,"key":"REST"},{"floor":26,"key":"REST"},{"floor":33,"key":"REST"},{"floor":42,"key":"REST"},{"floor":49,"key":"REST"},{"floor":51,"key":"REST"},{"floor":55,"key":"REST"}],"circlet_count":0,"master_deck":["AscendersBane","PiercingWail","PiercingWail","PiercingWail","Leap","Leap","Leap","Aggregate","Aggregate","Aggregate","Dodge and Roll","Dodge and Roll","Dodge and Roll","Flying Knee","Flying Knee","Flying Knee","BowlingBash","BowlingBash","BowlingBash","Blade Dance","Blade Dance","Blade Dance","Calculated Gamble","Calculated Gamble","Calculated Gamble","Go for the Eyes","Go for the Eyes","Go for the Eyes","Sucker Punch","Sucker Punch","Sucker Punch","FollowUp","FollowUp","FollowUp","Protect","Protect","Protect","Infernal Blade","Infernal Blade","Infernal Blade","Battle Trance","Battle Trance","Battle Trance","Burst","Burst","Burst","Vault","Vault","Vault","Core Surge","Core Surge","Core Surge","Apotheosis","Apotheosis","Apotheosis","Bouncing Flask","Bouncing Flask","Bouncing Flask","Immolate","Immolate","Immolate","Shrug It Off","Shrug It Off","Shrug It Off","Blur","Blur","Blur","Impervious","Impervious","Impervious","Vault","Vault","Vault","Corpse Explosion","Corpse Explosion","Corpse Explosion","Rainbow","Rainbow","Rainbow","Masterful Stab+1","Masterful Stab+1","Tempest+1","Tempest+1","Tempest+1","Conclude+1","Conclude+1","Conclude+1","Coolheaded+1","Coolheaded+1","Coolheaded+1","Barricade","Barricade","Barricade","After Image+1","After Image+1","After Image+1","Vault","Vault","Vault","Skewer","Skewer","Skewer","Jack Of All Trades","Jack Of All Trades","Jack Of All Trades","Impervious","Impervious","Impervious"],"relics":["Snecko Eye","Dota2Spire:BladeMail","Golden Idol","Centennial Puzzle","Incense Burner","CeramicFish","Membership Card","Turnip","Art of War","SacredBark","CaptainsWheel","TungstenRod","Paper Crane","Pantograph","ClockworkSouvenir","Potion Belt","Pen Nib","WingedGreaves","Astrolabe","Calipers","Blood Vial","Chemical X","Regal Pillow","Dream Catcher","InkBottle","Frozen Egg 2","StrikeDummy","Tough Bandages","Meat on the Bone","Lantern","Happy Flower","Dota2Spire:LotusOrb","Sling","Akabeko"],"acts_visited":["Exordium","TheCity","TheBeyond","TheEnding"],"potions_floor_usage":[11,25,58],"damage_taken":[{"damage":0,"enemies":"2 Louse","floor":1,"turns":2},{"damage":0,"enemies":"Jaw Worm","floor":3,"turns":3},{"damage":9,"enemies":"Small Slimes","floor":4,"turns":5},{"damage":0,"enemies":"Looter","floor":5,"turns":2},{"damage":11,"enemies":"Lagavulin","floor":6,"turns":7},{"damage":31,"enemies":"Gremlin Nob","floor":11,"turns":4},{"damage":0,"enemies":"Exordium Thugs","floor":12,"turns":4},{"damage":0,"enemies":"Lagavulin","floor":15,"turns":6},{"damage":0,"enemies":"Slime Boss","floor":17,"turns":2},{"damage":0,"enemies":"3 Byrds","floor":19,"turns":3},{"damage":16,"enemies":"2 Thieves","floor":21,"turns":3},{"damage":15,"enemies":"Shelled Parasite and Fungi","floor":22,"turns":5},{"damage":0,"enemies":"Snake Plant","floor":23,"turns":4},{"damage":0,"enemies":"Gremlin Leader","floor":25,"turns":9},{"damage":0,"enemies":"3 Cultists","floor":28,"turns":3},{"damage":12,"enemies":"Book of Stabbing","floor":29,"turns":6},{"damage":0,"enemies":"Gremlin Leader","floor":31,"turns":5},{"damage":0,"enemies":"Cultist and Chosen","floor":32,"turns":4},{"damage":0,"enemies":"Champ","floor":34,"turns":15},{"damage":4,"enemies":"3 Shapes","floor":36,"turns":3},{"damage":0,"enemies":"Orb Walker","floor":38,"turns":4},{"damage":0,"enemies":"Giant Head","floor":41,"turns":8},{"damage":0,"enemies":"Nemesis","floor":43,"turns":5},{"damage":0,"enemies":"Giant Head","floor":46,"turns":12},{"damage":0,"enemies":"Mind Bloom Boss Battle","floor":47,"turns":9},{"damage":13,"enemies":"Nemesis","floor":48,"turns":11},{"damage":0,"enemies":"Reptomancer","floor":50,"turns":7},{"damage":11,"enemies":"Donu and Deca","floor":52,"turns":7},{"damage":6,"enemies":"Awakened One","floor":53,"turns":14},{"damage":0,"enemies":"Shield and Spear","floor":57,"turns":8},{"damage":0,"enemies":"The Heart","floor":58,"turns":13}],"seed_played":"-6356882638874669987","potions_obtained":[{"floor":4,"key":"SmokeBomb"},{"floor":5,"key":"FearPotion"},{"floor":17,"key":"Weak Potion"},{"floor":21,"key":"DistilledChaos"},{"floor":34,"key":"Energy Potion"},{"floor":38,"key":"GamblersBrew"},{"floor":41,"key":"FairyPotion"}],"is_trial":true,"path_per_floor":["M","?","M","M","M","E","R","?","T","T","E","M","R","$","E","R","B",null,"M","?","M","M","M","R","E","R","T","M","E","$","E","M","R","B",null,"M","$","M","$","?","E","R","E","T","T","E","?","E","R","E","R","B","B",null,"R","$","E","B",null],"character_chosen":"THE_SILENT","items_purchased":["Apotheosis","Membership Card","Turnip","Bouncing Flask","ClockworkSouvenir","Potion Belt","Pen Nib","Calipers","Blood Vial","Barricade","Chemical X","Regal Pillow","Dream Catcher","Happy Flower","Dota2Spire:LotusOrb","Sling","Skewer","DistilledChaos","Jack Of All Trades"],"campfire_rested":9,"item_purchase_floors":[14,14,14,14,30,30,30,37,37,39,39,39,39,56,56,56,56,56,56],"current_hp_per_floor":[59,59,59,50,50,39,39,39,39,39,8,8,26,26,26,44,44,56,56,56,40,25,25,43,43,60,60,60,48,48,48,48,60,60,60,56,56,58,58,58,60,60,60,60,60,60,60,47,60,60,60,49,54,59,60,60,60,60],"gold":870,"neow_bonus":"","is_daily":false,"chose_seed":false,"campfire_upgraded":0,"win_rate":0.0,"timestamp":1612178871,"path_taken":["M","?","M","M","M","E","R","?","T","T","E","?","R","?","E","R","BOSS","M","?","M","?","M","R","E","R","T","M","E","$","E","M","R","BOSS","M","$","M","$","?","E","R","E","T","T","E","?","E","R","E","R","BOSS","BOSS","R","$","E","BOSS"],"items_purchased_type":["Card","Relic","Relic","Card","Relic","Relic","Relic","Relic","Relic","Card","Relic","Relic","Relic","Relic","Relic","Relic","Card","Potion","Card"],"build_version":"2020-12-22","purchased_purges":0,"victory":true,"max_hp_per_floor":[66,66,66,66,66,66,66,60,60,60,60,60,60,60,60,60,60,60,60,60,60,60,60,60,60,60,60,60,60,60,60,60,60,60,60,60,60,60,60,60,60,60,60,60,60,60,60,60,60,60,60,60,60,60,60,60,60,60],"card_choices":[{"not_picked":["JustLucky","Pommel Strike"],"picked":"PiercingWail","floor":0},{"not_picked":["Tempest","Reckless Charge"],"picked":"Leap","floor":0},{"not_picked":["Acrobatics","Halt"],"picked":"Aggregate","floor":0},{"not_picked":["PiercingWail","Iron Wave"],"picked":"Dodge and Roll","floor":0},{"not_picked":["Coolheaded","Underhanded Strike"],"picked":"Flying Knee","floor":0},{"not_picked":["Armaments","Choke"],"picked":"BowlingBash","floor":0},{"not_picked":["Halt","Rebound"],"picked":"Blade Dance","floor":0},{"not_picked":["Streamline","CrushJoints"],"picked":"Calculated Gamble","floor":0},{"not_picked":["Reinforced Body","Flying Knee"],"picked":"Go for the Eyes","floor":0},{"not_picked":["Thunderclap","Outmaneuver"],"picked":"Sucker Punch","floor":0},{"not_picked":["Auto Shields","Clothesline"],"picked":"FollowUp","floor":0},{"not_picked":["ClearTheMind","Body Slam"],"picked":"Protect","floor":0},{"not_picked":["Hologram","EmptyFist"],"picked":"Consecrate","floor":0},{"not_picked":["Poisoned Stab","ClearTheMind"],"picked":"Infernal Blade","floor":0},{"not_picked":["Anger","Deflect"],"picked":"Battle Trance","floor":0},{"not_picked":["ClearTheMind","Twin Strike","Deflect"],"picked":"SKIP","floor":1},{"not_picked":["Rebound","Body Slam","ThirdEye"],"picked":"SKIP","floor":3},{"not_picked":["Sanctity","Conserve Battery"],"picked":"Burst","floor":4},{"not_picked":["Sucker Punch","DeceiveReality","Reinforced Body"],"picked":"SKIP","floor":5},{"not_picked":["Blasphemy","Exhume"],"picked":"Vault","floor":6},{"not_picked":["Grand Finale","Multi-Cast"],"picked":"Core Surge","floor":11},{"not_picked":["Flying Knee","Dodge and Roll","Consecrate"],"picked":"SKIP","floor":12},{"not_picked":["Core Surge","Brilliance","Phantasmal Killer"],"picked":"SKIP","floor":15},{"not_picked":["Reboot","Fission"],"picked":"Immolate","floor":17},{"not_picked":["Ball Lightning","EmptyMind"],"picked":"Shrug It Off","floor":19},{"not_picked":["Sword Boomerang","Clash"],"picked":"Blur","floor":21},{"not_picked":["Ball Lightning+1","Deflect","Blade Dance"],"picked":"SKIP","floor":22},{"not_picked":["Fire Breathing","Intimidate","FlurryOfBlows"],"picked":"SKIP","floor":23},{"not_picked":["Night Terror","Alpha"],"picked":"Impervious","floor":25},{"not_picked":["PiercingWail+1","Deflect","Iron Wave"],"picked":"SKIP","floor":28},{"not_picked":["A Thousand Cuts","Exhume"],"picked":"Vault","floor":29},{"not_picked":["DeusExMachina","Multi-Cast"],"picked":"Corpse Explosion","floor":31},{"not_picked":["BowlingBash","Flying Knee","Caltrops"],"picked":"SKIP","floor":32},{"not_picked":["DeusExMachina","Establishment"],"picked":"Rainbow","floor":34},{"not_picked":["PiercingWail+1","Fire Breathing+1"],"picked":"Coolheaded+1","floor":36},{"not_picked":["Catalyst","Crescendo","Prepared"],"picked":"SKIP","floor":38},{"not_picked":["Buffer","Offering","Biased Cognition"],"picked":"SKIP","floor":41},{"not_picked":["Amplify","Blasphemy"],"picked":"After Image+1","floor":43},{"not_picked":["Unload","Establishment+1","Judgement"],"picked":"SKIP","floor":46},{"not_picked":["Tools of the Trade+1","Exhume","Immolate"],"picked":"SKIP","floor":48},{"not_picked":["Multi-Cast","MasterReality+1"],"picked":"Vault","floor":50},{"not_picked":["ConjureBlade","Establishment+1"],"picked":"Impervious","floor":57}],"player_experience":2391153,"relics_obtained":[{"floor":6,"key":"Dota2Spire:BladeMail"},{"floor":9,"key":"Centennial Puzzle"},{"floor":10,"key":"Incense Burner"},{"floor":11,"key":"CeramicFish"},{"floor":15,"key":"Art of War"},{"floor":25,"key":"TungstenRod"},{"floor":27,"key":"Paper Crane"},{"floor":29,"key":"Pantograph"},{"floor":31,"key":"WingedGreaves"},{"floor":41,"key":"InkBottle"},{"floor":43,"key":"Frozen Egg 2"},{"floor":45,"key":"StrikeDummy"},{"floor":47,"key":"Tough Bandages"},{"floor":48,"key":"Meat on the Bone"},{"floor":50,"key":"Lantern"},{"floor":57,"key":"Akabeko"}],"event_choices":[{"damage_healed":0,"gold_gain":0,"player_choice":"Ignored","damage_taken":0,"max_hp_gain":0,"max_hp_loss":0,"event_name":"Liars Game","floor":2,"gold_loss":0},{"damage_healed":0,"gold_gain":0,"player_choice":"Lose Max HP","damage_taken":0,"relics_obtained":["Golden Idol"],"max_hp_gain":0,"max_hp_loss":6,"event_name":"Golden Idol","floor":8,"gold_loss":0},{"damage_healed":0,"gold_gain":0,"player_choice":"Paid Gold","damage_taken":0,"relics_obtained":["CaptainsWheel"],"max_hp_gain":0,"max_hp_loss":0,"event_name":"WeMeetAgain","floor":20,"gold_loss":77},{"cards_removed":["Masterful Stab"],"damage_healed":0,"gold_gain":0,"player_choice":"Removed Attack","damage_taken":0,"max_hp_gain":0,"max_hp_loss":0,"event_name":"Falling","floor":40,"gold_loss":0},{"damage_healed":0,"gold_gain":0,"player_choice":"Fight","damage_taken":0,"max_hp_gain":0,"max_hp_loss":0,"event_name":"MindBloom","floor":47,"gold_loss":0}],"is_beta":false,"boss_relics":[{"not_picked":["Velvet Choker","Runic Pyramid"],"picked":"SacredBark"},{"not_picked":["Sozu","HoveringKite"],"picked":"Astrolabe"}],"items_purged_floors":[],"is_endless":false,"potions_floor_spawned":[4,5,17,21,22,34,38,41,47,50,57],"ascension_level":20}}