{"host":"rtczl7o4e2em2rmi","time":1612145185,"event":{"mods":["AchievementEnabler","BaseMod","Bestiary","Custom Start","Minty Spire (QoL Compilation)","Permanent Neow","Relic Filter","Relic Stats","StSLib"],"gold_per_floor":[116,291,291,241,260,260,260,304,304,13,13,32,32,50,50,170,170,183,98,98,123,48,48,69,113,113,128,128,151,190,122,122,122,122],"floor_reached":33,"language":"ZHS","playtime":1471,"items_purged":[],"score":462,"play_id":"a4c895c5-b0d6-4be8-a175-079e220f881c","local_time":"20210131210625","is_ascension_mode":true,"campfire_choices":[{"data":"Zap","floor":6.0,"key":"SMITH"},{"data":"Dualcast","floor":11.0,"key":"SMITH"},{"data":"Streamline","floor":13.0,"key":"SMITH"},{"floor":15.0,"key":"REST"},{"floor":23.0,"key":"REST"},{"floor":28,"key":"REST"},{"floor":32,"key":"REST"}],"circlet_count":0,"master_deck":["AscendersBane","Strike_B","Strike_B","Strike_B","Defend_B","Defend_B","Defend_B","Defend_B","Zap+1","Dualcast+1","Streamline+1","Conserve Battery","Double Energy","Stack","Conserve Battery","Creative AI","Sweeping Beam+1","Sunder","White Noise","Barrage+1","Undo","Skim+1","Chill","Undo+1","Defragment+1"],"relics":["Cracked Core","NeowsBlessing","Golden Idol","Matryoshka","Shuriken","StoneCalendar","Mercury Hourglass","Dead Branch","Philosopher\u0027s Stone","Boot","Centennial Puzzle","Frozen Egg 2","Peace Pipe","Ancient Tea Set"],"acts_visited":["Exordium","TheCity"],"potions_floor_usage":[25,25,27,27,33],"damage_taken":[{"damage":0.0,"enemies":"Jaw Worm","floor":1.0,"turns":1.0},{"damage":0.0,"enemies":"Small Slimes","floor":5.0,"turns":1.0},{"damage":0.0,"enemies":"3 Sentries","floor":8.0,"turns":1.0},{"damage":0.0,"enemies":"Cultist","floor":12.0,"turns":3.0},{"damage":0.0,"enemies":"Exordium Wildlife","floor":14.0,"turns":3.0},{"damage":19.0,"enemies":"The Guardian","floor":16.0,"turns":9.0},{"damage":29.0,"enemies":"Chosen","floor":18.0,"turns":5.0},{"damage":18.0,"enemies":"Spheric Guardian","floor":21.0,"turns":4.0},{"damage":23.0,"enemies":"Centurion and Healer","floor":24.0,"turns":5.0},{"damage":30,"enemies":"Book of Stabbing","floor":25,"turns":6},{"damage":0,"enemies":"Sentry and Sphere","floor":27,"turns":4},{"damage":14,"enemies":"Chosen and Byrds","floor":29,"turns":4},{"damage":7,"enemies":"Gremlin Leader","floor":30,"turns":7},{"damage":30,"enemies":"Automaton","floor":33,"turns":6}],"seed_played":"-3853325505726804414","potions_obtained":[{"floor":1.0,"key":"SpeedPotion"},{"floor":16.0,"key":"Regen Potion"},{"floor":24.0,"key":"SkillPotion"},{"floor":25,"key":"Explosive Potion"},{"floor":30,"key":"EssenceOfSteel"}],"is_trial":false,"path_per_floor":["M","?","?","?","M","R","?","E","T","$","R","M","R","M","R","B",null,"M","?","?","M","$","R","M","E","T","M","R","M","E","$","R","B"],"character_chosen":"DEFECT","items_purchased":["Dead Branch","White Noise","Defragment+1"],"campfire_rested":4,"item_purchase_floors":[10,22,31],"current_hp_per_floor":[68,68,50,50,50,50,47,47,47,47,47,47,47,47,69,50,69,40,40,40,22,22,44,21,6,6,6,28,14,7,7,29,0,0],"gold":122,"neow_bonus":"THREE_ENEMY_KILL","is_daily":false,"chose_seed":false,"campfire_upgraded":3,"win_rate":0.0,"timestamp":1612145185,"path_taken":["M","?","?","?","M","R","?","E","T","$","R","M","R","M","R","BOSS","M","?","?","M","$","R","M","E","T","?","R","M","E","$","R","BOSS"],"items_purchased_type":["Relic","Card","Card"],"build_version":"2020-12-22","purchased_purges":0,"victory":false,"max_hp_per_floor":[75,75,75,75,75,75,75,75,75,75,75,75,75,75,75,75,75,75,75,75,75,75,75,75,75,75,75,75,75,75,75,75,75,75],"relic_stats":{"Peace Pipe":0,"Centennial Puzzle":[9],"counters":[14,59],"Golden Idol":82,"Shuriken":[11],"Dead Branch":[37],"StoneCalendar":[52],"Boot":[6],"obtain_stats":[{"NeowsBlessing":0,"Golden Idol":3,"Dead Branch":10,"StoneCalendar":9,"Frozen Egg 2":26,"Boot":19,"Ancient Tea Set":30,"Mercury Hourglass":9,"Peace Pipe":26,"Centennial Puzzle":25,"Matryoshka":7,"Shuriken":8,"Philosopher\u0027s Stone":17,"Cracked Core":0},{"NeowsBlessing":0,"Golden Idol":1,"Dead Branch":3,"StoneCalendar":3,"Frozen Egg 2":10,"Boot":7,"Ancient Tea Set":13,"Mercury Hourglass":3,"Peace Pipe":10,"Centennial Puzzle":10,"Matryoshka":2,"Shuriken":3,"Philosopher\u0027s Stone":6,"Cracked Core":0},{"NeowsBlessing":0,"Golden Idol":1,"Dead Branch":3,"StoneCalendar":3,"Frozen Egg 2":38,"Boot":23,"Ancient Tea Set":53,"Mercury Hourglass":3,"Peace Pipe":38,"Centennial Puzzle":38,"Matryoshka":2,"Shuriken":3,"Philosopher\u0027s Stone":18,"Cracked Core":0}],"Mercury Hourglass":[198]},"card_choices":[{"not_picked":["Doom and Gloom","Go for the Eyes"],"picked":"Streamline","floor":1.0},{"not_picked":["Gash","Hologram"],"picked":"Conserve Battery","floor":5.0},{"not_picked":["Turbo","Redo"],"picked":"Double Energy","floor":8.0},{"not_picked":["Conserve Battery","Beam Cell"],"picked":"Stack","floor":12.0},{"not_picked":["Doom and Gloom","Reprogram"],"picked":"Conserve Battery","floor":14.0},{"not_picked":["Meteor Strike","All For One"],"picked":"Creative AI","floor":16.0},{"not_picked":["Compile Driver","Gash+1"],"picked":"Sweeping Beam+1","floor":18.0},{"not_picked":["Coolheaded","Gash"],"picked":"Sunder","floor":21.0},{"not_picked":["Loop","Leap"],"picked":"Barrage+1","floor":24.0},{"not_picked":["Barrage","Doom and Gloom"],"picked":"Undo","floor":25},{"not_picked":["Turbo","Streamline"],"picked":"Skim+1","floor":27},{"not_picked":["White Noise","Streamline"],"picked":"Chill","floor":29},{"not_picked":["Steam","Darkness"],"picked":"Undo+1","floor":30}],"player_experience":492847,"relics_obtained":[{"floor":8.0,"key":"Shuriken"},{"floor":9.0,"key":"StoneCalendar"},{"floor":9.0,"key":"Mercury Hourglass"},{"floor":25,"key":"Centennial Puzzle"},{"floor":26,"key":"Frozen Egg 2"},{"floor":26,"key":"Peace Pipe"},{"floor":30,"key":"Ancient Tea Set"}],"event_choices":[{"damage_healed":0.0,"max_hp_gain":0.0,"max_hp_loss":0.0,"gold_gain":175.0,"event_name":"Liars Game","player_choice":"AGREE","floor":2.0,"gold_loss":0.0,"damage_taken":0.0,"cards_obtained":["Doubt"]},{"damage_healed":0.0,"max_hp_gain":0.0,"max_hp_loss":0.0,"gold_gain":0.0,"event_name":"Golden Idol","player_choice":"Take Damage","floor":3.0,"gold_loss":0.0,"damage_taken":18.0,"relics_obtained":["Golden Idol"]},{"cards_removed":["Doubt"],"damage_healed":0.0,"max_hp_gain":0.0,"max_hp_loss":0.0,"gold_gain":0.0,"event_name":"The Cleric","player_choice":"Card Removal","floor":4.0,"gold_loss":50.0,"damage_taken":0.0},{"damage_healed":0.0,"max_hp_gain":0.0,"max_hp_loss":0.0,"gold_gain":0.0,"event_name":"Scrap Ooze","player_choice":"Success","floor":7.0,"gold_loss":0.0,"damage_taken":3.0,"relics_obtained":["Matryoshka"]},{"damage_healed":0.0,"max_hp_gain":0.0,"max_hp_loss":0.0,"gold_gain":0.0,"event_name":"Addict","player_choice":"Obtained Relic","floor":19.0,"gold_loss":85.0,"damage_taken":0.0,"relics_obtained":["Boot"]},{"cards_removed":["Strike_B"],"damage_healed":0.0,"max_hp_gain":0.0,"max_hp_loss":0.0,"gold_gain":0.0,"event_name":"Bonfire Elementals","player_choice":"Offered Basic","floor":20.0,"gold_loss":0.0,"damage_taken":0.0}],"is_beta":false,"boss_relics":[{"not_picked":["Coffee Dripper","Fusion Hammer"],"picked":"Philosopher\u0027s Stone"}],"items_purged_floors":[],"is_endless":false,"potions_floor_spawned":[1,16,24,25,30],"killed_by":"Automaton","ascension_level":10}}