{"host":"tvwbxqry54t86y0v","time":1612157902,"event":{"mods":["2.2 Compatiblity","A Magickal Journey","Arknights","Astrologer","BaseMod","Beaked The Cultist","BetterRewards","Block Reminder","Clockwork Mod","Colored Powertips","DeckTracker","Downfall","Fiend Mod","GungeonMod","Hermit","Hubris","Infinite Spire","Ironclad Rager","Marked Mod","Mimic Mod","Minty Spire (QoL Compilation)","Potionbrewer","Replay The Spire","Shade Mod","Somnambulant","StSLib","The Bug Knight","The Cursed","The Death Knight","The Druid","The Elementalist","The Exalted","The Forsaken","The Hierophant","The Jungle","The Marked","The Mystic","The Problem Sleuth","The Runesmith","The Senshi","The Spell Scribe","The Valiant","The Wild Card","TheFirefly","TheHeartMod","Unceasing Turn Reminder","thorton"],"gold_per_floor":[111,111,81,47,64,90,21,93,93,122,122,122,132,132,132,242,242,265,365,380,380,402,602,628,628,628,628,628,628,642,675,675,783,783,861,861,861,948,948,1170,1170,1271,1321,1468,1497,1672,1837,2028,2068,2117,2159,2202,1555,1727,1771],"floor_reached":56,"language":"ENG","playtime":4031,"items_purged":["Normality"],"score":1911,"play_id":"108d14e3-1d5e-4166-9869-082e827724e5","local_time":"20210201163822","is_ascension_mode":false,"campfire_choices":[{"floor":12,"key":"RECALL"},{"floor":15,"key":"DIG"},{"floor":25,"key":"REST"},{"floor":27,"key":"REST"},{"data":"TheCursedMod:VoidForm","floor":29,"key":"SMITH"},{"floor":32,"key":"REST"},{"data":"hermit:FromBeyond","floor":45,"key":"SMITH"},{"floor":49,"key":"REST"},{"data":"infinitespire:TheBestDefense","floor":52,"key":"SMITH"}],"circlet_count":0,"master_deck":["hermit:Strike_Hermit","hermit:Strike_Hermit","hermit:Strike_Hermit","hermit:Strike_Hermit","hermit:Defend_Hermit","hermit:Defend_Hermit","hermit:Defend_Hermit","hermit:Defend_Hermit","hermit:Snapshot","hermit:Covet","hermit:Malice","hermit:Determination+1","hermit:Manifest","hermit:Determination+1","hermit:Desperado","theWildCard:Sakuya","hermit:Misfire","hermit:FromBeyond+1","TheCursedMod:VoidForm+1","hermit:Virtue+1","hermit:Misfire+1","Amnesia","hermit:FinalCanter","theSleuth:FrighteningBeast","downfall:Aged","infinitespire:FutureSight","Pain","hubris:Lust","hubris:Disease","hermit:CursedWeapon","hermit:Grudge","hubris:Gluttony","infinitespire:TheBestDefense+1","hermit:Gestalt","ReplayTheSpireMod:Splinters","Delirium","ReplayUltimateDefense+1","ReplayTheSpireMod:Restless Dread","ReplayTheSpireMod:Splinters"],"relics":["hermit:Momento","NeowsBlessing","Mercury Hourglass","Matryoshka","theForsaken:ScaryMask","Bromod:ArcaneDeflection","Pocketwatch","Replay:Bandana","beaked:SacredDeck","ReplayTheSpireMod:Ring of Collecting","Ring of Fangs","Ring of Misfortune","Juzu Bracelet","Red Mask","Bromod:ArcaneEnergize","infinitespire:EvilPickle","WarpedTongs","theSleuth:Tectrixcalibur","hubris:Towel","Ring of Greed","thethorton:BankDeed","Smiling Mask","Blue Doll","Ornamental Fan","Toy Ornithopter","Bronze Scales","DemoMod:Metronome","DemoMod:GlassGuonStoneRelic","Turnip"],"acts_visited":["Exordium","TheCity","TheBeyond","TheEnding"],"potions_floor_usage":[10,18,46,46,48,48,48,50],"damage_taken":[{"damage":0,"enemies":"Jaw Worm","floor":1,"turns":1},{"damage":0,"enemies":"Small Slimes","floor":5,"turns":1},{"damage":0,"enemies":"Gremlin Nob","floor":6,"turns":1},{"damage":14,"enemies":"Lagavulin","floor":10,"turns":10},{"damage":0,"enemies":"Cultist","floor":13,"turns":3},{"damage":19,"enemies":"Hexaghost","floor":16,"turns":8},{"damage":1,"enemies":"2 Thieves","floor":18,"turns":4},{"damage":26,"enemies":"Spheric Guardian","floor":20,"turns":6},{"damage":26,"enemies":"Shelled Parasite and Fungi","floor":22,"turns":6},{"damage":16,"enemies":"Cultist and Chosen","floor":24,"turns":6},{"damage":4,"enemies":"Snake Plant","floor":30,"turns":4},{"damage":36,"enemies":"Masked Bandits","floor":31,"turns":4},{"damage":0,"enemies":"Pondfish","floor":33,"turns":10},{"damage":0,"enemies":"3 Darklings","floor":35,"turns":4},{"damage":0,"enemies":"Orb Walker","floor":38,"turns":3},{"damage":0,"enemies":"Maw","floor":42,"turns":6},{"damage":8,"enemies":"3 Darklings","floor":44,"turns":7},{"damage":0,"enemies":"Reptomancer","floor":46,"turns":4},{"damage":7,"enemies":"Spire Growth","floor":47,"turns":6},{"damage":25,"enemies":"Nightmare","floor":48,"turns":11},{"damage":15,"enemies":"hubris:GrandSnecko","floor":50,"turns":10},{"damage":19,"enemies":"Shield and Spear","floor":54,"turns":6},{"damage":0,"enemies":"NeowBoss","floor":55,"turns":8}],"seed_played":"-5627213907539886126","potions_obtained":[{"floor":1,"key":"potionbrewer:FreezingPotion"},{"floor":3,"key":"AttackPotion"},{"floor":3,"key":"Cursed Concoction"},{"floor":10,"key":"potionbrewer:NoxiousPotion"},{"floor":20,"key":"champ:CounterPotion"},{"floor":24,"key":"Dexterity Potion"},{"floor":31,"key":"bronze:BurnAndBuffPotion"},{"floor":46,"key":"Fire Potion"},{"floor":47,"key":"potionbrewer:CleansingPotion"},{"floor":48,"key":"Block Potion"}],"is_trial":false,"path_per_floor":["M","?","?","$","M","E","$","?","T","E","?","R","M","$","R","B",null,"M","?","M","?","M","?","M","R","T","R","?","R","M","?","R","B",null,"M","?","?","M","?","?","?","M","T","M","R","E","M","NM","R","B",null,"R","$","E","B",null],"character_chosen":"HERMIT","items_purchased":["hermit:Determination","hermit:Determination","Bronze Scales","DemoMod:Metronome","ReplayUltimateDefense+1","hermit:Eclipse","Dexterity Potion","GamblersBrew"],"campfire_rested":4,"item_purchase_floors":[4,7,53,53,53,53,53,53],"current_hp_per_floor":[75,72,72,72,72,72,72,72,72,58,58,58,58,58,58,39,75,74,74,48,48,22,22,6,28,28,50,50,50,46,10,32,32,75,75,75,75,75,75,75,53,53,53,45,45,45,38,13,35,25,75,75,75,56,56],"gold":1806,"neow_bonus":"THREE_ENEMY_KILL","is_daily":false,"chose_seed":false,"campfire_upgraded":3,"win_rate":0.0,"timestamp":1612157902,"path_taken":["M","?","?","$","?","E","$","?","T","E","?","R","M","$","R","BOSS","M","?","?","?","M","?","?","R","T","R","?","R","M","?","R","BOSS","M","?","?","M","?","?","?","M","T","M","R","E","M","NM","R","BOSS","R","$","E","BOSS"],"items_purchased_type":["Card","Card","Relic","Relic","Card","Potion","Potion","Potion"],"build_version":"2020-12-22","purchased_purges":1,"victory":true,"max_hp_per_floor":[75,75,75,75,75,75,75,75,75,75,75,75,75,75,75,75,75,75,75,75,75,75,75,75,75,75,75,75,75,75,75,75,75,75,75,75,75,75,75,75,75,75,75,75,75,75,75,75,75,75,75,75,75,75,75],"card_choices":[{"not_picked":["hermit:Roulette","hermit:HoleUp"],"picked":"hermit:Malice","floor":1},{"not_picked":["hermit:TakeCover","hermit:Gestalt"],"picked":"hermit:Manifest","floor":5},{"not_picked":["hermit:BlackWind","hermit:Desperado","hermit:Vantage"],"picked":"SKIP","floor":6},{"not_picked":["hermit:Roulette","hermit:PistolWhip"],"picked":"hermit:Desperado","floor":10},{"not_picked":["hermit:NoHoldsBarred","hermit:FlashPowder"],"picked":"hermit:Misfire","floor":13},{"not_picked":["hermit:EternalForm","hermit:Purgatory"],"picked":"hermit:FromBeyond","floor":16},{"not_picked":["hermit:GoldenBullet+1","hermit:Ricochet"],"picked":"hermit:Virtue","floor":18},{"not_picked":["hermit:LoneWolf","hermit:Combo"],"picked":"hermit:Misfire+1","floor":20},{"not_picked":["hermit:Vantage","hermit:Manifest","hermit:Spite"],"picked":"SKIP","floor":22},{"not_picked":["hermit:Horror","hermit:Vantage"],"picked":"hermit:FinalCanter","floor":24},{"not_picked":["infinitespire:Punishment","hubris:InfiniteBlow+991"],"picked":"infinitespire:FutureSight","floor":28},{"not_picked":["hermit:LoneWolf","hermit:CalledShot+1","hermit:Snipe+1"],"picked":"SKIP","floor":30},{"not_picked":["hermit:Malice","hermit:Desperado+1","hermit:Scavenge+1"],"picked":"SKIP","floor":35},{"not_picked":["hermit:Dive","hermit:Coalescence+1","hermit:Spite"],"picked":"SKIP","floor":38},{"not_picked":["hermit:WideOpen","hermit:BodyArmor+1","hermit:GhostlyPresence"],"picked":"SKIP","floor":42},{"not_picked":["hermit:CalledShot","hermit:GhostlyPresence","hermit:WideOpen"],"picked":"SKIP","floor":44},{"not_picked":["hermit:Manifest","hermit:BodyArmor+1"],"picked":"hermit:CursedWeapon","floor":46},{"not_picked":["hermit:Misfire","hermit:CalledShot"],"picked":"hermit:Grudge","floor":47},{"not_picked":["infinitespire:Oblivion","ReplayTheSpireMod:Book of Names"],"picked":"infinitespire:TheBestDefense","floor":48},{"not_picked":["hermit:Glare+1","hermit:BodyArmor+1"],"picked":"hermit:Gestalt","floor":48},{"not_picked":["hermit:Reprieve","hermit:Showdown","hermit:Manifest+1"],"picked":"SKIP","floor":54}],"player_experience":1128827,"relics_obtained":[{"floor":6,"key":"Matryoshka"},{"floor":9,"key":"theForsaken:ScaryMask"},{"floor":9,"key":"Bromod:ArcaneDeflection"},{"floor":10,"key":"Pocketwatch"},{"floor":15,"key":"Replay:Bandana"},{"floor":21,"key":"ReplayTheSpireMod:Ring of Collecting"},{"floor":21,"key":"Ring of Fangs"},{"floor":26,"key":"Ring of Misfortune"},{"floor":26,"key":"Juzu Bracelet"},{"floor":31,"key":"Red Mask"},{"floor":43,"key":"Ring of Greed"},{"floor":43,"key":"thethorton:BankDeed"},{"floor":43,"key":"Smiling Mask"},{"floor":43,"key":"Blue Doll"},{"floor":46,"key":"Ornamental Fan"},{"floor":48,"key":"Toy Ornithopter"},{"floor":54,"key":"Turnip"}],"event_choices":[{"damage_healed":0,"gold_gain":0,"player_choice":"Success","damage_taken":3,"relics_obtained":["Mercury Hourglass"],"max_hp_gain":0,"max_hp_loss":0,"event_name":"Scrap Ooze","floor":2,"gold_loss":0},{"damage_healed":0,"gold_gain":0,"player_choice":"Bought 2 Potions","damage_taken":0,"max_hp_gain":0,"max_hp_loss":0,"event_name":"The Woman in Blue","floor":3,"gold_loss":0},{"damage_healed":0,"gold_gain":72,"player_choice":"Gained Gold","damage_taken":0,"max_hp_gain":0,"max_hp_loss":0,"event_name":"Golden Wing","floor":8,"gold_loss":0},{"damage_healed":0,"gold_gain":100,"player_choice":"Pray","damage_taken":0,"max_hp_gain":0,"max_hp_loss":0,"event_name":"Golden Shrine","floor":19,"gold_loss":0},{"damage_healed":0,"gold_gain":250,"player_choice":"Bet on Owner","damage_taken":0,"max_hp_gain":0,"max_hp_loss":0,"event_name":"The Joust","floor":23,"gold_loss":50},{"damage_healed":0,"gold_gain":0,"player_choice":"Fought Bandits","damage_taken":0,"max_hp_gain":0,"max_hp_loss":0,"event_name":"Masked Bandits","floor":31,"gold_loss":0},{"damage_healed":0,"gold_gain":0,"player_choice":"Rummage","damage_taken":0,"relics_obtained":["WarpedTongs"],"max_hp_gain":0,"max_hp_loss":0,"event_name":"Accursed Blacksmith","floor":36,"gold_loss":0,"cards_obtained":["Pain"]},{"damage_healed":0,"gold_gain":222,"player_choice":"Wore Mask","damage_taken":0,"max_hp_gain":0,"max_hp_loss":0,"event_name":"Tomb of Lord Red Mask","floor":40,"gold_loss":0}],"is_beta":false,"boss_relics":[{"not_picked":["Philosopher\u0027s Stone","infinitespire:Cupcake"],"picked":"beaked:SacredDeck"},{"not_picked":["Bromod:ArcaneBarrier","Sozu"],"picked":"Bromod:ArcaneEnergize"}],"items_purged_floors":[53],"is_endless":false,"potions_floor_spawned":[1,6,10,20,24,31,42,46,47,48],"ascension_level":0}}