{"host":"oeddu058k4r8wzo0","time":1612171729,"event":{"mods":["BaseMod","Colored Map","Colored Powertips","Highlight Path","Magitek Elite","Minty Spire (QoL Compilation)","Quick Restart","StSLib"],"gold_per_floor":[119,129,129,142,142,142,173,173,219,238,238,270,283,308,308,411,411,421,421,421,440,458,489,500,527,550,550,561,45,63,83,83,181,181,193,211,211,43,55,80,80,107,134,151,169,169,169,169,169,169,169,169,17,44,44],"floor_reached":56,"language":"ENG","playtime":4545,"items_purged":["Strike_L","Strike_L"],"score":1244,"play_id":"d32fc1d7-6c9f-4dbc-9e5c-495bedc50dc9","local_time":"20210201012849","is_ascension_mode":false,"campfire_choices":[{"data":"Might","floor":6,"key":"SMITH"},{"data":"Fire2","floor":8,"key":"SMITH"},{"data":"Fire2","floor":11,"key":"SMITH"},{"data":"Esuna","floor":15,"key":"SMITH"},{"data":"RitualDagger","floor":27,"key":"SMITH"},{"data":"Balance","floor":32,"key":"SMITH"},{"data":"Stop","floor":41,"key":"SMITH"},{"data":"Faith","floor":46,"key":"SMITH"},{"floor":49,"key":"RECALL"},{"data":"Aero","floor":52,"key":"SMITH"}],"circlet_count":0,"master_deck":["Strike_L","Defend_L","Defend_L","Defend_L+1","Defend_L","Defend_L","Fire2+2","Cure","Falchion","Icebrand+1","Might+1","Enhancer","Water","Force_Armor","Esuna+","Bravery","Drain","Haste+1","RitualDagger+1","Aero+2","Faith+1","Diamond_Shield2","Rasp","Float2_Spell+1","Balance+1","Circlet","Tornado+1","Diamond_Shield2","Esuna+","Stop+1","Transpose2","Float2_Spell+1","Haste+1","Dispel+1","Meteor+1"],"relics":["Pendant","NeowsBlessing","Tintinnabulum","Orichalcum","Eternal Feather","Ancient Tea Set","Runic Dome","Oddly Smooth Stone","Art of War","Tiny Chest","Medical Kit","Singing Bowl","Sozu","Blue Candle","Molten Egg 2","Happy Flower","Sling","Mercury Hourglass"],"acts_visited":["Exordium","TheCity","TheBeyond","TheEnding"],"potions_floor_usage":[16,16,16,23,25,33,33,50],"damage_taken":[{"damage":0,"enemies":"Cultist","floor":1,"turns":1},{"damage":0,"enemies":"2 Louse","floor":2,"turns":1},{"damage":0,"enemies":"Jaw Worm","floor":4,"turns":1},{"damage":30,"enemies":"3 Sentries","floor":7,"turns":12},{"damage":7,"enemies":"Looter","floor":10,"turns":4},{"damage":8,"enemies":"Gremlin Nob","floor":12,"turns":3},{"damage":3,"enemies":"Gremlin Gang","floor":13,"turns":5},{"damage":2,"enemies":"Lagavulin","floor":14,"turns":6},{"damage":7,"enemies":"Slime Boss","floor":16,"turns":8},{"damage":12,"enemies":"Shell Parasite","floor":18,"turns":6},{"damage":12,"enemies":"3 Byrds","floor":21,"turns":6},{"damage":3,"enemies":"Snecko","floor":22,"turns":5},{"damage":28,"enemies":"Book of Stabbing","floor":23,"turns":6},{"damage":20,"enemies":"Cultist and Chosen","floor":24,"turns":6},{"damage":25,"enemies":"Slavers","floor":25,"turns":6},{"damage":2,"enemies":"Centurion and Healer","floor":28,"turns":11},{"damage":20,"enemies":"Sentry and Sphere","floor":30,"turns":8},{"damage":0,"enemies":"Snecko","floor":31,"turns":5},{"damage":28,"enemies":"Collector","floor":33,"turns":12},{"damage":45,"enemies":"3 Shapes","floor":35,"turns":6},{"damage":14,"enemies":"Orb Walker","floor":36,"turns":6},{"damage":6,"enemies":"3 Darklings","floor":39,"turns":7},{"damage":34,"enemies":"Reptomancer","floor":40,"turns":9},{"damage":4,"enemies":"Nemesis","floor":42,"turns":9},{"damage":16,"enemies":"Jaw Worm Horde","floor":44,"turns":6},{"damage":22,"enemies":"Writhing Mass","floor":45,"turns":5},{"damage":22,"enemies":"Donu and Deca","floor":50,"turns":6},{"damage":34,"enemies":"Shield and Spear","floor":54,"turns":7},{"damage":77,"enemies":"The Heart","floor":55,"turns":10}],"seed_played":"-400934716907326748","potions_obtained":[{"floor":7,"key":"LiquidBronze"},{"floor":10,"key":"AttackPotion"},{"floor":12,"key":"EssenceOfSteel"},{"floor":14,"key":"Swift Potion"},{"floor":21,"key":"Weak Potion"},{"floor":24,"key":"Fruit Juice"},{"floor":30,"key":"PowerPotion"},{"floor":31,"key":"Dexterity Potion"},{"floor":33,"key":"Energy Potion"}],"is_trial":false,"path_per_floor":["M","M","?","M","?","R","E","R","T","M","R","E","M","E","R","B",null,"M","?","?","M","M","E","M","E","T","R","M","$","M","M","R","B",null,"M","M","?","$","M","E","R","E","T","M","M","R","?","T","R","B",null,"R","$","E","B",null],"character_chosen":"MAGITEKELITE","items_purchased":["Medical Kit","Singing Bowl","Circlet","Transpose2","Sling"],"campfire_rested":0,"item_purchase_floors":[29,29,29,38,53],"current_hp_per_floor":[63,63,50,56,56,56,32,33,34,34,35,28,32,31,41,41,63,57,47,42,42,46,32,31,25,26,42,60,61,57,64,75,56,75,36,29,30,31,51,29,48,75,75,77,70,77,77,77,77,55,77,77,77,79,42],"gold":44,"neow_bonus":"THREE_ENEMY_KILL","is_daily":false,"chose_seed":false,"campfire_upgraded":9,"win_rate":0.0,"timestamp":1612171729,"path_taken":["M","M","?","M","?","R","E","R","T","M","R","E","?","E","R","BOSS","M","?","?","M","M","E","M","E","T","R","M","$","M","M","R","BOSS","M","M","?","$","M","E","R","E","T","?","M","R","?","?","R","BOSS","R","$","E","BOSS"],"items_purchased_type":["Relic","Relic","Card","Card","Relic"],"build_version":"2020-12-22","purchased_purges":2,"victory":true,"max_hp_per_floor":[63,63,63,63,63,63,63,63,63,63,63,63,63,63,63,63,63,63,68,68,68,68,68,68,73,73,73,73,73,75,75,75,75,75,75,75,75,75,75,75,75,75,75,77,77,77,77,77,77,77,77,77,77,79,79],"card_choices":[{"not_picked":["Throw","Cursed_Shield"],"picked":"Falchion","floor":1},{"not_picked":["Throw","Cursed_Shield"],"picked":"Icebrand","floor":2},{"not_picked":["Man_Eater","Circlet"],"picked":"Might","floor":4},{"not_picked":["Remember","Thunder_P"],"picked":"Enhancer","floor":7},{"not_picked":["Gaia_Gear","Vox"],"picked":"Water","floor":10},{"not_picked":["Throw","Gladius"],"picked":"Force_Armor","floor":12},{"not_picked":["Vox","Thunder_Blade"],"picked":"Esuna","floor":13},{"not_picked":["Barrier","Crystal_Sword"],"picked":"Bravery","floor":14},{"not_picked":["Mama","Gravity"],"picked":"Drain","floor":16},{"not_picked":["Water","Blood_Hilt"],"picked":"Haste+1","floor":18},{"not_picked":["Blood_Hilt","Quake+1"],"picked":"Aero","floor":21},{"not_picked":["Barrier","Flare"],"picked":"Faith","floor":22},{"not_picked":["Aero","Icebrand"],"picked":"Diamond_Shield2","floor":23},{"not_picked":["Quake+1","Break"],"picked":"Rasp","floor":24},{"not_picked":["Dark","Circlet"],"picked":"Float2_Spell+1","floor":25},{"not_picked":["Aero","Holy"],"picked":"Balance","floor":28},{"not_picked":["Rasp","Quake","Gladius+1"],"picked":"Singing Bowl","floor":30},{"not_picked":["Gladius","Water"],"picked":"Tornado+1","floor":31},{"not_picked":["Lightbringer","Valor"],"picked":"Diamond_Shield2","floor":33},{"not_picked":["Crystal_Sword+1","Cursed_Shield+1"],"picked":"Esuna+","floor":35},{"not_picked":["Quake+1","Heavy_Shield+1"],"picked":"Stop","floor":36},{"not_picked":["Barrier+1","Cursed_Shield"],"picked":"Float2_Spell+1","floor":39},{"not_picked":["Holy","Wall"],"picked":"Haste+1","floor":40},{"not_picked":["Crystal_Sword+1","Holy+1"],"picked":"Dispel+1","floor":42},{"not_picked":["Focus","Bravery+1","Circlet+1"],"picked":"Singing Bowl","floor":44},{"not_picked":["Thunder_Blade+1","Rune_Blade+1"],"picked":"Meteor+1","floor":45},{"not_picked":["Might","Thunder_P","Force_Armor"],"picked":"Singing Bowl","floor":54}],"player_experience":1365582,"relics_obtained":[{"floor":7,"key":"Tintinnabulum"},{"floor":9,"key":"Orichalcum"},{"floor":12,"key":"Eternal Feather"},{"floor":14,"key":"Ancient Tea Set"},{"floor":23,"key":"Oddly Smooth Stone"},{"floor":25,"key":"Art of War"},{"floor":26,"key":"Tiny Chest"},{"floor":40,"key":"Blue Candle"},{"floor":42,"key":"Molten Egg 2"},{"floor":48,"key":"Happy Flower"},{"floor":54,"key":"Mercury Hourglass"}],"event_choices":[{"damage_healed":0,"gold_gain":0,"player_choice":"Entered Light","damage_taken":13,"max_hp_gain":0,"max_hp_loss":0,"event_name":"Shining Light","floor":3,"gold_loss":0,"cards_upgraded":["Icebrand","Defend_L"]},{"damage_healed":0,"gold_gain":0,"cards_transformed":["Strike_L"],"player_choice":"Transformed","damage_taken":0,"max_hp_gain":0,"max_hp_loss":0,"event_name":"Transmorgrifier","floor":5,"gold_loss":0,"cards_obtained":["Mythril_Knife"]},{"damage_healed":0,"gold_gain":0,"player_choice":"Shed Blood","damage_taken":16,"max_hp_gain":5,"max_hp_loss":0,"event_name":"Forgotten Altar","floor":19,"gold_loss":0},{"damage_healed":0,"gold_gain":0,"player_choice":"Joined the Cult","damage_taken":6,"max_hp_gain":0,"max_hp_loss":0,"event_name":"Nest","floor":20,"gold_loss":0,"cards_obtained":["RitualDagger"]},{"damage_healed":0,"gold_gain":0,"player_choice":"Bought 0 Potions","damage_taken":0,"max_hp_gain":0,"max_hp_loss":0,"event_name":"The Woman in Blue","floor":37,"gold_loss":0},{"cards_removed":["Mythril_Knife"],"damage_healed":0,"gold_gain":0,"player_choice":"Removed Attack","damage_taken":0,"max_hp_gain":0,"max_hp_loss":0,"event_name":"Falling","floor":47,"gold_loss":0}],"is_beta":false,"boss_relics":[{"not_picked":["SacredBark","Coffee Dripper"],"picked":"Runic Dome"},{"not_picked":["Velvet Choker","Calling Bell"],"picked":"Sozu"}],"items_purged_floors":[29,38],"is_endless":false,"potions_floor_spawned":[7,10,12,14,21,24,30,31,33,35,44,45],"ascension_level":0}}