{"host":"1ekl8hlbnopmdapi","time":1612207939,"event":{"mods":["AchievementEnabler","BaseMod","Colored Map","Colored Powertips","DeckTracker","Googly Eyes","Highlight Path","Minty Spire (QoL Compilation)","Relic Sorter","StSLib","Synergy Search"],"gold_per_floor":[112,112,130,155,211,211,226,241,310,310,335,262,280,44,44,148,148,160,171,171,171,171,171,506,516,516,516,529,529,539,94,94,199,199,215,68,68,118,118,144,144,158,213,240,240,90,90,103,103,103,103,103,32,58,58,58],"floor_reached":55,"language":"ENG","playtime":2092,"items_purged":[],"score":1067,"play_id":"6a69db75-ae76-4522-9db2-867b2d250f54","local_time":"20210201143219","is_ascension_mode":true,"campfire_choices":[{"floor":6,"key":"RECALL"},{"data":"Noxious Fumes","floor":10,"key":"SMITH"},{"floor":15,"key":"REST"},{"floor":23,"key":"REST"},{"floor":27,"key":"REST"},{"floor":29,"key":"REST"},{"floor":32,"key":"REST"},{"floor":41,"key":"REST"},{"floor":45,"key":"REST"},{"floor":47,"key":"REST"},{"data":"Sadistic Nature","floor":49,"key":"SMITH"},{"data":"Leg Sweep","floor":52,"key":"SMITH"}],"circlet_count":0,"master_deck":["Survivor","Neutralize+1","Poisoned Stab","Endless Agony","Noxious Fumes+1","Leg Sweep","Unload","Bane","Well Laid Plans","PiercingWail","Bane","Poisoned Stab","Dagger Spray","Poisoned Stab","Quick Slash","Glass Knife","Noxious Fumes","Bane","Noxious Fumes","Corpse Explosion","Heel Hook","Dagger Spray+1","Quick Slash","Adrenaline","Noxious Fumes","Sadistic Nature+1","Flying Knee+1","Leg Sweep+1","Adrenaline","Poisoned Stab","Catalyst","Terror+1"],"relics":["Pandora\u0027s Box","Letter Opener","Pantograph","Omamori","Sozu","MutagenicStrength","Old Coin","Lizard Tail","ClockworkSouvenir","Strawberry","MealTicket","SacredBark","Anchor","Mango","Gambling Chip","Vajra","Bag of Preparation","TwistedFunnel","Gremlin Horn"],"acts_visited":["Exordium","TheCity","TheBeyond","TheEnding"],"potions_floor_usage":[25,55],"damage_taken":[{"damage":0,"enemies":"Small Slimes","floor":1,"turns":3},{"damage":0,"enemies":"Cultist","floor":3,"turns":3},{"damage":1,"enemies":"2 Louse","floor":7,"turns":2},{"damage":13,"enemies":"Blue Slaver","floor":8,"turns":2},{"damage":19,"enemies":"3 Sentries","floor":11,"turns":5},{"damage":20,"enemies":"Exordium Wildlife","floor":13,"turns":3},{"damage":12,"enemies":"Slime Boss","floor":16,"turns":6},{"damage":14,"enemies":"Shell Parasite","floor":18,"turns":4},{"damage":19,"enemies":"2 Thieves","floor":19,"turns":3},{"damage":41,"enemies":"Slavers","floor":24,"turns":4},{"damage":9,"enemies":"Snecko","floor":25,"turns":4},{"damage":12,"enemies":"Cultist and Chosen","floor":28,"turns":5},{"damage":12,"enemies":"Chosen and Byrds","floor":30,"turns":3},{"damage":16,"enemies":"Automaton","floor":33,"turns":6},{"damage":10,"enemies":"3 Darklings","floor":35,"turns":2},{"damage":0,"enemies":"Mind Bloom Boss Battle","floor":38,"turns":5},{"damage":54,"enemies":"Nemesis","floor":40,"turns":5},{"damage":9,"enemies":"3 Shapes","floor":42,"turns":5},{"damage":43,"enemies":"Giant Head","floor":44,"turns":6},{"damage":0,"enemies":"Transient","floor":48,"turns":5},{"damage":99,"enemies":"Awakened One","floor":50,"turns":8},{"damage":56,"enemies":"Shield and Spear","floor":54,"turns":4},{"damage":108,"enemies":"The Heart","floor":55,"turns":3}],"seed_played":"-4928597779447933637","potions_obtained":[{"floor":3,"key":"SteroidPotion"},{"floor":16,"key":"EssenceOfSteel"}],"is_trial":false,"path_per_floor":["M","?","M","T","?","R","M","M","T","R","E","$","M","$","R","B",null,"M","M","?","?","?","R","E","M","T","R","M","R","M","$","R","B",null,"M","$","?","?","$","E","R","M","T","E","R","$","R","M","R","B",null,"R","$","E","B"],"character_chosen":"THE_SILENT","items_purchased":["Noxious Fumes","Noxious Fumes","Omamori","ClockworkSouvenir","Strawberry","MealTicket","Anchor","TwistedFunnel","Catalyst"],"campfire_rested":8,"item_purchase_floors":[12,14,14,31,31,31,36,46,53],"current_hp_per_floor":[63,70,70,70,70,70,69,56,56,56,37,37,17,17,38,51,65,51,32,32,32,32,53,12,3,3,24,12,33,21,28,51,60,73,63,77,77,91,91,37,64,55,55,12,39,54,81,81,81,38,78,78,91,35,0,0],"gold":58,"neow_bonus":"BOSS_RELIC","is_daily":false,"chose_seed":false,"campfire_upgraded":3,"win_rate":0.0,"timestamp":1612207939,"path_taken":["M","?","?","?","?","R","M","M","T","R","E","$","M","?","R","BOSS","M","M","?","?","?","R","E","?","T","R","M","R","M","$","R","BOSS","M","?","?","?","?","E","R","?","T","E","R","$","R","M","R","BOSS","R","$","E","BOSS"],"items_purchased_type":["Card","Card","Relic","Relic","Relic","Relic","Relic","Relic","Card"],"build_version":"2020-12-22","purchased_purges":0,"victory":false,"max_hp_per_floor":[70,70,70,70,70,70,70,70,70,70,70,70,70,70,70,70,70,70,70,70,70,70,70,70,70,70,70,70,70,70,77,77,77,77,77,77,77,91,91,91,91,91,91,91,91,91,91,91,91,91,91,91,91,91,91,91],"card_choices":[{"not_picked":["Slice","PiercingWail"],"picked":"Poisoned Stab","floor":1},{"not_picked":["Outmaneuver","Prepared"],"picked":"Dagger Spray","floor":3},{"not_picked":["Cloak And Dagger","Acrobatics"],"picked":"Poisoned Stab","floor":7},{"not_picked":["Outmaneuver","Underhanded Strike"],"picked":"Quick Slash","floor":8},{"not_picked":["Setup","Accuracy"],"picked":"Glass Knife","floor":11},{"not_picked":["Flechettes","Acrobatics"],"picked":"Bane","floor":13},{"not_picked":["Night Terror","Tools of the Trade"],"picked":"Corpse Explosion","floor":16},{"not_picked":["Blade Dance+1","Heel Hook","Slice+1"],"picked":"SKIP","floor":18},{"not_picked":["Blade Dance+1","Slice+1"],"picked":"Heel Hook","floor":18},{"not_picked":["Deadly Poison","Eviscerate"],"picked":"Dagger Spray+1","floor":19},{"not_picked":["Underhanded Strike","Backflip","Doppelganger"],"picked":"SKIP","floor":24},{"not_picked":["Deflect","Accuracy","Outmaneuver+1"],"picked":"SKIP","floor":25},{"not_picked":["Calculated Gamble","Leg Sweep"],"picked":"Quick Slash","floor":28},{"not_picked":["Wraith Form v2","Accuracy","Outmaneuver"],"picked":"SKIP","floor":30},{"not_picked":["Storm of Steel","Burst"],"picked":"Adrenaline","floor":33},{"not_picked":["Deflect+1","Predator"],"picked":"Noxious Fumes","floor":35},{"not_picked":["Forethought","Deep Breath"],"picked":"Sadistic Nature","floor":37},{"not_picked":["Reflex+1","Endless Agony+1"],"picked":"Flying Knee+1","floor":40},{"not_picked":["Sucker Punch+1","Dagger Spray+1"],"picked":"Leg Sweep","floor":42},{"not_picked":["Malaise","Acrobatics+1"],"picked":"Adrenaline","floor":44},{"not_picked":["Blade Dance+1","Dagger Spray+1"],"picked":"Poisoned Stab","floor":48},{"not_picked":["Caltrops","Blade Dance+1"],"picked":"Terror+1","floor":54}],"player_experience":516410,"relics_obtained":[{"floor":9,"key":"Letter Opener"},{"floor":11,"key":"Pantograph"},{"floor":24,"key":"Old Coin"},{"floor":26,"key":"Lizard Tail"},{"floor":38,"key":"Mango"},{"floor":40,"key":"Gambling Chip"},{"floor":43,"key":"Vajra"},{"floor":44,"key":"Bag of Preparation"},{"floor":54,"key":"Gremlin Horn"}],"event_choices":[{"cards_removed":["Reflex"],"damage_healed":7,"gold_gain":0,"player_choice":"Offered Uncommon","damage_taken":0,"max_hp_gain":0,"max_hp_loss":0,"event_name":"Bonfire Elementals","floor":2,"gold_loss":0},{"damage_healed":0,"gold_gain":56,"player_choice":"Gained Gold","damage_taken":0,"max_hp_gain":0,"max_hp_loss":0,"event_name":"Golden Wing","floor":5,"gold_loss":0},{"damage_healed":0,"gold_gain":0,"player_choice":"Simplicity","damage_taken":0,"max_hp_gain":0,"max_hp_loss":0,"event_name":"Back to Basics","floor":20,"gold_loss":0,"cards_upgraded":[]},{"damage_healed":0,"gold_gain":0,"player_choice":"Inject Mutagens","damage_taken":0,"relics_obtained":["MutagenicStrength"],"max_hp_gain":0,"max_hp_loss":0,"event_name":"Drug Dealer","floor":21,"gold_loss":0},{"damage_healed":0,"gold_gain":0,"player_choice":"Upgraded","damage_taken":0,"max_hp_gain":0,"max_hp_loss":0,"event_name":"Upgrade Shrine","floor":22,"gold_loss":0,"cards_upgraded":["Neutralize"]},{"damage_healed":0,"gold_gain":0,"player_choice":"Memory 1","damage_taken":0,"max_hp_gain":0,"max_hp_loss":0,"event_name":"SensoryStone","floor":37,"gold_loss":0},{"damage_healed":0,"gold_gain":0,"player_choice":"Fight","damage_taken":0,"max_hp_gain":0,"max_hp_loss":0,"event_name":"MindBloom","floor":38,"gold_loss":0}],"is_beta":false,"boss_relics":[{"not_picked":["Astrolabe","Runic Pyramid"],"picked":"Sozu"},{"not_picked":["Velvet Choker","Snecko Eye"],"picked":"SacredBark"}],"items_purged_floors":[],"is_endless":false,"potions_floor_spawned":[3,16,24,25,28,33,40,44],"killed_by":"The Heart","ascension_level":7}}