{"host":"ad59wuc8ynh8u2z6","time":1612197848,"event":{"mods":["AchievementEnabler","BaseMod","Colored Powertips","DeckTracker","Highlight Path","Minty Spire (QoL Compilation)","Permanent Neow"],"gold_per_floor":[117,136,147,165,175,208,208,233,256,281,281,292,242,167,167,167,167],"floor_reached":16,"language":"ENG","playtime":432,"items_purged":["Strike_G"],"score":171,"play_id":"ae7b11a5-21f7-419f-bdd0-9127cdd978dc","local_time":"20210201174408","is_ascension_mode":true,"campfire_choices":[{"data":"The Bomb","floor":7.0,"key":"SMITH"},{"data":"Neutralize","floor":11.0,"key":"SMITH"},{"data":"Backflip","floor":15.0,"key":"SMITH"}],"circlet_count":0,"master_deck":["Strike_G","Strike_G","Strike_G","Defend_G","Defend_G","Defend_G","Defend_G","Defend_G","Survivor","Neutralize+1","The Bomb+1","PiercingWail","Well Laid Plans","Backflip+1"],"relics":["Ring of the Snake","Snake Skull","Pear","Nunchaku","Strawberry"],"acts_visited":["Exordium"],"potions_floor_usage":[],"damage_taken":[{"damage":3.0,"enemies":"Small Slimes","floor":1.0,"turns":4.0},{"damage":0.0,"enemies":"Jaw Worm","floor":2.0,"turns":4.0},{"damage":0.0,"enemies":"Cultist","floor":3.0,"turns":3.0},{"damage":5.0,"enemies":"3 Louse","floor":4.0,"turns":3.0},{"damage":6.0,"enemies":"Red Slaver","floor":5.0,"turns":4.0},{"damage":17.0,"enemies":"Gremlin Nob","floor":6.0,"turns":4.0},{"damage":7.0,"enemies":"3 Sentries","floor":8.0,"turns":3.0},{"damage":16.0,"enemies":"Gremlin Nob","floor":10.0,"turns":3.0},{"damage":4.0,"enemies":"Gremlin Gang","floor":12.0,"turns":3.0},{"damage":0,"enemies":"Slime Boss","floor":16,"turns":3}],"seed_played":"8500340526123212406","potions_obtained":[{"floor":1.0,"key":"FearPotion"},{"floor":4.0,"key":"FearPotion"},{"floor":5.0,"key":"AttackPotion"},{"floor":10.0,"key":"Explosive Potion"}],"is_trial":false,"path_per_floor":["M","M","M","M","M","E","R","E","T","E","R","M","?","$","R","B"],"character_chosen":"THE_SILENT","items_purchased":[],"campfire_rested":0,"item_purchase_floors":[],"current_hp_per_floor":[46,46,46,41,35,18,18,21,21,12,12,8,8,8,8,8,8],"gold":167,"neow_bonus":"RANDOM_COLORLESS_2","is_daily":false,"chose_seed":false,"campfire_upgraded":3,"win_rate":0.0,"timestamp":1612197848,"path_taken":["M","M","M","M","M","E","R","E","T","E","R","M","?","$","R","BOSS"],"items_purchased_type":[],"build_version":"2020-12-22","purchased_purges":1,"victory":false,"max_hp_per_floor":[70,70,70,70,70,70,70,80,80,87,87,87,87,87,87,87,87],"card_choices":[{"not_picked":["Panache","Thinking Ahead"],"picked":"The Bomb","floor":0.0},{"not_picked":["Dagger Spray","All Out Attack"],"picked":"PiercingWail","floor":1.0},{"not_picked":["Poisoned Stab","Cloak And Dagger","Riddle With Holes"],"picked":"SKIP","floor":2.0},{"not_picked":["Sucker Punch","Backstab"],"picked":"Well Laid Plans","floor":3.0},{"not_picked":["Slice","Crippling Poison","Sucker Punch"],"picked":"SKIP","floor":4.0},{"not_picked":["Noxious Fumes","Well Laid Plans","Dagger Throw"],"picked":"SKIP","floor":5.0},{"not_picked":["Noxious Fumes","Quick Slash","Backstab"],"picked":"SKIP","floor":6.0},{"not_picked":["Dagger Throw","Endless Agony","Poisoned Stab"],"picked":"SKIP","floor":8.0},{"not_picked":["Infinite Blades","Dagger Throw"],"picked":"Backflip","floor":10.0},{"not_picked":["Blur","Endless Agony","Quick Slash"],"picked":"SKIP","floor":12.0}],"player_experience":75601,"relics_obtained":[{"floor":6.0,"key":"Snake Skull"},{"floor":8.0,"key":"Pear"},{"floor":9.0,"key":"Nunchaku"},{"floor":10.0,"key":"Strawberry"}],"event_choices":[{"cards_removed":["Strike_G"],"damage_healed":0.0,"max_hp_gain":0.0,"max_hp_loss":0.0,"gold_gain":0.0,"event_name":"The Cleric","player_choice":"Card Removal","floor":13.0,"gold_loss":50.0,"damage_taken":0.0}],"is_beta":false,"boss_relics":[],"items_purged_floors":[14],"is_endless":false,"potions_floor_spawned":[1,4,5,10],"killed_by":"Slime Boss","ascension_level":4}}