{"host":"xo3bvwoo3g0exv0i","time":1612156853,"event":{"mods":["BaseMod","Marisa????????","Minty Spire (QoL Compilation)"],"gold_per_floor":[116,130,205,218,236,263,263,213,236,263,281,281,310,310,310,310,310],"floor_reached":16,"language":"ENG","playtime":783,"items_purged":[],"score":138,"play_id":"cf76cc48-656c-430e-b894-dcf26f022f86","local_time":"20210201002053","is_ascension_mode":true,"campfire_choices":[{"data":"Hyperbeam","floor":7,"key":"SMITH"},{"data":"Hologram","floor":12,"key":"SMITH"},{"floor":15,"key":"REST"}],"circlet_count":0,"master_deck":["Strike_B","Strike_B","Strike_B","Strike_B","Defend_B","Defend_B","Defend_B","Defend_B","Dualcast","Hyperbeam+1","Hologram+1","Sweeping Beam","Beam Cell","Leap","Conserve Battery","Injury"],"relics":["Cracked Core","Anchor","Bag of Preparation","Nunchaku","Orichalcum","Golden Idol"],"acts_visited":["Exordium"],"potions_floor_usage":[13],"damage_taken":[{"damage":0,"enemies":"Cultist","floor":1,"turns":2},{"damage":0,"enemies":"2 Louse","floor":2,"turns":2},{"damage":0,"enemies":"Small Slimes","floor":4,"turns":1},{"damage":18,"enemies":"3 Louse","floor":5,"turns":3},{"damage":13,"enemies":"Gremlin Nob","floor":6,"turns":3},{"damage":6,"enemies":"3 Sentries","floor":10,"turns":3},{"damage":0,"enemies":"Blue Slaver","floor":11,"turns":1},{"damage":18,"enemies":"Gremlin Nob","floor":13,"turns":4},{"damage":66,"enemies":"The Guardian","floor":16,"turns":9}],"seed_played":"-4662062158729765604","potions_obtained":[{"floor":2,"key":"FairyPotion"},{"floor":5,"key":"SkillPotion"}],"is_trial":false,"path_per_floor":["M","M","?","M","M","E","R","?","T","E","M","R","E","?","R","B"],"character_chosen":"DEFECT","items_purchased":[],"campfire_rested":1,"item_purchase_floors":[],"current_hp_per_floor":[75,75,64,64,46,33,33,33,33,27,27,27,9,9,31,0,0],"gold":310,"neow_bonus":"ONE_RANDOM_RARE_CARD","is_daily":false,"chose_seed":false,"campfire_upgraded":2,"win_rate":0.0,"timestamp":1612156853,"path_taken":["M","M","?","M","M","E","R","?","T","E","M","R","E","?","R","BOSS"],"items_purchased_type":[],"build_version":"2020-12-22","purchased_purges":0,"victory":false,"max_hp_per_floor":[75,75,75,75,75,75,75,75,75,75,75,75,75,75,75,75,75],"card_choices":[{"not_picked":["Ball Lightning","Cold Snap"],"picked":"Hologram","floor":1},{"not_picked":["Stack","Compile Driver","Steam"],"picked":"SKIP","floor":2},{"not_picked":["Consume","Cold Snap"],"picked":"Sweeping Beam","floor":4},{"not_picked":["Sweeping Beam","Barrage"],"picked":"Beam Cell","floor":5},{"not_picked":["Cold Snap","Redo"],"picked":"Leap","floor":6},{"not_picked":["Fission","Streamline"],"picked":"Conserve Battery","floor":10},{"not_picked":["Streamline","Sweeping Beam","Barrage"],"picked":"SKIP","floor":11},{"not_picked":["Blizzard","Consume","Streamline"],"picked":"SKIP","floor":13}],"player_experience":78102,"relics_obtained":[{"floor":6,"key":"Anchor"},{"floor":9,"key":"Bag of Preparation"},{"floor":10,"key":"Nunchaku"},{"floor":13,"key":"Orichalcum"}],"event_choices":[{"damage_healed":0,"gold_gain":75,"player_choice":"Gather Gold","damage_taken":11,"max_hp_gain":0,"max_hp_loss":0,"event_name":"World of Goop","floor":3,"gold_loss":0},{"cards_removed":["Zap"],"damage_healed":0,"gold_gain":0,"player_choice":"Card Removal","damage_taken":0,"max_hp_gain":0,"max_hp_loss":0,"event_name":"The Cleric","floor":8,"gold_loss":50},{"damage_healed":0,"gold_gain":0,"player_choice":"Take Wound","damage_taken":0,"relics_obtained":["Golden Idol"],"max_hp_gain":0,"max_hp_loss":0,"event_name":"Golden Idol","floor":14,"gold_loss":0,"cards_obtained":["Injury"]}],"is_beta":false,"boss_relics":[],"items_purged_floors":[],"is_endless":false,"potions_floor_spawned":[2,5],"killed_by":"The Guardian","ascension_level":3}}