{"host":"d52brwsy6af8zvaq","time":1612214727,"event":{"mods":["AchievementEnabler","BaseMod","Bestiary","Highlight Path","Minty Spire (QoL Compilation)","Quick Restart","Relic Stats","ojb\u0027s Better Paths Mod"],"gold_per_floor":[111,186,23,34,34,34,34,34],"floor_reached":7,"language":"ENG","playtime":141,"items_purged":[],"score":78,"play_id":"9e2e0b18-06ef-4fb6-99e8-58143c218ee0","local_time":"20210201142527","is_ascension_mode":true,"campfire_choices":[{"data":"Dagger Spray","floor":6,"key":"SMITH"}],"circlet_count":0,"master_deck":["AscendersBane","Strike_G","Strike_G","Strike_G","Strike_G","Defend_G","Defend_G","Defend_G","Defend_G","Defend_G","Survivor","Neutralize","Bullet Time","Heel Hook","Dagger Spray+1"],"relics":["Ring of the Snake","ClockworkSouvenir"],"acts_visited":[],"potions_floor_usage":[],"damage_taken":[{"damage":0,"enemies":"Small Slimes","floor":1,"turns":4},{"damage":0,"enemies":"2 Louse","floor":4,"turns":3},{"damage":79,"enemies":"Gremlin Nob","floor":7,"turns":6}],"seed_played":"1215605173997430892","potions_obtained":[],"is_trial":false,"path_per_floor":["M","?","$","M","?","R","E"],"character_chosen":"THE_SILENT","items_purchased":["ClockworkSouvenir"],"campfire_rested":0,"item_purchase_floors":[3],"current_hp_per_floor":[59,48,48,48,48,48,0,0],"gold":34,"neow_bonus":"TRANSFORM_CARD","is_daily":false,"chose_seed":false,"campfire_upgraded":1,"win_rate":0.0,"timestamp":1612214727,"path_taken":["M","?","$","M","?","R","E"],"items_purchased_type":["Relic"],"build_version":"2020-12-22","purchased_purges":0,"victory":false,"max_hp_per_floor":[66,66,66,66,66,66,66,66],"relic_stats":{"counters":[3,13],"obtain_stats":[{"Ring of the Snake":0,"ClockworkSouvenir":3},{"Ring of the Snake":0,"ClockworkSouvenir":1},{"Ring of the Snake":0,"ClockworkSouvenir":4}],"Ring of the Snake":[6]},"card_choices":[{"not_picked":["Backflip","Expertise"],"picked":"Heel Hook","floor":1},{"not_picked":["Terror","Accuracy"],"picked":"Dagger Spray","floor":4}],"player_experience":2106088,"relics_obtained":[],"event_choices":[{"damage_healed":0,"gold_gain":75,"player_choice":"Gather Gold","damage_taken":11,"max_hp_gain":0,"max_hp_loss":0,"event_name":"World of Goop","floor":2,"gold_loss":0},{"damage_healed":0,"gold_gain":0,"player_choice":"Ignored","damage_taken":0,"max_hp_gain":0,"max_hp_loss":0,"event_name":"Shining Light","floor":5,"gold_loss":0}],"is_beta":false,"boss_relics":[],"items_purged_floors":[],"is_endless":false,"potions_floor_spawned":[],"killed_by":"Gremlin Nob","ascension_level":20}}