{"host":"rjfefv2ruvigm2gb","time":1612154874,"event":{"mods":["AlwaysNeverKeys","BaseMod","Better Third Choice","Block Reminder","CCEM2","Conspire","Curses Come First","Displayed Cursed Tome","Downfall","Fox Events","Gold Saver","Googly Eyes","HexUI Lib","Hubris","Minty Spire (QoL Compilation)","Monster B Gone","Permanent Neow","Poor People Problems","Relic Stats","Reliquary","Replay The Spire","Shop Mod","Small Relic Pack","StS++","StSLib","SuperFastMode","Transform Curses","Uncapped","Virulent Crown"],"gold_per_floor":[607,625,644,382,382,382,382,382,431,121,132,146,146,159,159,259,259,279,293,119,34,34,34,45,45,45,45,45,64,25,25,25,123,173,193,193,193,193,49,76,4,4,74,85,85,25,35,50,50,50,50,50,1,34,34],"floor_reached":56,"language":"ENG","playtime":2302,"items_purged":["ReplayTheSpireMod:Splinters","Regret","Sickly"],"score":1189,"play_id":"0d60dc28-bfac-4daa-a2d0-0e034ed2d647","local_time":"20210131224754","is_ascension_mode":false,"campfire_choices":[{"floor":6,"key":"REST"},{"data":"theextravagant:Ravage","floor":8,"key":"SMITH"},{"data":"theextravagant:Vintage","floor":13,"key":"SMITH"},{"data":"theextravagant:SlyStrike","floor":15,"key":"SMITH"},{"data":"theextravagant:SlyStrike","floor":23,"key":"SMITH"},{"data":"theextravagant:SlyStrike","floor":25,"key":"SMITH"},{"data":"theextravagant:SlyStrike","floor":27,"key":"SMITH"},{"floor":32,"key":"REST"},{"data":"theextravagant:SlyStrike","floor":42,"key":"SMITH"},{"data":"theextravagant:SlyStrike","floor":45,"key":"SMITH"},{"data":"theextravagant:SlyStrike","floor":49,"key":"SMITH"},{"data":"theextravagant:SlyStrike","floor":52,"key":"SMITH"}],"circlet_count":0,"master_deck":["theextravagant:SlyStrike+3","theextravagant:SlyStrike","theextravagant:SlyStrike","theextravagant:SlyStrike","theextravagant:Fence","theextravagant:Fence","theextravagant:Fence","theextravagant:Fence","theextravagant:QuickAttack+1","theextravagant:Triumph+1","theextravagant:Ravage+1","theextravagant:TwilightTone+1","theextravagant:Vintage+1","PanicButton+1","Swift Strike+1","Good Instincts+1","theextravagant:Cutthroat+1","theextravagant:Ambush+1","theextravagant:Firework+1","theextravagant:Vintage"],"relics":["theextravagant:TranslucentFeather","theextravagant:CuffLinks","Membership Card","CCEMRelics:FestiveHat","Happy Flower","Replay:Rubber Ducky","Simple Rune","Lantern","Busted Crown","hubris:TenFootPole","Centennial Puzzle","Spirit Poop","reliquary:HotPoker","Tiny House","TungstenRod","White Beast Statue","Guide Book","The Courier","reliquary:SilkGlove"],"acts_visited":["Exordium","TheCity","TheBeyond","TheEnding"],"potions_floor_usage":[2,16,24,24,24,33,33,36,50,50,50,54,55,55],"damage_taken":[{"damage":9,"enemies":"2 Louse","floor":1,"turns":3},{"damage":13,"enemies":"Jaw Worm","floor":2,"turns":3},{"damage":4,"enemies":"Cultist","floor":3,"turns":4},{"damage":0,"enemies":"Lots of Slimes","floor":11,"turns":2},{"damage":3,"enemies":"Red Slaver","floor":12,"turns":4},{"damage":3,"enemies":"Exordium Wildlife","floor":14,"turns":4},{"damage":11,"enemies":"Hexaghost","floor":16,"turns":9},{"damage":20,"enemies":"2 Thieves","floor":18,"turns":4},{"damage":2,"enemies":"Shell Parasite","floor":19,"turns":4},{"damage":0,"enemies":"Centurion and Healer","floor":24,"turns":3},{"damage":0,"enemies":"Snake Plant","floor":29,"turns":3},{"damage":42,"enemies":"Automaton","floor":33,"turns":7},{"damage":0,"enemies":"Orb Walker","floor":35,"turns":2},{"damage":0,"enemies":"3 Darklings","floor":36,"turns":2},{"damage":1,"enemies":"R_Hoarder","floor":40,"turns":9},{"damage":0,"enemies":"Spire Growth","floor":44,"turns":4},{"damage":0,"enemies":"Sphere and 2 Shapes","floor":47,"turns":3},{"damage":0,"enemies":"3 Darklings","floor":48,"turns":4},{"damage":30,"enemies":"Awakened One","floor":50,"turns":8},{"damage":0,"enemies":"Shield and Spear","floor":54,"turns":5},{"damage":53,"enemies":"The Heart","floor":55,"turns":8}],"seed_played":"2560862463547343827","potions_obtained":[{"floor":1,"key":"AttackPotion"},{"floor":12,"key":"Milkshake"},{"floor":18,"key":"EntropicBrew"},{"floor":24,"key":"Ancient Potion"},{"floor":34,"key":"Regen Potion"},{"floor":40,"key":"Weak Potion"},{"floor":44,"key":"StSpp:SecondWindPotion"},{"floor":54,"key":"Energy Potion"}],"is_trial":false,"path_per_floor":["M","M","M","$","?","R","?","R","T","$","M","M","R","M","R","B",null,"M","M","$","?","?","R","M","R","T","R","$","M","$","?","R","B",null,"M","M","?","?","$","E","$","R","T","M","R","$","M","M","R","B",null,"R","$","E","B",null],"character_chosen":"THE_EXTRAVAGANT","items_purchased":["Membership Card","CCEMRelics:FestiveHat","Simple Rune","Lantern","theextravagant:TwilightTone","theextravagant:Vintage","theextravagant:Ambush","hubris:TenFootPole","LiquidMemories","TungstenRod","Guide Book","DuplicationPotion","theextravagant:Vintage","EssenceOfSteel","SpeedPotion"],"campfire_rested":2,"item_purchase_floors":[4,4,10,10,10,10,20,20,30,39,41,46,46,53,53],"current_hp_per_floor":[66,53,49,49,56,80,80,80,80,80,80,77,77,74,74,63,76,54,52,52,52,52,52,52,52,52,52,52,52,52,49,68,24,71,71,71,71,71,71,67,67,67,67,65,65,65,63,61,61,31,59,59,59,57,2],"gold":34,"neow_bonus":"CURSED_BOSS_RELIC","is_daily":false,"chose_seed":false,"campfire_upgraded":10,"win_rate":0.0,"timestamp":1612154874,"path_taken":["M","M","M","$","?","R","?","R","T","$","M","M","R","?","R","BOSS","M","M","?","?","?","R","?","R","T","R","?","M","$","?","R","BOSS","M","M","?","?","$","E","?","R","T","M","R","?","M","M","R","BOSS","R","$","E","BOSS"],"items_purchased_type":["Relic","Relic","Relic","Relic","Card","Card","Card","Relic","Potion","Relic","Relic","Potion","Card","Potion","Potion"],"build_version":"2020-12-22","purchased_purges":3,"victory":true,"max_hp_per_floor":[75,75,75,75,82,82,82,82,82,82,82,80,80,78,78,76,76,74,72,72,72,72,72,70,70,70,70,70,68,68,68,68,66,71,71,71,71,71,71,67,67,67,67,65,65,65,63,61,61,59,59,59,59,57,55],"relic_stats":{"Centennial Puzzle":[12],"Busted Crown":24,"Happy Flower":[28],"counters":[21,95],"obtain_stats":[{"Lantern":10,"Tiny House":34,"reliquary:SilkGlove":54,"Happy Flower":7,"theextravagant:CuffLinks":0,"Guide Book":41,"Spirit Poop":22,"The Courier":43,"theextravagant:TranslucentFeather":0,"White Beast Statue":40,"Replay:Rubber Ducky":9,"Centennial Puzzle":21,"reliquary:HotPoker":26,"Busted Crown":17,"CCEMRelics:FestiveHat":4,"Simple Rune":10,"hubris:TenFootPole":20,"Membership Card":4,"TungstenRod":39},{"Lantern":3,"Tiny House":12,"reliquary:SilkGlove":20,"Happy Flower":3,"theextravagant:CuffLinks":0,"Guide Book":15,"Spirit Poop":9,"The Courier":15,"theextravagant:TranslucentFeather":0,"White Beast Statue":15,"Replay:Rubber Ducky":3,"Centennial Puzzle":9,"reliquary:HotPoker":10,"Busted Crown":7,"CCEMRelics:FestiveHat":3,"Simple Rune":3,"hubris:TenFootPole":9,"Membership Card":3,"TungstenRod":14},{"Lantern":10,"Tiny House":50,"reliquary:SilkGlove":87,"Happy Flower":10,"theextravagant:CuffLinks":0,"Guide Book":63,"Spirit Poop":37,"The Courier":63,"theextravagant:TranslucentFeather":0,"White Beast Statue":63,"Replay:Rubber Ducky":10,"Centennial Puzzle":37,"reliquary:HotPoker":40,"Busted Crown":29,"CCEMRelics:FestiveHat":10,"Simple Rune":10,"hubris:TenFootPole":37,"Membership Card":10,"TungstenRod":54}],"TungstenRod":17},"card_choices":[{"not_picked":["theextravagant:PuffUp","theextravagant:Pushthrough"],"picked":"theextravagant:Ravage","floor":1},{"not_picked":["theextravagant:Masquerade","theextravagant:Comeback","theextravagant:Drift"],"picked":"SKIP","floor":2},{"not_picked":["theextravagant:Riot","theextravagant:SpiritBolt","theextravagant:Shake"],"picked":"SKIP","floor":3},{"not_picked":["Replay:Parry+1","ReplayTheSpireMod:Necrogeddon"],"picked":"PanicButton+1","floor":11},{"not_picked":["theextravagant:ArtisticDisplay","theextravagant:Riot","theextravagant:Shake"],"picked":"SKIP","floor":11},{"not_picked":["ReplayTheSpireMod:Trickstab+1","Replay:Sssssssssstrike+1"],"picked":"Swift Strike+1","floor":12},{"not_picked":["theextravagant:Thrill","theextravagant:FocusStab","theextravagant:ArtisticDisplay"],"picked":"SKIP","floor":12},{"not_picked":["Discovery+1","StSpp:Cataclysm+1"],"picked":"Good Instincts+1","floor":14},{"not_picked":["theextravagant:SpontaneousStrike","theextravagant:GlyphOfChoice","theextravagant:Repell"],"picked":"SKIP","floor":14},{"not_picked":["theextravagant:GlyphOfSight"],"picked":"SKIP","floor":18},{"not_picked":[],"picked":"theextravagant:Cutthroat+1","floor":19},{"not_picked":["theextravagant:PuffUp"],"picked":"SKIP","floor":24},{"not_picked":["theextravagant:StepBack"],"picked":"SKIP","floor":29},{"not_picked":[],"picked":"theextravagant:Firework","floor":34},{"not_picked":["theextravagant:RustyBuckler"],"picked":"SKIP","floor":35},{"not_picked":["theextravagant:SpontaneousStrike+1"],"picked":"SKIP","floor":40},{"not_picked":["theextravagant:SpontaneousStrike+1"],"picked":"SKIP","floor":40},{"not_picked":["theextravagant:SpontaneousStrike+1"],"picked":"SKIP","floor":44},{"not_picked":["theextravagant:Cutthroat+1"],"picked":"SKIP","floor":47},{"not_picked":["theextravagant:GlyphOfChoice"],"picked":"SKIP","floor":48},{"not_picked":["theextravagant:Pushthrough"],"picked":"SKIP","floor":54}],"player_experience":1089065,"relics_obtained":[{"floor":9,"key":"Replay:Rubber Ducky"},{"floor":26,"key":"reliquary:HotPoker"},{"floor":40,"key":"White Beast Statue"},{"floor":43,"key":"The Courier"},{"floor":54,"key":"reliquary:SilkGlove"}],"event_choices":[{"damage_healed":0,"gold_gain":0,"player_choice":"Box","damage_taken":0,"relics_obtained":["Happy Flower"],"max_hp_gain":0,"max_hp_loss":0,"event_name":"Big Fish","floor":7,"gold_loss":0,"cards_obtained":["Regret"]},{"damage_healed":0,"gold_gain":0,"player_choice":"Obtained Relic","damage_taken":0,"relics_obtained":["Centennial Puzzle"],"max_hp_gain":0,"max_hp_loss":0,"event_name":"Addict","floor":21,"gold_loss":85},{"cards_removed":["Clumsy"],"damage_healed":0,"gold_gain":0,"player_choice":"Offered Curse","damage_taken":0,"relics_obtained":["Spirit Poop"],"max_hp_gain":0,"max_hp_loss":0,"event_name":"Bonfire Elementals","floor":22,"gold_loss":0},{"damage_healed":0,"gold_gain":0,"player_choice":"","damage_taken":6,"max_hp_gain":0,"max_hp_loss":0,"event_name":"Knowing Skull","floor":31,"potions_obtained":[],"gold_loss":0,"cards_obtained":[]},{"damage_healed":0,"gold_gain":0,"player_choice":"Leave","damage_taken":0,"max_hp_gain":0,"max_hp_loss":0,"event_name":"conspire:Investor","floor":38,"gold_loss":0}],"is_beta":false,"boss_relics":[{"not_picked":["reliquary:WritOfMandamus","hubris:CrackedHourglass"],"picked":"Busted Crown"},{"not_picked":["conspire:SeveredTorchhead","ReplayTheSpireMod:DimensionalGlitch"],"picked":"Tiny House"}],"items_purged_floors":[4,10,20],"is_endless":false,"potions_floor_spawned":[1,12,18,24,36,40,44,47,48,54],"ascension_level":0}}