{"host":"qgvpd00zvzorrg7j","time":1612145083,"event":{"mods":["BaseMod","Colored Map","Downfall","Minty Spire (QoL Compilation)","Quick Restart","StSLib"],"gold_per_floor":[99,99,157,157,82,82,135,135,149,165,50,78,78,78,91,91,91,91],"floor_reached":16,"language":"ENG","playtime":499,"items_purged":["downfall:Malfunctioning","Slimebound:Strike_Slimebound"],"score":96,"play_id":"257a826b-5943-404e-a2cb-d956879e574d","local_time":"20210131210443","is_ascension_mode":false,"campfire_choices":[{"data":"Slimebound:CorrosiveSpit","floor":1,"key":"SMITH"},{"data":"Slimebound:ComboTackle","floor":6,"key":"SMITH"},{"data":"Slimebound:HauntingLick","floor":8,"key":"SMITH"}],"circlet_count":0,"master_deck":["Slimebound:Strike_Slimebound","Slimebound:Strike_Slimebound","Slimebound:Tackle+1","Slimebound:Defend_Slimebound","Slimebound:Defend_Slimebound+1","Slimebound:Defend_Slimebound","Slimebound:Defend_Slimebound+1","Slimebound:Split","Slimebound:CorrosiveSpit+1","Slimebound:HauntingLick+1","Slimebound:ComboTackle+1","Slimebound:ItLooksTasty","Slimebound:LeechEnergy"],"relics":["Slimebound:AbsorbEndCombat","downfall:HeartsMalice","MealTicket","Bird Faced Urn","downfall:BrokenWingStatue"],"acts_visited":["Exordium"],"potions_floor_usage":[15],"damage_taken":[{"damage":0,"enemies":"Small Slimes","floor":2,"turns":1},{"damage":0,"enemies":"Lagavulin Event","floor":3,"turns":1},{"damage":0,"enemies":"downfall:FleeingMerchant","floor":5,"turns":1},{"damage":0,"enemies":"2 Louse","floor":9,"turns":2},{"damage":9,"enemies":"Cultist","floor":10,"turns":3},{"damage":2,"enemies":"downfall:FleeingMerchant","floor":11,"turns":4},{"damage":15,"enemies":"Gremlin Nob","floor":12,"turns":3},{"damage":0,"enemies":"3 Louse","floor":15,"turns":2},{"damage":74,"enemies":"DF_ARCHETYPE_STREAMLINE","floor":16,"turns":6}],"seed_played":"-3387596243624463771","potions_obtained":[{"floor":3,"key":"GamblersBrew"},{"floor":9,"key":"sneckomod:MuddlingPotion"},{"floor":10,"key":"Explosive Potion"}],"is_trial":false,"path_per_floor":["R","M","?","?","$","R","T","R","M","M","$","E","?","?","M","B"],"character_chosen":"SLIMEBOUND","items_purchased":[],"campfire_rested":0,"item_purchase_floors":[],"current_hp_per_floor":[65,65,65,65,65,65,65,65,65,60,65,54,54,54,58,0,0,0],"gold":91,"neow_bonus":"THREE_ENEMY_KILL","is_daily":false,"chose_seed":false,"campfire_upgraded":3,"win_rate":0.0,"timestamp":1612145083,"path_taken":["R","M","?","?","$","R","T","R","M","M","$","E","?","?","M","BOSS"],"items_purchased_type":[],"build_version":"2020-12-22","purchased_purges":2,"victory":false,"max_hp_per_floor":[65,65,65,65,65,65,65,65,65,65,65,65,65,65,65,65,65,65],"card_choices":[{"not_picked":["Slimebound:SplitLeeching","Slimebound:TongueLash"],"picked":"Slimebound:HauntingLick","floor":2},{"not_picked":["Slimebound:Prepare","Slimebound:SamplingLick"],"picked":"Slimebound:ComboTackle","floor":5},{"not_picked":["Slimebound:SlimeSpikes","Slimebound:PressTheAttack"],"picked":"Slimebound:ItLooksTasty","floor":9},{"not_picked":["Slimebound:SlimeSpikes","Slimebound:Nibble","Slimebound:SplitAcid"],"picked":"SKIP","floor":10},{"not_picked":["Slimebound:SlimeBarrage","Slimebound:LivingWall"],"picked":"Slimebound:LeechEnergy","floor":11},{"not_picked":["Slimebound:Repurpose","Slimebound:SplitBruiser","Slimebound:ItLooksTasty"],"picked":"SKIP","floor":12},{"not_picked":["Slimebound:SplitBruiser","Slimebound:ComboTackle","Slimebound:Prepare"],"picked":"SKIP","floor":15}],"player_experience":587371,"relics_obtained":[{"floor":3,"key":"MealTicket"},{"floor":12,"key":"Bird Faced Urn"}],"event_choices":[],"is_beta":false,"boss_relics":[],"items_purged_floors":[5,11],"is_endless":false,"potions_floor_spawned":[3,9,10,12],"killed_by":"DF_ARCHETYPE_STREAMLINE","ascension_level":0}}