{"host":"o3n4et6u1y1w2h5j","time":1612139162,"event":{"mods":["AchievementEnabler","BaseMod","Minty Spire (QoL Compilation)","StSLib"],"gold_per_floor":[110,120,138,138,62,62,96,110,110,127,127,127,127],"floor_reached":12,"language":"ENG","playtime":663,"items_purged":[],"score":80,"play_id":"77e17afa-a88d-421d-a4a7-0acb8db680ad","local_time":"20210131162602","is_ascension_mode":false,"campfire_choices":[{"data":"Blade Dance","floor":6,"key":"SMITH"}],"circlet_count":0,"master_deck":["Strike_G","Strike_G","Strike_G","Defend_G","Defend_G","Defend_G","Defend_G","Defend_G","Survivor","Neutralize","Burst","Terror","Well Laid Plans","Blade Dance+1","PiercingWail","Cloak And Dagger","Deadly Poison","Backstab","Slice"],"relics":["Ring of the Snake","Orichalcum","Oddly Smooth Stone"],"acts_visited":["Exordium"],"potions_floor_usage":[7],"damage_taken":[{"damage":0,"enemies":"2 Louse","floor":1,"turns":3},{"damage":0,"enemies":"Small Slimes","floor":2,"turns":3},{"damage":6,"enemies":"Cultist","floor":3,"turns":5},{"damage":42,"enemies":"Gremlin Nob","floor":7,"turns":5},{"damage":4,"enemies":"3 Louse","floor":8,"turns":4},{"damage":0,"enemies":"Red Slaver","floor":10,"turns":4},{"damage":17,"enemies":"3 Sentries","floor":12,"turns":4}],"seed_played":"-7454837409506846732","potions_obtained":[{"floor":2,"key":"Swift Potion"}],"is_trial":false,"path_per_floor":["M","M","M","?","$","R","E","M","T","M","?","E"],"character_chosen":"THE_SILENT","items_purchased":["Blade Dance","PiercingWail"],"campfire_rested":0,"item_purchase_floors":[5,5],"current_hp_per_floor":[70,70,64,57,57,57,15,11,11,11,11,0,0],"gold":127,"neow_bonus":"ONE_RANDOM_RARE_CARD","is_daily":false,"chose_seed":false,"campfire_upgraded":1,"win_rate":0.0,"timestamp":1612139162,"path_taken":["M","M","M","?","$","R","E","M","T","M","?","E"],"items_purchased_type":["Card","Card"],"build_version":"2020-12-22","purchased_purges":0,"victory":false,"max_hp_per_floor":[70,70,70,70,70,70,70,70,70,70,70,70,70],"card_choices":[{"not_picked":["Flying Knee","Acrobatics"],"picked":"Terror","floor":1},{"not_picked":["Backflip","Noxious Fumes"],"picked":"Well Laid Plans","floor":2},{"not_picked":["Quick Slash","Deflect","Underhanded Strike"],"picked":"SKIP","floor":3},{"not_picked":["Riddle With Holes","Bane"],"picked":"Cloak And Dagger","floor":7},{"not_picked":["Backflip","Caltrops"],"picked":"Deadly Poison","floor":8},{"not_picked":["Bane","Tactician"],"picked":"Backstab","floor":10}],"player_experience":44081,"relics_obtained":[{"floor":7,"key":"Orichalcum"},{"floor":9,"key":"Oddly Smooth Stone"}],"event_choices":[{"cards_removed":["Strike_G"],"damage_healed":0,"gold_gain":0,"player_choice":"Card Removal","damage_taken":7,"max_hp_gain":0,"max_hp_loss":0,"event_name":"Golden Wing","floor":4,"gold_loss":0},{"damage_healed":0,"gold_gain":0,"cards_transformed":["Strike_G"],"player_choice":"Change","damage_taken":0,"max_hp_gain":0,"max_hp_loss":0,"event_name":"Living Wall","floor":11,"gold_loss":0,"cards_obtained":["Slice"]}],"is_beta":false,"boss_relics":[],"items_purged_floors":[],"is_endless":false,"potions_floor_spawned":[2],"killed_by":"3 Sentries","ascension_level":0}}