{"host":"rm0ctv8qd8mnbkg1","time":1612199131,"event":{"mods":["BaseMod","BetterRewards","Colored Map","DNKmod","Dark Map","Defuse TimeMaze Blight","Friendly Minions","Hubris","Infinite Spire","Lobotomy","LobotomyExtend","Minty Spire (QoL Compilation)","MostiFishMod","Permanent Neow","Quarter Circle Forward PUNCH!","RRrroohrrRGHHhhh!!","Rare Cards Sparkle","Relic Sorter","Reliquary","Replay The Spire","RumiaBox-????????","Shop Mod","Spicy Shops","Spire Arcade","StS++","StSLib","Wandering Minibosses","[IsaacMod]????","??????REMEMod"],"gold_per_floor":[10020,10038,9819,9836,9836,9864,8381,8381,8404,8148,8148,8198,8198,8323,8323,8423,8423,8442,8453,8500,8500,8510,8198,8210,8220,8220,8233,8233,8362,8362,8381,8381,8480,8480,8495,8495,8513,8523,8542,8796,8796,8796,8820,8240,8240,8368,8368,8368,8368,8368],"floor_reached":51,"language":"ENG","playtime":1819,"items_purged":["Injury"],"score":1235,"play_id":"49e70387-055c-4fea-86e2-d18f0e305d3a","local_time":"20210201170531","is_ascension_mode":true,"campfire_choices":[{"data":"StSpp:Fierceness","floor":8,"key":"SMITH"},{"data":"ReplayTheSpireMod:Fabricate Wheel","floor":15,"key":"SMITH"},{"data":"MostiFishMod:ReadyAimFire","floor":28,"key":"SMITH"},{"data":"ReplayTheSpireMod:Calculation Training","floor":30,"key":"SMITH"},{"data":"hubris:PowerSurge","floor":32,"key":"SMITH"},{"data":"hubris:DoWhile","floor":45,"key":"SMITH"},{"data":"Loop","floor":47,"key":"SMITH"},{"data":"hubris:PowerSurge","floor":49,"key":"SMITH"}],"circlet_count":0,"master_deck":["Strike_B+1","Strike_B","Strike_B+1","Defend_B","Defend_B","Defend_B","Defend_B","Zap","Dualcast","MostiFishMod:EE1D+1","MostiFishMod:EE1D","MostiFishMod:EE1D","Hello World","Genetic Algorithm","Conserve Battery","StSpp:Fierceness+1","FIFO Queue","hubris:PowerSurge+1","Redo+1","MostiFishMod:StarOceanB","Electrodynamics","MostiFishMod:ReadyAimFire+1","Heatsinks","Barrage+1","rorgmod:Steady Aim","StSpp:TargetLocked+1","StSpp:CopyPaste","rorgmod:Fusion+1","rorgmod:Chaos","hubris:PowerSurge+1","ReplayTheSpireMod:Calculation Training+1","rorgmod:Centralize+1","StSpp:Saturation","Loop+1","hubris:DoWhile+1","hubris:PowerSurge+1","MostiFishMod:Exploitation","MostiFishMod:Impulse+1","rorgmod:Critical Section+1","StSpp:Igniter","Redo","MostiFishMod:GatherIntelligence+1","hubris:PowerSurge","MostiFishMod:Distribution"],"relics":["Cracked Core","LaetitiaHeart","GuppysHead","hubris:BallOfYels","hubris:BallOfYels","REME_ComplimentaryCards","HushsDoor","DaveBox","EE1DDrone","DoctorsRemote","LetterFromLob","Chaos","rorgmod:The Boot","Whetstone","Geode","Inserter","hubris:TenFootPole","rorgmod:Ceramic Fish","Durian","ReplayTheSpireMod:Spearhead","Happy Flower","Prayer Wheel","MoneyPower","GodSword4","Replay:Antivirus Software","Raider\u0027s Mask","infinitespire:CheckeredPen","StSpp:WoodenPendulum","infinitespire:Burning Sword","Orrery","Replay:Baseball","PillsDrop","StSpp:PetrifiedCaterpillar","Bottled Lightning","REME_IWantAll"],"acts_visited":["Exordium","TheCity","TheBeyond"],"potions_floor_usage":[50,50,51],"damage_taken":[{"damage":0,"enemies":"Cultist","floor":1,"turns":2},{"damage":0,"enemies":"Small Slimes","floor":2,"turns":4},{"damage":0,"enemies":"2 Louse","floor":4,"turns":1},{"damage":0,"enemies":"Lagavulin","floor":6,"turns":7},{"damage":10,"enemies":"Hiden Room Battle","floor":12,"turns":3},{"damage":0,"enemies":"Gremlin Nob","floor":14,"turns":3},{"damage":0,"enemies":"The Guardian","floor":16,"turns":5},{"damage":0,"enemies":"2 Thieves","floor":18,"turns":2},{"damage":0,"enemies":"Spheric Guardian","floor":19,"turns":1},{"damage":0,"enemies":"Snake Plant","floor":22,"turns":1},{"damage":0,"enemies":"Snecko","floor":24,"turns":1},{"damage":0,"enemies":"3 Cultists","floor":25,"turns":1},{"damage":0,"enemies":"Centurion and Healer","floor":27,"turns":2},{"damage":0,"enemies":"Gremlin Leader","floor":29,"turns":2},{"damage":0,"enemies":"Shelled Parasite and Fungi","floor":31,"turns":1},{"damage":0,"enemies":"Automaton","floor":33,"turns":2},{"damage":0,"enemies":"3 Darklings","floor":35,"turns":1},{"damage":0,"enemies":"Orb Walker","floor":37,"turns":2},{"damage":0,"enemies":"Jaw Worm Horde","floor":38,"turns":1},{"damage":6,"enemies":"Sphere and 2 Shapes","floor":39,"turns":2},{"damage":0,"enemies":"Nemesis","floor":40,"turns":1},{"damage":0,"enemies":"R_Hoarder","floor":46,"turns":1},{"damage":2,"enemies":"Replay:Hell Engine","floor":50,"turns":2},{"damage":15,"enemies":"Malkuth","floor":51,"turns":2},{"damage":34,"enemies":"Netzach","floor":51,"turns":3},{"damage":124,"enemies":"Geburah","floor":51,"turns":7},{"damage":50,"enemies":"Binah","floor":51,"turns":4},{"damage":1,"enemies":"Angela","floor":51,"turns":3}],"seed_played":"-152264664070503774","potions_obtained":[{"floor":1,"key":"Strength Potion"},{"floor":4,"key":"DuplicationPotion"},{"floor":6,"key":"EssenceOfDarkness"},{"floor":29,"key":"LifebloodPotion"}],"is_trial":false,"path_per_floor":["M","M","$","M","T","E","$","R","T","$","E","?","?","E","R","B",null,"M","M","T","AVR","M","$","M","M","T","M","R","E","R","M","R","B",null,"M","$","M","M","M","E","?","AVR","T","$","R","E","R","?","R","B",null],"character_chosen":"DEFECT","items_purchased":["Chaos","Genetic Algorithm","Geode","Inserter","FIFO Queue","hubris:TenFootPole","rorgmod:Ceramic Fish","hubris:PowerSurge","ReplayTheSpireMod:Spearhead","Redo+1","MostiFishMod:ReadyAimFire","Raider\u0027s Mask","StSpp:CopyPaste","Loop","GuppysHead","hubris:DoWhile","hubris:PowerSurge","StSpp:PetrifiedCaterpillar","Bottled Lightning"],"campfire_rested":0,"item_purchase_floors":[3,3,7,7,7,7,7,10,10,10,17,23,23,34,34,34,44,44,44],"current_hp_per_floor":[1000,1000,1000,1000,1000,1000,1000,1000,1005,1005,1005,995,995,995,995,995,1000,1000,1000,1000,1000,1000,1000,1000,1000,1000,1000,1000,1000,1000,1000,1000,1000,984,984,984,984,984,978,978,978,978,978,978,978,978,978,959,959,957],"gold":8368,"neow_bonus":"","is_daily":false,"chose_seed":false,"campfire_upgraded":8,"win_rate":0.0,"timestamp":1612199131,"path_taken":["M","M","$","M","?","E","$","R","T","$","E","?","?","E","R","BOSS","M","?","?","AVR","M","$","M","M","T","M","R","E","R","M","R","BOSS","M","$","M","M","M","E","?","AVR","T","$","R","E","R","?","R","BOSS"],"items_purchased_type":["Card","Card","Relic","Relic","Card","Relic","Relic","Card","Relic","Card","Card","Relic","Card","Card","Relic","Card","Card","Relic","Relic"],"build_version":"2020-12-22","purchased_purges":1,"victory":true,"max_hp_per_floor":[1000,1000,1000,1000,1000,1000,1000,1000,1005,1005,1005,1005,1005,1005,1005,1005,1001,1001,1001,1001,1001,1001,1001,1001,1001,1001,1001,1001,1001,1001,1001,1001,1001,984,984,984,984,984,984,984,984,984,984,984,984,984,984,984,984,984],"card_choices":[{"not_picked":[],"picked":"Bomb","floor":0},{"not_picked":["rorgmod:SQL Injection","rorgmod:LRU Cache"],"picked":"Hello World","floor":1},{"not_picked":["rorgmod:Leap","Turbo","Panic Button"],"picked":"SKIP","floor":2},{"not_picked":["rorgmod:Leap","Turbo"],"picked":"Conserve Battery","floor":4},{"not_picked":["Skim","Rainbow"],"picked":"StSpp:Fierceness","floor":6},{"not_picked":["Conserve Battery","Cold Snap","Rebound"],"picked":"SKIP","floor":14},{"not_picked":["MostiFishMod:Distribution","MostiFishMod:Hijack"],"picked":"Electrodynamics","floor":16},{"not_picked":["White Noise","Sweeping Beam+1"],"picked":"Heatsinks","floor":18},{"not_picked":["rorgmod:Zing-Zap","Force Field+1","Panic Button+1"],"picked":"SKIP","floor":18},{"not_picked":["Double Energy+1","REME_Compress+1"],"picked":"Barrage+1","floor":19},{"not_picked":["Barrage+1","Compile Driver"],"picked":"rorgmod:Steady Aim","floor":19},{"not_picked":["Barrage","Hologram"],"picked":"StSpp:TargetLocked+1","floor":22},{"not_picked":["BasicCrystalCard","MostiFishMod:ReprogramOld+1","hubris:Ukulele"],"picked":"SKIP","floor":22},{"not_picked":["rorgmod:Refrigerate","Crystallizer+1"],"picked":"rorgmod:Fusion+1","floor":24},{"not_picked":["rorgmod:Fragmentation","All For One"],"picked":"rorgmod:Chaos","floor":24},{"not_picked":["Rebound","Reinforced Body","MostiFishMod:IceShield"],"picked":"SKIP","floor":25},{"not_picked":["rorgmod:Antivirus","ReplayTheSpireMod:Reroute Power+1","Glacier"],"picked":"SKIP","floor":25},{"not_picked":["rorgmod:Antivirus","FTL"],"picked":"hubris:PowerSurge+1","floor":27},{"not_picked":["rorgmod:Antivirus+1","Coolheaded+1","rorgmod:Steady Aim"],"picked":"SKIP","floor":27},{"not_picked":["ReplaySort","Pulse+1"],"picked":"ReplayTheSpireMod:Calculation Training","floor":29},{"not_picked":["rorgmod:Overcurrent","rorgmod:Ventilation Error+1","Turbo","Seek"],"picked":"rorgmod:Centralize+1","floor":31},{"not_picked":["rorgmod:SQL Injection","Barrage","Rebound","MostiFishMod:Culaccino","MostiFishMod:PushDownKick"],"picked":"SKIP","floor":31},{"not_picked":["MostiFishMod:TalkingToTheRain","ReplayTheSpireMod:Omega Cannon","MostiFishMod:InterfaceCompatibility","Amplify"],"picked":"StSpp:Saturation","floor":33},{"not_picked":["Streamline+1","Coolheaded","Barrage","REME_Compress","Turbo+1"],"picked":"SKIP","floor":35},{"not_picked":["Sweeping Beam","MostiFishMod:LinkProtocol","Streamline+1","rorgmod:Refrigerate","hubris:Ukulele"],"picked":"SKIP","floor":35},{"not_picked":["rorgmod:Antivirus","StSpp:Fierceness+1","rorgmod:Overcurrent+1","rorgmod:LRU Cache+1"],"picked":"hubris:PowerSurge","floor":37},{"not_picked":["rorgmod:Refrigerate+1","Recycle+1","Turbo+1","Barrage"],"picked":"MostiFishMod:Exploitation","floor":37},{"not_picked":["REME_DataAnalysis","Turbo","Hologram","Panic Button"],"picked":"MostiFishMod:Impulse+1","floor":38},{"not_picked":["rorgmod:Steady Aim+1","Barrage","Compile Driver+1","rorgmod:Antivirus+1","rorgmod:Leap"],"picked":"SKIP","floor":38},{"not_picked":["rorgmod:Fragmentation+1","Hologram+1","rorgmod:Refrigerate+1","Steam Power+1"],"picked":"rorgmod:Critical Section+1","floor":39},{"not_picked":["REME_DataAnalysis+1","Ball Lightning+1","Cold Snap+1","Redo+1","rorgmod:Overcurrent"],"picked":"SKIP","floor":39},{"not_picked":["Chill+1","Ball Lightning","rorgmod:Storm+1","Sweeping Beam"],"picked":"StSpp:Igniter","floor":40},{"not_picked":["Hologram+1","hubris:Prefetch","rorgmod:Hot Sockets","rorgmod:Leap+1"],"picked":"Redo","floor":40},{"not_picked":["Blizzard+1","BootSequence+1","Redo","Sweeping Beam"],"picked":"MostiFishMod:GatherIntelligence+1","floor":40},{"not_picked":["Cancel+1","hubris:Prefetch","Rebound+1","BasicCrystalCard+1","ReplaySort"],"picked":"SKIP","floor":40},{"not_picked":["Redo","rorgmod:Antivirus+1","rorgmod:Leap","rorgmod:Critical Section+1"],"picked":"MostiFishMod:Distribution","floor":46}],"player_experience":178631,"relics_obtained":[{"floor":1,"key":"LetterFromLob"},{"floor":5,"key":"rorgmod:The Boot"},{"floor":6,"key":"Whetstone"},{"floor":9,"key":"Durian"},{"floor":12,"key":"hubris:BallOfYels"},{"floor":12,"key":"Happy Flower"},{"floor":20,"key":"GodSword4"},{"floor":26,"key":"infinitespire:CheckeredPen"},{"floor":29,"key":"StSpp:WoodenPendulum"},{"floor":40,"key":"Orrery"},{"floor":43,"key":"PillsDrop"},{"floor":46,"key":"REME_IWantAll"}],"event_choices":[{"damage_healed":0,"gold_gain":0,"player_choice":"Fight","damage_taken":0,"max_hp_gain":0,"max_hp_loss":0,"event_name":"HidenRoomEvent","floor":12,"gold_loss":0},{"damage_healed":0,"gold_gain":0,"player_choice":"Forge","damage_taken":0,"max_hp_gain":0,"max_hp_loss":0,"event_name":"Accursed Blacksmith","floor":13,"gold_loss":0,"cards_upgraded":["MostiFishMod:EE1D"]},{"cards_removed":["Strike_B"],"damage_healed":0,"gold_gain":0,"player_choice":"Removed Attack","damage_taken":0,"max_hp_gain":0,"max_hp_loss":0,"event_name":"Falling","floor":41,"gold_loss":0}],"is_beta":false,"boss_relics":[{"not_picked":["Pondfish Scales","GodSword1"],"picked":"MoneyPower"},{"not_picked":[]},{"not_picked":["DaCapo","qcfpunch:Black_Training_Shirt"],"picked":"infinitespire:Burning Sword"},{"not_picked":[]}],"items_purged_floors":[7],"is_endless":false,"potions_floor_spawned":[1,4,6,22,29,33,35,37,40],"ascension_level":5}}