{"host":"cmxkjr0hek4mqvmn","time":1612196756,"event":{"mods":["BaseMod","Beaked The Cultist","Better Match","Better Skull","Better Third Choice","BetterRewards","Clawfect","Colored Map","Displayed Cursed Tome","GifTheSpireLib","Hermit","Hubris","JesterMod","Mimic Mod","Minty Spire (QoL Compilation)","Quick Restart","Robot Space Explorer","StSLib","The Bladedancer","The Blue Laboratory","The Cursed","Thieving Mod","Waifu the Spire"],"gold_per_floor":[127,155,185,213,236,248,276,316,364,389,401,433,480,492,504,621,633,664,676,688,210,17,17,30,6,30,46,125,125,125],"floor_reached":29,"language":"ENG","playtime":2619,"items_purged":[],"score":274,"play_id":"525db924-e510-4ca7-8085-a976ce5cc809","local_time":"20210201112556","is_ascension_mode":true,"campfire_choices":[{"floor":6.0,"key":"RECALL"},{"floor":15.0,"key":"REST"},{"data":"Panache","floor":23.0,"key":"SMITH"}],"circlet_count":0,"master_deck":["Gash","Gash","Gash","Gash","Gash","Defend_B","Defend_B","Defend_B","Defend_B","Defend_B","Clawfect:ClawpileDriver","Clawfect:ClawLightning","Clawfect:ClawSnap","Undo","White Noise","Clawfect:Clawter","Leap","Chaos","Clawfect:ClawCell","Static Discharge","CurseOfTheBell","Clawfect:Clawrage","RitualDagger","Panache+1","Clawfect:Clawrage","Conserve Battery","hubris:PowerSurge"],"relics":["Clawfect:DRClaw","MawBank","PreservedInsect","Bronze Scales","CultistMask","Calling Bell","Boot","hubris:CrystalStatue","WingedGreaves","Sling","hubris:Metronome","Smiling Mask","Singing Bowl"],"acts_visited":["Exordium","TheCity"],"potions_floor_usage":[],"damage_taken":[{"damage":0.0,"enemies":"Cultist","floor":1.0,"turns":4.0},{"damage":9.0,"enemies":"2 Louse","floor":2.0,"turns":4.0},{"damage":1.0,"enemies":"Jaw Worm","floor":3.0,"turns":4.0},{"damage":8.0,"enemies":"Looter","floor":4.0,"turns":3.0},{"damage":20.0,"enemies":"Exordium Thugs","floor":5.0,"turns":4.0},{"damage":5.0,"enemies":"Blue Slaver","floor":7.0,"turns":3.0},{"damage":9.0,"enemies":"Lagavulin","floor":8.0,"turns":5.0},{"damage":0.0,"enemies":"2 Fungi Beasts","floor":9.0,"turns":6.0},{"damage":11.0,"enemies":"2 Fungi Beasts","floor":10.0,"turns":4.0},{"damage":13.0,"enemies":"Exordium Thugs","floor":12.0,"turns":6.0},{"damage":5.0,"enemies":"3 Sentries","floor":13.0,"turns":5.0},{"damage":33.0,"enemies":"Slime Boss","floor":16.0,"turns":7.0},{"damage":14.0,"enemies":"3 Byrds","floor":18.0,"turns":2.0},{"damage":16.0,"enemies":"Shell Parasite","floor":24.0,"turns":3.0},{"damage":26,"enemies":"Snake Plant","floor":27,"turns":5},{"damage":10,"enemies":"Sentry and Sphere","floor":29,"turns":3}],"seed_played":"4388320156962976648","potions_obtained":[{"floor":5.0,"key":"BlessingOfTheForge"},{"floor":8.0,"key":"blueLaboratory:HorrorPotion"},{"floor":10.0,"key":"blueLaboratory:FruitPreserves"},{"floor":13.0,"key":"blueLaboratory:SystemWipe"},{"floor":16.0,"key":"GamblersBrew"},{"floor":18.0,"key":"blueLaboratory:FruitPunch"}],"is_trial":false,"path_per_floor":["M","M","M","M","M","R","M","E","MIM","M","?","M","E","?","R","B",null,"M","?","?","$","$","R","M","$","T","M","T","M"],"character_chosen":"DEFECT","items_purchased":["Fruit Juice","Sling","hubris:Metronome","Panache","Conserve Battery"],"campfire_rested":1,"item_purchase_floors":[21,21,21,22,25],"current_hp_per_floor":[75,66,65,57,37,37,32,23,23,12,37,24,37,37,59,26,75,61,61,55,60,60,60,46,46,46,20,20,10,10],"gold":125,"neow_bonus":"RANDOM_COMMON_RELIC","is_daily":false,"chose_seed":false,"campfire_upgraded":1,"win_rate":0.0,"timestamp":1612196756,"path_taken":["M","?","M","M","M","R","M","E","MIM","M","?","M","E","?","R","BOSS","M","?","?","$","$","R","M","$","T","M","?","M"],"items_purchased_type":["Potion","Relic","Relic","Card","Card"],"build_version":"2020-12-22","purchased_purges":0,"victory":false,"max_hp_per_floor":[75,75,75,75,75,75,75,75,75,75,75,75,75,75,75,75,75,75,75,75,80,80,80,82,82,82,82,82,82,82],"card_choices":[{"not_picked":["Rebound","Undo"],"picked":"Clawfect:ClawpileDriver","floor":1.0},{"not_picked":["Fusion","Consume"],"picked":"Clawfect:ClawLightning","floor":2.0},{"not_picked":["Coolheaded","Conserve Battery"],"picked":"Clawfect:ClawSnap","floor":3.0},{"not_picked":["Reinforced Body","Recycle","Force Field"],"picked":"SKIP","floor":4.0},{"not_picked":["Clawfect:ScrapingClaw","Reinforced Body"],"picked":"Undo","floor":5.0},{"not_picked":["Clawfect:ClawpileDriver","Clawfect:ClawAndGloom"],"picked":"White Noise","floor":7.0},{"not_picked":["Turbo","Reinforced Body"],"picked":"Clawfect:Clawter","floor":8.0},{"not_picked":["Steam","Clawfect:ClawingBeam"],"picked":"Leap","floor":9.0},{"not_picked":["Double Energy","Clawfect:ClawpileDriver"],"picked":"Chaos","floor":10.0},{"not_picked":["Hologram","Clawfect:Clawline"],"picked":"Clawfect:ClawCell","floor":12.0},{"not_picked":["Redo","Clawfect:ClawpileDriver"],"picked":"Static Discharge","floor":13.0},{"not_picked":["Conserve Battery","Loop"],"picked":"Clawfect:Clawrage","floor":18.0},{"not_picked":["Force Field+1","Leap"],"picked":"Clawfect:Clawrage","floor":24.0},{"not_picked":["Steam","Redo"],"picked":"hubris:PowerSurge","floor":27}],"player_experience":662436,"relics_obtained":[{"floor":8.0,"key":"PreservedInsect"},{"floor":13.0,"key":"Bronze Scales"},{"floor":17.0,"key":"Boot"},{"floor":17.0,"key":"hubris:CrystalStatue"},{"floor":17.0,"key":"WingedGreaves"},{"floor":26.0,"key":"Smiling Mask"},{"floor":28,"key":"Singing Bowl"}],"event_choices":[{"damage_healed":25.0,"max_hp_gain":0.0,"max_hp_loss":0.0,"gold_gain":0.0,"event_name":"Big Fish","player_choice":"Banana","floor":11.0,"gold_loss":0.0,"damage_taken":0.0},{"damage_healed":0.0,"max_hp_gain":0.0,"max_hp_loss":0.0,"gold_gain":0.0,"event_name":"FaceTrader","player_choice":"Trade","floor":14.0,"gold_loss":0.0,"damage_taken":0.0,"relics_obtained":["CultistMask"]},{"damage_healed":0.0,"max_hp_gain":0.0,"max_hp_loss":0.0,"gold_gain":0.0,"event_name":"Cursed Tome","player_choice":"Ignored","floor":19.0,"gold_loss":0.0,"damage_taken":0.0},{"damage_healed":0.0,"max_hp_gain":0.0,"max_hp_loss":0.0,"gold_gain":0.0,"event_name":"betterThird:BetterNest","player_choice":"Dagger","floor":20.0,"gold_loss":0.0,"damage_taken":6.0,"cards_obtained":["RitualDagger"]}],"is_beta":false,"boss_relics":[{"not_picked":["Runic Pyramid","Pandora\u0027s Box"],"picked":"Calling Bell"}],"items_purged_floors":[],"is_endless":false,"potions_floor_spawned":[5,8,10,13,16,18],"killed_by":"Sentry and Sphere","ascension_level":1}}