{"host":"lly094a91h6n5nv5","time":1612148141,"event":{"mods":["AchievementEnabler","BaseMod","Block Reminder","Colored Map","Minty Spire (QoL Compilation)"],"gold_per_floor":[214,227,227,302,302,322,63,98,98,128,138,88,88,111,111,210,210,226,226,326,12,26,26,26,101,101,101,128,1,1,38,38,38,38],"floor_reached":33,"language":"ENG","playtime":1805,"items_purged":["Strike_G","Strike_G"],"score":344,"play_id":"7d23a861-1f2d-4812-a2b5-3a086c2f594a","local_time":"20210131205541","is_ascension_mode":true,"campfire_choices":[{"floor":13,"key":"REST"},{"data":"Skewer","floor":15,"key":"SMITH"},{"data":"Apotheosis","floor":23,"key":"SMITH"},{"data":"Sucker Punch","floor":27,"key":"SMITH"},{"data":"Blade Dance","floor":32,"key":"SMITH"}],"circlet_count":0,"master_deck":["Strike_G","Defend_G","Defend_G","Defend_G","Defend_G","Defend_G","Survivor","Neutralize+1","Sucker Punch+1","Dagger Throw","Skewer+1","Flying Knee","A Thousand Cuts+1","Cloak And Dagger+1","Infinite Blades+1","Blade Dance+1","Apotheosis+1","Terror+1","Dodge and Roll+1","Infinite Blades+1","Backflip+1","Crippling Poison+1"],"relics":["Ring of the Snake","Frozen Egg 2","Sling","Nunchaku","Omamori","Letter Opener","Juzu Bracelet","Coffee Dripper","Membership Card","Toxic Egg 2","Lantern","CeramicFish"],"acts_visited":["Exordium","TheCity"],"potions_floor_usage":[10,16,33,33],"damage_taken":[{"damage":2,"enemies":"2 Louse","floor":1,"turns":4},{"damage":0,"enemies":"Small Slimes","floor":2,"turns":4},{"damage":4,"enemies":"Jaw Worm","floor":6,"turns":5},{"damage":19,"enemies":"3 Sentries","floor":8,"turns":7},{"damage":15,"enemies":"Gremlin Nob","floor":10,"turns":4},{"damage":0,"enemies":"Blue Slaver","floor":11,"turns":5},{"damage":19,"enemies":"Slime Boss","floor":16,"turns":10},{"damage":7,"enemies":"Chosen","floor":18,"turns":6},{"damage":1,"enemies":"Shell Parasite","floor":22,"turns":4},{"damage":31,"enemies":"Slavers","floor":28,"turns":4},{"damage":10,"enemies":"Book of Stabbing","floor":31,"turns":4},{"damage":25,"enemies":"Champ","floor":33,"turns":6}],"seed_played":"5404521248831424237","potions_obtained":[{"floor":2,"key":"Weak Potion"},{"floor":6,"key":"CunningPotion"},{"floor":10,"key":"LiquidBronze"},{"floor":18,"key":"GamblersBrew"},{"floor":28,"key":"Energy Potion"}],"is_trial":false,"path_per_floor":["M","M","?","?","?","M","$","E","T","E","M","?","R","T","R","B",null,"M","?","?","$","M","R","T","?","T","R","E","$","?","E","R","B"],"character_chosen":"THE_SILENT","items_purchased":["Sling","Skewer","Membership Card","Infinite Blades+1","Blade Dance","Apotheosis","Dodge and Roll+1","Infinite Blades+1","Backflip+1"],"campfire_rested":1,"item_purchase_floors":[7,7,21,21,21,21,29,29,29],"current_hp_per_floor":[68,68,68,57,39,35,35,16,16,1,1,1,22,22,22,3,70,63,63,63,63,62,62,62,55,55,55,24,24,24,14,14,0,0],"gold":38,"neow_bonus":"HUNDRED_GOLD","is_daily":false,"chose_seed":false,"campfire_upgraded":4,"win_rate":0.0,"timestamp":1612148141,"path_taken":["M","M","?","?","?","?","$","E","T","E","M","?","R","?","R","BOSS","M","?","?","$","M","R","?","?","T","R","E","$","?","E","R","BOSS"],"items_purchased_type":["Relic","Card","Relic","Card","Card","Card","Card","Card","Card"],"build_version":"2020-12-22","purchased_purges":2,"victory":false,"max_hp_per_floor":[70,70,70,70,70,70,70,70,70,70,70,70,70,70,70,70,70,70,70,70,70,70,70,70,70,70,70,70,70,70,70,70,70,70],"card_choices":[{"not_picked":["Bane","Riddle With Holes"],"picked":"Sucker Punch","floor":1},{"not_picked":["Setup","Prepared","Underhanded Strike"],"picked":"SKIP","floor":2},{"not_picked":["Eviscerate","Masterful Stab"],"picked":"Dagger Throw","floor":6},{"not_picked":["Choke","Bane","Prepared"],"picked":"SKIP","floor":8},{"not_picked":["Acrobatics","Deflect"],"picked":"Flying Knee","floor":10},{"not_picked":["Choke","Finisher","Dagger Throw"],"picked":"SKIP","floor":11},{"not_picked":["Night Terror","Doppelganger"],"picked":"A Thousand Cuts+1","floor":16},{"not_picked":["Escape Plan","Leg Sweep+1"],"picked":"Cloak And Dagger+1","floor":18},{"not_picked":["Skewer","Deadly Poison","Sucker Punch"],"picked":"SKIP","floor":22},{"not_picked":["Flying Knee","Accuracy+1"],"picked":"Terror+1","floor":28},{"not_picked":["Deadly Poison+1","Quick Slash"],"picked":"Crippling Poison+1","floor":31}],"player_experience":103904,"relics_obtained":[{"floor":8,"key":"Nunchaku"},{"floor":9,"key":"Omamori"},{"floor":10,"key":"Letter Opener"},{"floor":14,"key":"Juzu Bracelet"},{"floor":24,"key":"Toxic Egg 2"},{"floor":28,"key":"Lantern"},{"floor":31,"key":"CeramicFish"}],"event_choices":[{"damage_healed":0,"gold_gain":0,"player_choice":"Grow","damage_taken":0,"max_hp_gain":0,"max_hp_loss":0,"event_name":"Living Wall","floor":3,"gold_loss":0,"cards_upgraded":["Neutralize"]},{"damage_healed":0,"gold_gain":75,"player_choice":"Gather Gold","damage_taken":11,"max_hp_gain":0,"max_hp_loss":0,"event_name":"World of Goop","floor":4,"gold_loss":0},{"damage_healed":0,"gold_gain":0,"player_choice":"Success","damage_taken":18,"relics_obtained":["Frozen Egg 2"],"max_hp_gain":0,"max_hp_loss":0,"event_name":"Scrap Ooze","floor":5,"gold_loss":0},{"cards_removed":["Strike_G"],"damage_healed":0,"gold_gain":0,"player_choice":"Card Removal","damage_taken":0,"max_hp_gain":0,"max_hp_loss":0,"event_name":"The Cleric","floor":12,"gold_loss":50},{"cards_removed":["Strike_G"],"damage_healed":0,"gold_gain":0,"player_choice":"Offered Basic","damage_taken":0,"max_hp_gain":0,"max_hp_loss":0,"event_name":"Bonfire Elementals","floor":19,"gold_loss":0},{"damage_healed":0,"gold_gain":100,"player_choice":"Pray","damage_taken":0,"max_hp_gain":0,"max_hp_loss":0,"event_name":"Golden Shrine","floor":20,"gold_loss":0},{"damage_healed":0,"gold_gain":75,"player_choice":"Touch","damage_taken":7,"max_hp_gain":0,"max_hp_loss":0,"event_name":"FaceTrader","floor":25,"gold_loss":0}],"is_beta":false,"boss_relics":[{"not_picked":["SacredBark","Ring of the Serpent"],"picked":"Coffee Dripper"}],"items_purged_floors":[7,29],"is_endless":false,"potions_floor_spawned":[2,6,10,18,28],"killed_by":"Champ","ascension_level":4}}