{"host":"4qkvkh7pd9qr2mca","time":1612216677,"event":{"mods":["AchievementEnabler","Act Like it!","BaseMod","Colored Map","Colored Powertips","Highlight Path","Minty Spire (QoL Compilation)","Pale of the Ancients","Permanent Neow","Quick Restart","Relic Stats","StSLib","SuperFastMode"],"gold_per_floor":[13,28,28,44,61,96,126,153,176,176,14,29,29,40,40,40,40],"floor_reached":16,"language":"ENG","playtime":637,"items_purged":[],"score":224,"play_id":"69ed3e7f-6604-4143-b85c-a704f5becb99","local_time":"20210201225757","is_ascension_mode":true,"campfire_choices":[{"floor":10,"key":"REST"},{"floor":13,"key":"REST"},{"data":"Eviscerate","floor":15,"key":"SMITH"}],"circlet_count":0,"master_deck":["AscendersBane","Strike_G","Strike_G","Strike_G","Defend_G","Defend_G","Defend_G","Defend_G","Survivor","Neutralize","Eviscerate+1","Die Die Die","Backflip","Flying Knee","Crippling Poison","Adrenaline","Leg Sweep","PiercingWail"],"relics":["Ring of the Snake","Happy Flower","Ancient Tea Set","Art of War","Lantern"],"acts_visited":["Exordium"],"potions_floor_usage":[6,16,16],"damage_taken":[{"damage":1.0,"enemies":"Cultist","floor":1.0,"turns":3.0},{"damage":0.0,"enemies":"Small Slimes","floor":2.0,"turns":2.0},{"damage":0.0,"enemies":"2 Louse","floor":4.0,"turns":2.0},{"damage":8.0,"enemies":"Exordium Thugs","floor":5.0,"turns":3.0},{"damage":34,"enemies":"Gremlin Nob","floor":6,"turns":5},{"damage":11,"enemies":"3 Sentries","floor":8,"turns":7},{"damage":0,"enemies":"Gremlin Gang","floor":12,"turns":2},{"damage":0,"enemies":"Looter","floor":14,"turns":3},{"damage":53,"enemies":"Hexaghost","floor":16,"turns":11}],"seed_played":"5419267686556813627","potions_obtained":[{"floor":4.0,"key":"CunningPotion"},{"floor":5.0,"key":"GhostInAJar"},{"floor":6,"key":"Poison Potion"},{"floor":14,"key":"Fruit Juice"}],"is_trial":false,"path_per_floor":["M","M","?","M","M","E","?","E","T","R","$","M","R","M","R","B"],"character_chosen":"THE_SILENT","items_purchased":["Lantern"],"campfire_rested":2,"item_purchase_floors":[11],"current_hp_per_floor":[58,58,58,58,50,16,16,5,5,24,24,24,43,43,43,0,0],"gold":40,"neow_bonus":"TRANSFORM_TWO_CARDS","is_daily":false,"chose_seed":false,"campfire_upgraded":1,"win_rate":0.0,"timestamp":1612216677,"path_taken":["M","?","?","M","?","E","?","E","T","R","?","M","R","M","R","BOSS"],"items_purchased_type":["Relic"],"build_version":"2020-12-22","purchased_purges":0,"victory":false,"max_hp_per_floor":[66,66,66,66,66,66,66,66,66,66,66,66,66,66,66,71,71],"relic_stats":{"Happy Flower":[7],"counters":[9,38],"Art of War":[1],"obtain_stats":[{"Lantern":11,"Happy Flower":6,"Art of War":9,"Ancient Tea Set":8,"Ring of the Snake":0},{"Lantern":6,"Happy Flower":5,"Art of War":6,"Ancient Tea Set":6,"Ring of the Snake":0},{"Lantern":22,"Happy Flower":15,"Art of War":22,"Ancient Tea Set":22,"Ring of the Snake":0}],"Ring of the Snake":[18]},"card_choices":[{"not_picked":["Sucker Punch","Catalyst"],"picked":"Backflip","floor":1.0},{"not_picked":["Prepared","Infinite Blades"],"picked":"Flying Knee","floor":2.0},{"not_picked":["Infinite Blades","Underhanded Strike"],"picked":"Crippling Poison","floor":4.0},{"not_picked":["Quick Slash","Masterful Stab","Distraction"],"picked":"SKIP","floor":5.0},{"not_picked":["Poisoned Stab","Underhanded Strike"],"picked":"Adrenaline","floor":6},{"not_picked":["Outmaneuver","Dagger Throw"],"picked":"Leg Sweep","floor":8},{"not_picked":["Cloak And Dagger","Finisher","Slice"],"picked":"SKIP","floor":12},{"not_picked":["Escape Plan","Quick Slash"],"picked":"PiercingWail","floor":14}],"player_experience":607594,"relics_obtained":[{"floor":6,"key":"Happy Flower"},{"floor":8,"key":"Ancient Tea Set"},{"floor":9,"key":"Art of War"}],"event_choices":[{"cards_removed":["Strike_G"],"damage_healed":0.0,"max_hp_gain":0.0,"max_hp_loss":0.0,"gold_gain":0.0,"event_name":"Bonfire Elementals","player_choice":"Offered Basic","floor":3.0,"gold_loss":0.0,"damage_taken":0.0},{"damage_healed":0,"gold_gain":30,"player_choice":"Searched \u00271\u0027 times","damage_taken":0,"max_hp_gain":0,"max_hp_loss":0,"event_name":"Dead Adventurer","floor":7,"gold_loss":0}],"is_beta":false,"boss_relics":[],"items_purged_floors":[],"is_endless":false,"potions_floor_spawned":[4,5,6,14],"killed_by":"Hexaghost","ascension_level":20}}