{"host":"e52c7hvho6xny3hd","time":1612186354,"event":{"mods":["AchievementEnabler","BaseMod","Colored Map","DeckTracker","Minty Spire (QoL Compilation)","Permanent Neow","StSLib"],"gold_per_floor":[20,32,32,32,50,50,69,39,113,113,127,127,140,152,152,253,253,266,266,266,276,201,201,221,221,247,258,83,83,83,83,83,187,187,206,206,220,9,29,29,41,41,67,67,84,84,101,118,118,118],"floor_reached":51,"language":"KOR","playtime":2485,"items_purged":["Strike_G","Strike_G"],"score":1085,"play_id":"1ce26c49-5216-46d2-83cb-220fcefac854","local_time":"20210201223234","is_ascension_mode":true,"campfire_choices":[{"data":"Noxious Fumes","floor":6.0,"key":"SMITH"},{"data":"Sadistic Nature","floor":10.0,"key":"SMITH"},{"data":"Blur","floor":12.0,"key":"SMITH"},{"floor":15.0,"key":"REST"},{"data":"Neutralize","floor":23.0,"key":"SMITH"},{"floor":29.0,"key":"REST"},{"data":"Noxious Fumes","floor":32.0,"key":"SMITH"},{"floor":40.0,"key":"REST"},{"data":"Apotheosis","floor":44.0,"key":"SMITH"},{"floor":46,"key":"REST"},{"floor":49,"key":"REST"}],"circlet_count":0,"master_deck":["AscendersBane","Defend_G","Defend_G","Defend_G","Defend_G","Defend_G","Survivor","Neutralize+1","Sadistic Nature+1","Blur+1","Leg Sweep","Acrobatics","Noxious Fumes+1","Sucker Punch","Backflip","Adrenaline","After Image+1","Dodge and Roll","Poisoned Stab","Noxious Fumes+1","Corpse Explosion","Blur","Apotheosis+1","Blur","Backflip+1","Caltrops","Burst","Backflip"],"relics":["Ring of the Snake","Kunai","Lantern","Velvet Choker","MealTicket"],"acts_visited":["Exordium","TheCity","TheBeyond"],"potions_floor_usage":[47,50],"damage_taken":[{"damage":12.0,"enemies":"Jaw Worm","floor":1.0,"turns":5.0},{"damage":0.0,"enemies":"2 Louse","floor":2.0,"turns":4.0},{"damage":2.0,"enemies":"Small Slimes","floor":5.0,"turns":5.0},{"damage":5.0,"enemies":"Red Slaver","floor":7.0,"turns":4.0},{"damage":0.0,"enemies":"Looter","floor":8.0,"turns":4.0},{"damage":0.0,"enemies":"3 Louse","floor":11.0,"turns":3.0},{"damage":4.0,"enemies":"Blue Slaver","floor":13.0,"turns":5.0},{"damage":1.0,"enemies":"Looter","floor":14.0,"turns":4.0},{"damage":17.0,"enemies":"The Guardian","floor":16.0,"turns":12.0},{"damage":1.0,"enemies":"Shell Parasite","floor":18.0,"turns":7.0},{"damage":0.0,"enemies":"2 Thieves","floor":20.0,"turns":1.0},{"damage":14.0,"enemies":"Sentry and Sphere","floor":21.0,"turns":8.0},{"damage":6.0,"enemies":"Chosen and Byrds","floor":24.0,"turns":6.0},{"damage":0.0,"enemies":"Cultist and Chosen","floor":27.0,"turns":5.0},{"damage":33.0,"enemies":"Collector","floor":33.0,"turns":10.0},{"damage":0.0,"enemies":"Orb Walker","floor":35.0,"turns":5.0},{"damage":14.0,"enemies":"3 Darklings","floor":37.0,"turns":4.0},{"damage":16.0,"enemies":"4 Shapes","floor":39.0,"turns":6.0},{"damage":13.0,"enemies":"Maw","floor":41.0,"turns":8.0},{"damage":0,"enemies":"Sphere and 2 Shapes","floor":45,"turns":5},{"damage":8,"enemies":"Jaw Worm Horde","floor":47,"turns":6},{"damage":0,"enemies":"Maw","floor":48,"turns":7},{"damage":0,"enemies":"Time Eater","floor":50,"turns":15}],"seed_played":"-804619617211932616","potions_obtained":[{"floor":7.0,"key":"SmokeBomb"},{"floor":11.0,"key":"GhostInAJar"},{"floor":21.0,"key":"Block Potion"},{"floor":33.0,"key":"Block Potion"},{"floor":35.0,"key":"Weak Potion"},{"floor":37.0,"key":"Swift Potion"},{"floor":41.0,"key":"Block Potion"},{"floor":45,"key":"SkillPotion"}],"is_trial":false,"path_per_floor":["M","M","?","?","M","R","M","M","T","R","M","R","M","M","R","B",null,"M","?","M","M","$","R","M","?","T","M","$","R","?","$","R","B",null,"M","?","M","$","M","R","M","?","T","R","M","R","M","M","R","B",null],"character_chosen":"THE_SILENT","items_purchased":["Noxious Fumes","Apotheosis","Blur"],"campfire_rested":5,"item_purchase_floors":[28,38,38],"current_hp_per_floor":[51,51,51,51,49,49,44,44,44,44,44,44,40,39,60,43,63,62,62,62,48,48,48,42,29,29,29,29,51,51,51,51,18,61,61,61,47,47,31,53,40,40,40,40,40,62,54,54,75,75],"gold":118,"neow_bonus":"RANDOM_COLORLESS_2","is_daily":false,"chose_seed":false,"campfire_upgraded":6,"win_rate":0.0,"timestamp":1612186354,"path_taken":["M","M","?","?","M","R","M","M","T","R","M","R","M","M","R","BOSS","M","?","?","M","$","R","M","?","T","M","$","R","?","?","R","BOSS","M","?","M","$","M","R","M","?","T","R","M","R","M","?","R","BOSS"],"items_purchased_type":["Card","Card","Card"],"build_version":"2020-12-22","purchased_purges":2,"victory":true,"max_hp_per_floor":[70,70,70,70,70,70,70,70,70,70,70,70,70,70,70,70,70,70,70,70,70,70,70,70,75,75,75,75,75,75,75,75,75,75,75,75,75,75,75,75,75,75,75,75,75,75,75,75,75,75],"card_choices":[{"not_picked":["Chrysalis","Secret Technique"],"picked":"Sadistic Nature","floor":0.0},{"not_picked":["Setup","Tactician"],"picked":"Blur","floor":1.0},{"not_picked":["Slice","Deflect"],"picked":"Leg Sweep","floor":2.0},{"not_picked":["Setup","Blur"],"picked":"Noxious Fumes","floor":5.0},{"not_picked":["Flying Knee","Expertise","Leg Sweep"],"picked":"SKIP","floor":7.0},{"not_picked":["Flying Knee","Expertise","Leg Sweep"],"picked":"SKIP","floor":7.0},{"not_picked":["Flying Knee","Deflect","Cloak And Dagger"],"picked":"SKIP","floor":8.0},{"not_picked":["Concentrate","Outmaneuver"],"picked":"Sucker Punch","floor":11.0},{"not_picked":["Cloak And Dagger","Acrobatics"],"picked":"Backflip","floor":13.0},{"not_picked":["Prepared","Dodge and Roll"],"picked":"Adrenaline","floor":14.0},{"not_picked":["Bullet Time","Storm of Steel"],"picked":"After Image","floor":16.0},{"not_picked":["PiercingWail","Blade Dance+1","Prepared"],"picked":"SKIP","floor":18.0},{"not_picked":["Heel Hook+1","Reflex"],"picked":"Dodge and Roll","floor":21.0},{"not_picked":["Dodge and Roll","PiercingWail"],"picked":"Poisoned Stab","floor":24.0},{"not_picked":["Underhanded Strike","Prepared","Wraith Form v2"],"picked":"SKIP","floor":27.0},{"not_picked":["A Thousand Cuts","Venomology"],"picked":"Corpse Explosion","floor":33.0},{"not_picked":["Predator+1","PiercingWail+1"],"picked":"Blur","floor":35.0},{"not_picked":["Dash","Skewer","Slice+1"],"picked":"SKIP","floor":37.0},{"not_picked":["Skewer","Flying Knee"],"picked":"Backflip+1","floor":39.0},{"not_picked":["Backstab","Tactician","Flechettes+1"],"picked":"SKIP","floor":41.0},{"not_picked":["Blade Dance","Sucker Punch","Tactician"],"picked":"SKIP","floor":45},{"not_picked":["PiercingWail","Terror"],"picked":"Burst","floor":47},{"not_picked":["Leg Sweep","Dagger Throw+1"],"picked":"Backflip","floor":48}],"player_experience":706359,"relics_obtained":[{"floor":9.0,"key":"Kunai"},{"floor":26.0,"key":"Lantern"},{"floor":43.0,"key":"MealTicket"}],"event_choices":[{"damage_healed":0.0,"max_hp_gain":0.0,"max_hp_loss":0.0,"gold_gain":0.0,"cards_transformed":["Strike_G"],"event_name":"Living Wall","player_choice":"Change","floor":3.0,"gold_loss":0.0,"damage_taken":0.0,"cards_obtained":["Acrobatics"]},{"damage_healed":0.0,"max_hp_gain":0.0,"max_hp_loss":0.0,"gold_gain":0.0,"event_name":"Liars Game","player_choice":"Ignored","floor":4.0,"gold_loss":0.0,"damage_taken":0.0},{"damage_healed":0.0,"max_hp_gain":0.0,"max_hp_loss":0.0,"gold_gain":0.0,"event_name":"Accursed Blacksmith","player_choice":"Forge","floor":19.0,"gold_loss":0.0,"damage_taken":0.0,"cards_upgraded":["After Image"]},{"damage_healed":0.0,"max_hp_gain":5.0,"max_hp_loss":0.0,"gold_gain":0.0,"event_name":"Forgotten Altar","player_choice":"Shed Blood","floor":25.0,"gold_loss":0.0,"damage_taken":18.0},{"cards_removed":["Strike_G"],"damage_healed":0.0,"max_hp_gain":0.0,"max_hp_loss":0.0,"gold_gain":0.0,"event_name":"Falling","player_choice":"Removed Attack","floor":36.0,"gold_loss":0.0,"damage_taken":0.0},{"damage_healed":0.0,"max_hp_gain":0.0,"max_hp_loss":0.0,"gold_gain":0.0,"cards_transformed":["Strike_G"],"event_name":"Transmorgrifier","player_choice":"Transformed","floor":42.0,"gold_loss":0.0,"damage_taken":0.0,"cards_obtained":["Caltrops"]}],"is_beta":false,"boss_relics":[{"not_picked":["Ectoplasm","Snecko Eye","Fusion Hammer"]},{"not_picked":["Runic Dome","Black Star"],"picked":"Velvet Choker"}],"items_purged_floors":[22,28],"is_endless":false,"potions_floor_spawned":[7,11,13,14,16,18,21,27,33,35,37,41,45],"ascension_level":11}}