{"host":"15dd7v8o90xso62x","time":1612159386,"event":{"mods":["BaseMod","Minty Spire (QoL Compilation)","Quick Restart","StSLib","SuperFastMode"],"gold_per_floor":[115,115,127,202,202,202,230,230,230,257,271,289,319,20,20,91,91,111,61,73,84,84,111,111,124,149,149,165,181,192,71,71,148,198,209,134,134,134,46,76,76,104,131,131,142,160,193,211,211,211,211,211,211,32,65,65],"floor_reached":57,"language":"KOR","playtime":2991,"items_purged":["Defend_G","Strike_G","Strike_G","Strike_G","Defend_G","Defend_G"],"score":3265,"play_id":"04483b03-8c27-430d-b3ba-eb36e3b07089","local_time":"20210201150306","is_ascension_mode":true,"campfire_choices":[{"data":"Reflex","floor":6.0,"key":"SMITH"},{"data":"Die Die Die","floor":8.0,"key":"SMITH"},{"data":"Apotheosis","floor":15.0,"key":"SMITH"},{"floor":24.0,"key":"REST"},{"data":"Venomology","floor":27.0,"key":"SMITH"},{"data":"Calculated Gamble","floor":32.0,"key":"SMITH"},{"floor":41,"key":"RECALL"},{"data":"Prepared","floor":44,"key":"SMITH"},{"data":"Tactician","floor":49,"key":"SMITH"},{"data":"Backflip","floor":53,"key":"SMITH"}],"circlet_count":0,"master_deck":["AscendersBane","Strike_G+1","Defend_G+1","Survivor","Neutralize","Reflex+1","Die Die Die+1","Backflip+1","Dagger Throw+1","Escape Plan","Tactician+1","Apotheosis+1","Venomology+1","Acrobatics+1","Prepared+1","Calculated Gamble+1","Choke","Acrobatics+1","Purity"],"relics":["Ring of the Snake","NeowsBlessing","Letter Opener","Ninja Scroll","Pear","Odd Mushroom","Membership Card","HoveringKite","Singing Bowl","Whetstone","Tiny House","HornCleat","Blood Vial","Eternal Feather","Bronze Scales","Bag of Marbles"],"acts_visited":["Exordium","TheCity","TheBeyond","TheEnding"],"potions_floor_usage":[40,40,45,46,47,48,48,50,51,55,56,56,56],"damage_taken":[{"damage":0.0,"enemies":"Small Slimes","floor":1.0,"turns":1.0},{"damage":0.0,"enemies":"2 Louse","floor":3.0,"turns":1.0},{"damage":0.0,"enemies":"Lagavulin","floor":7.0,"turns":1.0},{"damage":9.0,"enemies":"Gremlin Nob","floor":10.0,"turns":4.0},{"damage":0.0,"enemies":"Cultist","floor":11.0,"turns":3.0},{"damage":0.0,"enemies":"Large Slime","floor":12.0,"turns":5.0},{"damage":0.0,"enemies":"The Mushroom Lair","floor":13.0,"turns":1.0},{"damage":33.0,"enemies":"Slime Boss","floor":16.0,"turns":9.0},{"damage":0.0,"enemies":"Spheric Guardian","floor":18.0,"turns":1.0},{"damage":2.0,"enemies":"2 Thieves","floor":20.0,"turns":3.0},{"damage":21.0,"enemies":"Cultist and Chosen","floor":21.0,"turns":8.0},{"damage":0.0,"enemies":"Gremlin Leader","floor":23.0,"turns":7.0},{"damage":0.0,"enemies":"3 Cultists","floor":25.0,"turns":2.0},{"damage":0.0,"enemies":"Centurion and Healer","floor":28.0,"turns":3.0},{"damage":3.0,"enemies":"Snake Plant","floor":29.0,"turns":2.0},{"damage":0.0,"enemies":"Shelled Parasite and Fungi","floor":30.0,"turns":2.0},{"damage":0.0,"enemies":"Collector","floor":33.0,"turns":2.0},{"damage":0.0,"enemies":"3 Shapes","floor":35.0,"turns":2.0},{"damage":0,"enemies":"Giant Head","floor":40,"turns":1},{"damage":0,"enemies":"Nemesis","floor":42,"turns":1},{"damage":0,"enemies":"3 Darklings","floor":45,"turns":1},{"damage":0,"enemies":"Maw","floor":46,"turns":1},{"damage":0,"enemies":"Giant Head","floor":47,"turns":1},{"damage":0,"enemies":"Spire Growth","floor":48,"turns":1},{"damage":54,"enemies":"Time Eater","floor":50,"turns":4},{"damage":0,"enemies":"Donu and Deca","floor":51,"turns":1},{"damage":0,"enemies":"Shield and Spear","floor":55,"turns":1},{"damage":5,"enemies":"The Heart","floor":56,"turns":7}],"seed_played":"6436268481680489242","potions_obtained":[{"floor":1.0,"key":"Block Potion"},{"floor":3.0,"key":"Regen Potion"},{"floor":12.0,"key":"Fire Potion"},{"floor":16.0,"key":"Fruit Juice"},{"floor":33.0,"key":"Fire Potion"},{"floor":48,"key":"Dexterity Potion"}],"is_trial":false,"path_per_floor":["M","?","M","?","?","R","E","R","T","E","M","M","?","$","R","B",null,"M","$","M","M","?","E","R","M","T","R","M","M","M","$","R","B",null,"M","$","?","?","$","E","R","E","T","R","M","M","E","M","R","B","B",null,"R","$","E","B",null],"character_chosen":"THE_SILENT","items_purchased":["Membership Card","Apotheosis","Choke","Acrobatics","Bronze Scales"],"campfire_rested":1,"item_purchase_floors":[14,14,31,31,54],"current_hp_per_floor":[59,52,52,41,41,41,41,41,41,42,42,42,42,42,42,24,68,68,68,66,45,45,45,69,69,69,69,69,68,70,70,70,72,90,92,92,86,86,86,88,88,90,90,90,94,98,102,106,112,58,60,99,111,111,114,114],"gold":65,"neow_bonus":"THREE_ENEMY_KILL","is_daily":false,"chose_seed":false,"campfire_upgraded":8,"win_rate":0.0,"timestamp":1612159386,"path_taken":["M","?","M","?","?","R","E","R","T","E","?","M","?","$","R","BOSS","BOSS","M","$","M","M","?","E","R","?","T","R","M","M","M","$","R","BOSS","M","$","?","?","$","E","R","E","T","R","M","?","E","M","R","BOSS","BOSS","R","$","E","BOSS"],"items_purchased_type":["Relic","Card","Card","Card","Relic"],"build_version":"2020-12-22","purchased_purges":6,"victory":true,"max_hp_per_floor":[66,66,66,66,66,66,66,66,66,76,76,76,76,76,76,76,81,81,81,81,81,81,81,81,81,81,81,81,83,85,85,85,87,94,96,96,100,100,100,102,102,104,104,104,106,108,110,112,112,112,112,112,112,112,114,114],"card_choices":[{"not_picked":["Escape Plan","Slice"],"picked":"Reflex","floor":1.0},{"not_picked":["Flying Knee","Sucker Punch","Endless Agony"],"picked":"SKIP","floor":3.0},{"not_picked":["Leg Sweep","Dagger Throw"],"picked":"Die Die Die","floor":7.0},{"not_picked":["Dagger Spray","Cloak And Dagger"],"picked":"Backflip","floor":10.0},{"not_picked":["Sucker Punch","Leg Sweep"],"picked":"Dagger Throw","floor":11.0},{"not_picked":["Poisoned Stab","Blade Dance"],"picked":"Escape Plan","floor":12.0},{"not_picked":["Deadly Poison","Underhanded Strike"],"picked":"Tactician","floor":13.0},{"not_picked":["Night Terror","Corpse Explosion"],"picked":"Venomology","floor":16.0},{"not_picked":["Backflip+1","Bane","Heel Hook"],"picked":"SKIP","floor":18.0},{"not_picked":["Sucker Punch","Slice","Crippling Poison"],"picked":"SKIP","floor":20.0},{"not_picked":["Escape Plan+1","Dagger Spray","Bane"],"picked":"SKIP","floor":21.0},{"not_picked":["Unload","Accuracy"],"picked":"Acrobatics+1","floor":23.0},{"not_picked":["Dagger Spray","Sucker Punch"],"picked":"Prepared","floor":25.0},{"not_picked":["Slice","Backstab"],"picked":"Calculated Gamble","floor":28.0},{"not_picked":["Acrobatics","Leg Sweep","Bane"],"picked":"Singing Bowl","floor":29.0},{"not_picked":["Bouncing Flask","All Out Attack","Outmaneuver"],"picked":"Singing Bowl","floor":30.0},{"not_picked":["Glass Knife","Tools of the Trade","Bullet Time"],"picked":"Singing Bowl","floor":33.0},{"not_picked":["Deadly Poison","Prepared","Bane"],"picked":"Singing Bowl","floor":34.0},{"not_picked":["Flying Knee+1","All Out Attack","Quick Slash+1"],"picked":"Singing Bowl","floor":35.0},{"not_picked":["Transmutation","The Bomb","Mind Blast"],"picked":"Singing Bowl","floor":37},{"not_picked":["PanicButton","Secret Technique","Mayhem"],"picked":"Singing Bowl","floor":37},{"not_picked":["Sadistic Nature","Dramatic Entrance"],"picked":"Purity","floor":37},{"not_picked":["Flechettes+1","Flying Knee","Footwork+1"],"picked":"Singing Bowl","floor":40},{"not_picked":["Accuracy","Noxious Fumes+1","Outmaneuver"],"picked":"Singing Bowl","floor":42},{"not_picked":["Well Laid Plans","Sucker Punch","Choke+1"],"picked":"Singing Bowl","floor":45},{"not_picked":["PiercingWail","Prepared+1","Outmaneuver"],"picked":"Singing Bowl","floor":46},{"not_picked":["Quick Slash","Acrobatics","Burst"],"picked":"Singing Bowl","floor":47},{"not_picked":["Dagger Throw+1","Accuracy","Flying Knee"],"picked":"Singing Bowl","floor":48},{"not_picked":["Riddle With Holes","Sucker Punch+1","Slice"],"picked":"Singing Bowl","floor":55}],"player_experience":916592,"relics_obtained":[{"floor":7.0,"key":"Letter Opener"},{"floor":9.0,"key":"Ninja Scroll"},{"floor":10.0,"key":"Pear"},{"floor":13.0,"key":"Odd Mushroom"},{"floor":23.0,"key":"Singing Bowl"},{"floor":26.0,"key":"Whetstone"},{"floor":40,"key":"HornCleat"},{"floor":42,"key":"Blood Vial"},{"floor":47,"key":"Eternal Feather"},{"floor":55,"key":"Bag of Marbles"}],"event_choices":[{"cards_removed":["Defend_G"],"damage_healed":0.0,"max_hp_gain":0.0,"max_hp_loss":0.0,"gold_gain":0.0,"event_name":"Golden Wing","player_choice":"Card Removal","floor":2.0,"gold_loss":0.0,"damage_taken":7.0},{"damage_healed":0.0,"max_hp_gain":0.0,"max_hp_loss":0.0,"gold_gain":75.0,"event_name":"World of Goop","player_choice":"Gather Gold","floor":4.0,"gold_loss":0.0,"damage_taken":11.0},{"cards_removed":["Strike_G"],"damage_healed":0.0,"max_hp_gain":0.0,"max_hp_loss":0.0,"gold_gain":0.0,"event_name":"Bonfire Elementals","player_choice":"Offered Basic","floor":5.0,"gold_loss":0.0,"damage_taken":0.0},{"damage_healed":0.0,"max_hp_gain":0.0,"max_hp_loss":0.0,"gold_gain":0.0,"event_name":"Mushrooms","player_choice":"Fought Mushrooms","floor":13.0,"gold_loss":0.0,"damage_taken":0.0},{"damage_healed":0.0,"max_hp_gain":0.0,"max_hp_loss":0.0,"gold_gain":0.0,"event_name":"Duplicator","player_choice":"Ignored","floor":22.0,"gold_loss":0.0,"damage_taken":0.0},{"damage_healed":0,"gold_gain":0,"player_choice":"Memory 3","damage_taken":10,"max_hp_gain":0,"max_hp_loss":0,"event_name":"SensoryStone","floor":37,"gold_loss":0},{"damage_healed":0,"gold_gain":0,"player_choice":"Forge","damage_taken":0,"max_hp_gain":0,"max_hp_loss":0,"event_name":"Accursed Blacksmith","floor":38,"gold_loss":0,"cards_upgraded":["Acrobatics"]}],"is_beta":false,"boss_relics":[{"not_picked":["Velvet Choker","Coffee Dripper"],"picked":"HoveringKite"},{"not_picked":["WristBlade","Sozu"],"picked":"Tiny House"}],"items_purged_floors":[14,19,31,36,39,54],"is_endless":false,"potions_floor_spawned":[1,3,12,16,25,29,30,33,42,45,48],"ascension_level":20}}