{"host":"l2dnabsh5e0fsksb","time":1612145807,"event":{"mods":["2.2 Compatiblity","BaseMod","Downfall","Minty Spire (QoL Compilation)","Quick Restart","StSLib"],"gold_per_floor":[99,99,99,99,99,99,99,126,136,147,225,239,257,273,291,291,291,291],"floor_reached":16,"language":"ENG","playtime":592,"items_purged":[],"score":163,"play_id":"3c3ad3ac-a501-4869-82e6-cbb6e4ba0b8a","local_time":"20210201124647","is_ascension_mode":true,"campfire_choices":[{"floor":1.0,"key":"RECALL"},{"data":"bronze:ChosenStrike","floor":6.0,"key":"SMITH"}],"circlet_count":0,"master_deck":["AscendersBane","bronze:Strike","bronze:Strike","bronze:Strike","bronze:Strike","bronze:Defend","bronze:Defend","bronze:Defend","bronze:Defend","bronze:Replicate","bronze:DelayedSlice","bronze:ForceShield","bronze:Iterate","bronze:ChosenStrike+1","bronze:Iterate","bronze:OilSpill","bronze:Constructor","bronze:FollowUp","bronze:Repair","bronze:Iterate","bronze:Frontload"],"relics":["bronze:BronzeCore","downfall:HeartsMalice","Dead Branch","Pantograph"],"acts_visited":["Exordium"],"potions_floor_usage":[10,12,14,15],"damage_taken":[{"damage":0.0,"enemies":"Cultist","floor":2.0,"turns":1.0},{"damage":0.0,"enemies":"2 Louse","floor":3.0,"turns":1.0},{"damage":0.0,"enemies":"Jaw Worm","floor":4.0,"turns":1.0},{"damage":35.0,"enemies":"3 Sentries","floor":8.0,"turns":9.0},{"damage":11.0,"enemies":"Exordium Thugs","floor":9.0,"turns":2.0},{"damage":12,"enemies":"Lots of Slimes","floor":10,"turns":2},{"damage":0,"enemies":"3 Louse","floor":12,"turns":1},{"damage":0,"enemies":"Large Slime","floor":13,"turns":5},{"damage":0,"enemies":"2 Fungi Beasts","floor":14,"turns":1},{"damage":0,"enemies":"3 Louse","floor":15,"turns":2},{"damage":37,"enemies":"DF_ARCHETYPE_STREAMLINE","floor":16,"turns":7}],"seed_played":"74449642150604834","potions_obtained":[{"floor":8.0,"key":"champ:CounterPotion"},{"floor":10,"key":"SkillPotion"},{"floor":12,"key":"ColorlessPotion"},{"floor":14,"key":"BlessingOfTheForge"}],"is_trial":false,"path_per_floor":["R","M","M","M","?","R","T","E","M","M","T","M","M","M","M","B"],"character_chosen":"THE_AUTOMATON","items_purchased":[],"campfire_rested":0,"item_purchase_floors":[],"current_hp_per_floor":[63,63,63,63,63,63,63,28,17,5,5,5,5,5,5,0,0,0],"gold":291,"neow_bonus":"THREE_ENEMY_KILL","is_daily":false,"chose_seed":false,"campfire_upgraded":1,"win_rate":0.0,"timestamp":1612145807,"path_taken":["R","M","M","?","?","R","T","E","M","M","?","M","M","?","M","BOSS"],"items_purchased_type":[],"build_version":"2020-12-22","purchased_purges":0,"victory":false,"max_hp_per_floor":[70,70,70,70,70,70,70,70,70,70,70,70,70,70,70,70,70,70],"card_choices":[{"not_picked":["bronze:GetLatest","bronze:Allocate"],"picked":"bronze:DelayedSlice","floor":2.0},{"not_picked":["bronze:Optimize","bronze:Overload"],"picked":"bronze:ForceShield","floor":3.0},{"not_picked":["bronze:Repulsor","bronze:FineTuning"],"picked":"bronze:Iterate","floor":4.0},{"not_picked":["bronze:Safeguard","bronze:NullPointer"],"picked":"bronze:Iterate","floor":8.0},{"not_picked":["bronze:Invalidate","bronze:Overheat"],"picked":"bronze:OilSpill","floor":9.0},{"not_picked":["bronze:WhirlingStrike","bronze:Shield"],"picked":"bronze:Constructor","floor":10},{"not_picked":["bronze:HyperBeam","bronze:Fortify"],"picked":"bronze:FollowUp","floor":12},{"not_picked":["bronze:ChildClass","bronze:Constructor"],"picked":"bronze:Repair","floor":13},{"not_picked":["bronze:Allocate","bronze:FineTuning"],"picked":"bronze:Iterate","floor":14},{"not_picked":["bronze:Branch","bronze:CloningBeam"],"picked":"bronze:Frontload","floor":15}],"player_experience":1884487,"relics_obtained":[{"floor":8.0,"key":"Dead Branch"},{"floor":11,"key":"Pantograph"}],"event_choices":[],"is_beta":false,"boss_relics":[],"items_purged_floors":[],"is_endless":false,"potions_floor_spawned":[8,10,12,14],"killed_by":"DF_ARCHETYPE_STREAMLINE","ascension_level":12}}