{"host":"qav5943cxrzanrh1","time":1612143783,"event":{"mods":["BaseMod","BetterRewards","ChefMod","Colored Map","Downfall","Highlight Path","Hubris","Minty Spire (QoL Compilation)","RRrroohrrRGHHhhh!!","RatMod","SacredBarkPlus","Shop Mod","Spicy Shops","Spikes Relics","StSLib","The Blue Laboratory","Trackpad","thorton"],"gold_per_floor":[116,131,131,306,318,353,353,353,353],"floor_reached":8,"language":"ENG","playtime":1157,"items_purged":[],"score":56,"play_id":"7e94e0dc-ebf1-4fe6-8079-05b0bb1dc1d0","local_time":"20210131204303","is_ascension_mode":false,"campfire_choices":[{"floor":7,"key":"REST"}],"circlet_count":0,"master_deck":["chefmod:Strike","chefmod:Strike","chefmod:Strike","chefmod:QuickThaw","chefmod:Defend","chefmod:Defend","chefmod:Defend","chefmod:Defend","chefmod:TodaysSpecial","chefmod:Defrost","chefmod:BaoBuns","chefmod:GroceryDelivery","Doubt","chefmod:SliceAndDice","chefmod:Gelato"],"relics":["chefmod:TrustyPot","NeowsBlessing","Rawhide"],"acts_visited":["Exordium"],"potions_floor_usage":[6],"damage_taken":[{"damage":0,"enemies":"Small Slimes","floor":1,"turns":1},{"damage":0,"enemies":"Jaw Worm","floor":2,"turns":1},{"damage":0,"enemies":"2 Louse","floor":5,"turns":2},{"damage":48,"enemies":"3 Sentries","floor":6,"turns":14},{"damage":55,"enemies":"Lagavulin","floor":8,"turns":16}],"seed_played":"2199477620041843543","potions_obtained":[{"floor":5,"key":"LiquidMemories"}],"is_trial":false,"path_per_floor":["M","M","?","?","M","E","R","E"],"character_chosen":"THE_CHEF","items_purchased":[],"campfire_rested":1,"item_purchase_floors":[],"current_hp_per_floor":[76,76,76,76,76,28,50,0,0],"gold":353,"neow_bonus":"THREE_ENEMY_KILL","is_daily":false,"chose_seed":false,"campfire_upgraded":0,"win_rate":0.0,"timestamp":1612143783,"path_taken":["M","M","?","?","M","E","R","E"],"items_purchased_type":[],"build_version":"2020-12-22","purchased_purges":0,"victory":false,"max_hp_per_floor":[76,76,76,76,76,76,76,76,76],"card_choices":[{"not_picked":["chefmod:Fillet","chefmod:HotSoup"],"picked":"chefmod:Defrost","floor":1},{"not_picked":["chefmod:Defrost","chefmod:AlooGobi"],"picked":"chefmod:BaoBuns","floor":2},{"not_picked":["chefmod:BaoBuns","chefmod:Defrost"],"picked":"chefmod:SliceAndDice","floor":5},{"not_picked":["chefmod:DinoKale","chefmod:BaoBuns"],"picked":"chefmod:Gelato","floor":6}],"player_experience":687904,"relics_obtained":[{"floor":6,"key":"Rawhide"}],"event_choices":[{"damage_healed":0,"gold_gain":0,"cards_transformed":["chefmod:Strike"],"player_choice":"Change","damage_taken":0,"max_hp_gain":0,"max_hp_loss":0,"event_name":"Living Wall","floor":3,"gold_loss":0,"cards_obtained":["chefmod:GroceryDelivery"]},{"damage_healed":0,"gold_gain":175,"player_choice":"AGREE","damage_taken":0,"max_hp_gain":0,"max_hp_loss":0,"event_name":"Liars Game","floor":4,"gold_loss":0,"cards_obtained":["Doubt"]}],"is_beta":false,"boss_relics":[],"items_purged_floors":[],"is_endless":false,"potions_floor_spawned":[5],"killed_by":"Lagavulin","ascension_level":0}}