{"host":"jfbo3eu2ui08ej1u","time":1612185052,"event":{"mods":["2.2 Compatiblity","AchievementEnabler","Act Like it!","Aspiration","BaseMod","Better Altar","Better Match","Better Note","Better Sensory Stone","Better Skull","Better Third Choice","Block Reminder","Colored Map","Colored Powertips","Conspire","DeckTracker","Displayed Cursed Tome","Energized Spire","Fox Events","GifTheSpireLib","Hubris","Infinite Spire","Marked Mod","Minty Spire (QoL Compilation)","Pale of the Ancients","Poor People Problems","Quick Restart","Relic Filter","Reliquary","Reorder Act Four","Replay The Spire","Shop Mod","Spicy Shops","Spire Arcade","StSLib","Stuff the Spire","The Blue Laboratory","The Disciple","The Forsaken","The Hierophant","The Marked","Uncapped","Unceasing Turn Reminder","Wandering Minibosses"],"gold_per_floor":[214,224,11,22,39,65,65,75,75,75,88,36,36,53,53,53,53],"floor_reached":16,"language":"ENG","playtime":418,"items_purged":["Strike_B"],"score":208,"play_id":"f0fa3eeb-f40f-4541-a09f-b00838b5debf","local_time":"20210201081052","is_ascension_mode":true,"campfire_choices":[{"floor":7.0,"key":"REST"},{"floor":10.0,"key":"REST"},{"data":"Turbo","floor":13.0,"key":"SMITH"},{"data":"Zap","floor":15.0,"key":"SMITH"}],"circlet_count":0,"master_deck":["AscendersBane","Strike_B","Strike_B","Strike_B","Defend_B","Defend_B","Defend_B","Defend_B","Zap+1","Dualcast","Redo","Turbo+1","Lockon","Seek","StuffTheSpire:LoadUp+1","Skim","Panic Button","Turbo+1","Compile Driver","Hologram"],"relics":["Cracked Core","War Paint","reliquary:ShortFuse"],"acts_visited":["Exordium"],"potions_floor_usage":[],"damage_taken":[{"damage":2.0,"enemies":"Cultist","floor":1.0,"turns":4.0},{"damage":7.0,"enemies":"Jaw Worm","floor":2.0,"turns":3.0},{"damage":0.0,"enemies":"2 Louse","floor":4.0,"turns":2.0},{"damage":2.0,"enemies":"2 Fungi Beasts","floor":5.0,"turns":3.0},{"damage":20.0,"enemies":"Lagavulin","floor":6.0,"turns":5.0},{"damage":30.0,"enemies":"Gremlin Gang","floor":8.0,"turns":6.0},{"damage":6.0,"enemies":"Looter","floor":11.0,"turns":2.0},{"damage":0.0,"enemies":"2 Fungi Beasts","floor":14.0,"turns":2.0},{"damage":73,"enemies":"The Guardian","floor":16,"turns":12}],"seed_played":"843806538841214237","potions_obtained":[{"floor":2.0,"key":"blueLaboratory:EmptyBottle"},{"floor":8.0,"key":"blueLaboratory:TeslaPotion"},{"floor":11.0,"key":"Ancient Potion"}],"is_trial":false,"path_per_floor":["M","M","$","M","M","E","R","M","T","R","M","$","R","M","R","B"],"character_chosen":"DEFECT","items_purchased":["Lockon","Compile Driver"],"campfire_rested":2,"item_purchase_floors":[3,12],"current_hp_per_floor":[62,55,55,55,53,33,54,24,24,45,39,39,39,39,39,0,0],"gold":53,"neow_bonus":"HUNDRED_GOLD","is_daily":false,"chose_seed":false,"campfire_upgraded":2,"win_rate":0.0,"timestamp":1612185052,"path_taken":["M","M","$","M","M","E","R","M","T","R","?","$","R","M","R","BOSS"],"items_purchased_type":["Card","Card"],"build_version":"2020-12-22","purchased_purges":1,"victory":false,"max_hp_per_floor":[71,71,71,71,71,71,71,71,71,71,71,71,71,71,71,71,71],"card_choices":[{"not_picked":["StuffTheSpire:LoadUp","Steam"],"picked":"Redo","floor":1.0},{"not_picked":["Cold Snap","Hologram"],"picked":"Turbo","floor":2.0},{"not_picked":["Hologram","conspire:SharedLibrary"],"picked":"Seek","floor":4.0},{"not_picked":["StuffTheSpire:Plugnplay","Go for the Eyes"],"picked":"StuffTheSpire:LoadUp","floor":5.0},{"not_picked":["Barrage","Beam Cell"],"picked":"Skim","floor":6.0},{"not_picked":["Conserve Battery","StuffTheSpire:LoadUp"],"picked":"Panic Button","floor":8.0},{"not_picked":["Fusion","conspire:SharedLibrary"],"picked":"Turbo","floor":11.0},{"not_picked":["Conserve Battery","ReplayTheSpireMod:System Scan"],"picked":"Hologram","floor":14.0}],"player_experience":1269197,"relics_obtained":[{"floor":6.0,"key":"War Paint"},{"floor":9.0,"key":"reliquary:ShortFuse"}],"event_choices":[],"is_beta":false,"boss_relics":[],"items_purged_floors":[3],"is_endless":false,"potions_floor_spawned":[2,8,11],"killed_by":"The Guardian","ascension_level":20}}