{"host":"cgwysqtmt736mr58","time":1612188824,"event":{"mods":["2.2 Compatiblity","Aspiration","BaseMod","Beaked The Cultist","BetterRewards","Colored Map","Colored Powertips","Downfall","Duelist Mod","GifTheSpireLib","Googly Eyes","Halation","Hermit","Hubris","Infinite Spire","Lobotomy","LobotomyExtend","Marisa????????","Minty Spire (QoL Compilation)","Relic Stats","Replay The Spire","Shade Mod","Shop Mod","StSLib","The Construct","The Cursed","The Disciple","The Exalted","The Jungle","The Necromancer","The Runesmith","The Wild Card","Waifu the Spire","Yuri Mod"],"gold_per_floor":[113,131,131,156,189,189,189,224,224,224,249,249,249,105,105,219,219,345,345,345,345,133,133,173,200,272,306,33,59,59,91,91,207,207,241,241,241,270,35,35,58,8,8],"floor_reached":42,"language":"ENG","playtime":1304,"items_purged":["downfall:Bewildered"],"score":851,"play_id":"a2c9e664-d42d-4391-8586-906a803fe886","local_time":"20210202011344","is_ascension_mode":true,"campfire_choices":[{"data":"hubris:InfiniteBlow","floor":6,"key":"SMITH"},{"data":"yuri:MultiDip","floor":13,"key":"SMITH"},{"data":"hubris:InfiniteBlow+1","floor":15,"key":"SMITH"},{"data":"yuri:DragonForm","floor":23,"key":"SMITH"},{"floor":30,"key":"REST"},{"floor":32,"key":"REST"},{"data":"hubris:InfiniteBlow+2","floor":40,"key":"SMITH"}],"circlet_count":0,"master_deck":["AscendersBane","yuri:yuriStrike","yuri:yuriStrike","yuri:yuriStrike","yuri:yuriStrike","yuri:yuriStrike","yuri:yuriDefend","yuri:yuriDefend","yuri:yuriDefend","yuri:yuriDefend","yuri:yuriDefend","yuri:Oolong","yuri:yuriStab","yuri:HeavierStrike","yuri:Parry","yuri:GlitchedStrike","theDuelist:DuelistAscender","hubris:Greed","hubris:InfiniteBlow+3","hubris:Greed","yuri:WickedSlash","hubris:Greed","yuri:Spin","yuri:GreenTea","Amnesia","yuri:MultiDip+1","yuri:DragonForm+1","yuri:MarkovCurse","yuri:ChibiInvasion","yuri:BookPurple","yuri:NerfBat","yuri:Parry","yuri:GreenTea+1","yuri:HoldBack","yuri:TPose+1","yuri:HeavierStrike","yuri:CalmingAura","yuri:ConsumeGlitch","yuri:ThrowingKnives","yuri:Stare","yuri:Stare"],"relics":["yuri:yuriKnife","LetterFromLob","hubris:Icosahedron","Boot","Ring of Hypnosis","Ring of Peace","Bromod:ArcaneConsequence","Tiny Chest","yuri:PortraitOfMarkov","halation:StarCompass","sneckomod:BabySnecko","aspiration:RitualStick","Bag of Preparation","MealTicket","Snack Pack","Omamori","construct:WeddingRing","halation:PapillonHeart","aspiration:Nostalgia","Replay:M_StaffOfTheSnake","Blue Doll"],"acts_visited":["Exordium","TheCity","TheBeyond"],"potions_floor_usage":[16,16,24,33,35,42],"damage_taken":[{"damage":1,"enemies":"2 Louse","floor":1,"turns":2},{"damage":2,"enemies":"Jaw Worm","floor":2,"turns":4},{"damage":1,"enemies":"Cultist","floor":4,"turns":2},{"damage":9,"enemies":"Blue Slaver","floor":5,"turns":3},{"damage":3,"enemies":"3 Louse","floor":8,"turns":3},{"damage":2,"enemies":"Looter","floor":11,"turns":3},{"damage":20,"enemies":"Hexaghost","floor":16,"turns":9},{"damage":10,"enemies":"3 Byrds","floor":18,"turns":5},{"damage":30,"enemies":"Replay:Snechameleon","floor":24,"turns":5},{"damage":22,"enemies":"Spheric Guardian","floor":27,"turns":4},{"damage":28,"enemies":"Snecko","floor":29,"turns":5},{"damage":25,"enemies":"Shelled Parasite and Fungi","floor":31,"turns":6},{"damage":66,"enemies":"Collector","floor":33,"turns":8},{"damage":36,"enemies":"3 Darklings","floor":35,"turns":7},{"damage":31,"enemies":"3 Shapes","floor":38,"turns":6},{"damage":82,"enemies":"Nightmare","floor":42,"turns":6}],"seed_played":"693024608422474076","potions_obtained":[{"floor":2,"key":"Elixir"},{"floor":5,"key":"Languid Potion"},{"floor":18,"key":"Fire Potion"},{"floor":29,"key":"SkillPotion"},{"floor":31,"key":"Fire Potion"}],"is_trial":false,"path_per_floor":["M","M","?","M","M","R","?","M","T","?","M","T","R","$","R","B",null,"M","?","?","?","$","R","E","T","T","M","$","M","R","M","R","B",null,"M","?","?","M","$","R","T","NM"],"character_chosen":"YURI","items_purchased":["Tiny Chest","yuri:BookPurple","yuri:NerfBat","yuri:HoldBack","Omamori","yuri:TPose+1","yuri:Stare","PowerPotion","aspiration:Nostalgia"],"campfire_rested":2,"item_purchase_floors":[14,22,22,28,28,28,39,39,39],"current_hp_per_floor":[71,73,73,72,67,67,67,77,77,77,78,78,78,78,78,68,77,76,76,76,60,60,60,30,30,30,12,27,13,37,26,50,2,61,41,41,60,48,63,63,63,0,0],"gold":8,"neow_bonus":"THREE_CARDS","is_daily":false,"chose_seed":false,"campfire_upgraded":5,"win_rate":0.0,"timestamp":1612188824,"path_taken":["M","M","?","M","M","R","?","M","T","?","M","?","R","?","R","BOSS","M","?","?","?","$","R","E","?","T","?","$","M","R","M","R","BOSS","M","?","?","M","$","R","?","NM"],"items_purchased_type":["Relic","Card","Card","Card","Relic","Card","Card","Potion","Relic"],"build_version":"2020-12-22","purchased_purges":1,"victory":false,"max_hp_per_floor":[80,80,80,80,80,80,80,80,80,80,80,80,80,80,80,80,80,80,80,80,80,80,80,80,80,80,80,80,80,80,80,80,80,80,80,76,76,77,77,77,77,77,77],"relic_stats":{"counters":[16,78],"Tiny Chest":2,"MealTicket":30,"Bag of Preparation":[14],"Boot":[77],"obtain_stats":[{"halation:PapillonHeart":36,"construct:WeddingRing":34,"Replay:M_StaffOfTheSnake":39,"Ring of Hypnosis":10,"aspiration:Nostalgia":39,"yuri:yuriKnife":0,"Blue Doll":41,"Bag of Preparation":24,"Omamori":28,"Boot":9,"halation:StarCompass":19,"Bromod:ArcaneConsequence":12,"aspiration:RitualStick":21,"sneckomod:BabySnecko":20,"hubris:Icosahedron":7,"yuri:PortraitOfMarkov":17,"Ring of Peace":10,"Tiny Chest":14,"MealTicket":25,"LetterFromLob":1,"Snack Pack":26},{"halation:PapillonHeart":14,"construct:WeddingRing":13,"Replay:M_StaffOfTheSnake":15,"Ring of Hypnosis":5,"aspiration:Nostalgia":15,"yuri:yuriKnife":0,"Blue Doll":15,"Bag of Preparation":9,"Omamori":10,"Boot":5,"halation:StarCompass":8,"Bromod:ArcaneConsequence":6,"aspiration:RitualStick":8,"sneckomod:BabySnecko":8,"hubris:Icosahedron":4,"yuri:PortraitOfMarkov":7,"Ring of Peace":5,"Tiny Chest":6,"MealTicket":9,"LetterFromLob":1,"Snack Pack":9},{"halation:PapillonHeart":66,"construct:WeddingRing":59,"Replay:M_StaffOfTheSnake":72,"Ring of Hypnosis":14,"aspiration:Nostalgia":72,"yuri:yuriKnife":0,"Blue Doll":72,"Bag of Preparation":36,"Omamori":40,"Boot":14,"halation:StarCompass":31,"Bromod:ArcaneConsequence":17,"aspiration:RitualStick":31,"sneckomod:BabySnecko":31,"hubris:Icosahedron":11,"yuri:PortraitOfMarkov":26,"Ring of Peace":14,"Tiny Chest":17,"MealTicket":36,"LetterFromLob":2,"Snack Pack":36}],"aspiration:RitualStick":[0]},"card_choices":[{"not_picked":["yuri:GlitchedStrike","yuri:TPose"],"picked":"yuri:HeavierStrike","floor":0},{"not_picked":["yuri:yuriHeavyStrike","yuri:HeavierStrike"],"picked":"yuri:Parry","floor":1},{"not_picked":["yuri:ThrowBook","yuri:RepairCode"],"picked":"yuri:GlitchedStrike","floor":2},{"not_picked":["ReplayTheSpireMod:??????????????????????","infinitespire:Collect"],"picked":"hubris:InfiniteBlow","floor":3},{"not_picked":["yuri:RecklessStrike","yuri:yuriQuickStrike"],"picked":"yuri:WickedSlash","floor":4},{"not_picked":["yuri:yuriHeavyStrike","yuri:Stalk"],"picked":"yuri:Spin","floor":5},{"not_picked":["yuri:WickedSlash","yuri:GlitchedStrike"],"picked":"yuri:GreenTea","floor":8},{"not_picked":["yuri:TPose","yuri:yuriHeavyStrike"],"picked":"yuri:MultiDip","floor":11},{"not_picked":["yuri:DistillInsanity","yuri:JumpScare"],"picked":"yuri:DragonForm","floor":16},{"not_picked":["yuri:SeeingDouble","yuri:CorruptHitbox"],"picked":"yuri:ChibiInvasion","floor":18},{"not_picked":["yuri:StealPen","yuri:DebugCard"],"picked":"yuri:Parry","floor":24},{"not_picked":["yuri:Spin+1","yuri:DebugCard"],"picked":"yuri:GreenTea+1","floor":27},{"not_picked":["yuri:MPose","yuri:RecklessStrike"],"picked":"yuri:HeavierStrike","floor":29},{"not_picked":["yuri:RecklessStrike","yuri:HeavierStrike+1"],"picked":"yuri:CalmingAura","floor":31},{"not_picked":["yuri:DisableStrike","yuri:GhostForm"],"picked":"yuri:ConsumeGlitch","floor":33},{"not_picked":["yuri:Spin","yuri:BookBlue","yuri:WickedSlash"],"picked":"SKIP","floor":35},{"not_picked":["yuri:yuriQuickStrike","yuri:DejaVu"],"picked":"yuri:ThrowingKnives","floor":38}],"player_experience":1083043,"relics_obtained":[{"floor":1,"key":"LetterFromLob"},{"floor":9,"key":"Boot"},{"floor":10,"key":"Ring of Hypnosis"},{"floor":10,"key":"Ring of Peace"},{"floor":12,"key":"Bromod:ArcaneConsequence"},{"floor":24,"key":"Bag of Preparation"},{"floor":25,"key":"MealTicket"},{"floor":26,"key":"Snack Pack"},{"floor":41,"key":"Blue Doll"}],"event_choices":[{"damage_healed":19,"gold_gain":0,"player_choice":"Writhe","damage_taken":0,"max_hp_gain":0,"max_hp_loss":0,"event_name":"Winding Halls","floor":37,"gold_loss":0,"cards_obtained":["Writhe"]}],"is_beta":false,"boss_relics":[{"not_picked":["infinitespire:Cupcake","halation:CatFaceCupcake"],"picked":"yuri:PortraitOfMarkov"},{"not_picked":["Coffee Dripper","ReplayTheSpireMod:DimensionalGlitch"],"picked":"construct:WeddingRing"}],"items_purged_floors":[22],"is_endless":false,"potions_floor_spawned":[2,5,18,29,31],"killed_by":"Nightmare","ascension_level":12}}