{"host":"cmxkjr0hek4mqvmn","time":1612194057,"event":{"mods":["BaseMod","Beaked The Cultist","Better Match","Better Skull","Better Third Choice","BetterRewards","Clawfect","Colored Map","Displayed Cursed Tome","GifTheSpireLib","Hermit","Hubris","JesterMod","Mimic Mod","Minty Spire (QoL Compilation)","Quick Restart","Robot Space Explorer","StSLib","The Bladedancer","The Blue Laboratory","The Cursed","Thieving Mod","Waifu the Spire"],"gold_per_floor":[118,138,138,19,19,19,19,19,42,59,72,72,89,14,14,114,114,126,401,417,432,443,443,443],"floor_reached":23,"language":"ENG","playtime":1679,"items_purged":[],"score":270,"play_id":"e4abea22-262c-4662-b047-ef0f4c96ed7a","local_time":"20210201104057","is_ascension_mode":true,"campfire_choices":[{"floor":6,"key":"RECALL"},{"data":"Clawfect:ClawLightning","floor":8,"key":"SMITH"},{"data":"Defragment","floor":12,"key":"SMITH"},{"floor":15,"key":"REST"}],"circlet_count":0,"master_deck":["Gash","Gash","Gash","Gash","Gash","Defend_B","Defend_B","Clawfect:ClawLightning+1","Defragment+1","Clawfect:ClawSnap","Clawfect:Clawline","Loop","hubris:PowerSurge","Steam Power+1","hubris:DoWhile+1","hubris:Ukulele+1","Hologram+1","Regret","Clawfect:ClawForTheEyes+1","Capacitor+1","Clawfect:ClawingBeam"],"relics":["Clawfect:DRClaw","hubris:SlimyHat","hubris:BallOfYels","Astrolabe"],"acts_visited":["Exordium","TheCity"],"potions_floor_usage":[10,16,16],"damage_taken":[{"damage":2,"enemies":"Small Slimes","floor":1,"turns":4},{"damage":4,"enemies":"Cultist","floor":2,"turns":4},{"damage":0,"enemies":"2 Louse","floor":10,"turns":3},{"damage":15,"enemies":"2 Fungi Beasts","floor":11,"turns":3},{"damage":21,"enemies":"Red Slaver","floor":13,"turns":4},{"damage":0,"enemies":"Slime Boss","floor":16,"turns":5},{"damage":17,"enemies":"Shell Parasite","floor":18,"turns":4},{"damage":32,"enemies":"2 Thieves","floor":20,"turns":4},{"damage":2,"enemies":"3 Cultists","floor":21,"turns":3},{"damage":18,"enemies":"Snake Plant","floor":22,"turns":4},{"damage":0,"enemies":"Slavers","floor":23,"turns":1}],"seed_played":"6062503105230016822","potions_obtained":[{"floor":1,"key":"Strength Potion"},{"floor":11,"key":"AttackPotion"}],"is_trial":false,"path_per_floor":["M","M","?","$","?","R","$","R","T","M","M","R","M","$","R","B",null,"M","?","M","M","M","E"],"character_chosen":"DEFECT","items_purchased":["Defragment","ColorlessPotion","hubris:PowerSurge"],"campfire_rested":1,"item_purchase_floors":[4,4,14],"current_hp_per_floor":[73,69,69,69,69,69,69,69,69,69,54,54,33,33,55,55,75,58,58,26,24,6,6,6],"gold":443,"neow_bonus":"RANDOM_COMMON_RELIC","is_daily":false,"chose_seed":false,"campfire_upgraded":2,"win_rate":0.0,"timestamp":1612194057,"path_taken":["M","M","?","?","?","R","$","R","T","M","?","R","M","?","R","BOSS","M","?","?","M","?","E"],"items_purchased_type":["Card","Potion","Card"],"build_version":"2020-12-22","purchased_purges":0,"victory":false,"max_hp_per_floor":[75,75,75,75,75,75,75,75,75,75,75,75,75,75,75,75,75,75,75,75,75,75,75,75],"card_choices":[{"not_picked":["Aggregate","Steam Power"],"picked":"Clawfect:ScrapingClaw","floor":1},{"not_picked":["Darkness","Clawfect:ClawForTheEyes"],"picked":"Clawfect:ClawLightning","floor":2},{"not_picked":["Clawfect:ClawForTheEyes","Coolheaded"],"picked":"Clawfect:ClawSnap","floor":10},{"not_picked":["Stack","Gash"],"picked":"Clawfect:Clawline","floor":11},{"not_picked":["Turbo","Clawfect:ClawingBeam"],"picked":"Loop","floor":13},{"not_picked":["hubris:SpecializedCircuitry","Seek"],"picked":"Reboot","floor":16},{"not_picked":["Clawfect:ScrapingClaw","Recycle"],"picked":"Hologram+1","floor":18},{"not_picked":["Blizzard","Clawfect:ClawCell"],"picked":"Clawfect:ClawForTheEyes+1","floor":20},{"not_picked":["Coolheaded","Reinforced Body"],"picked":"Capacitor+1","floor":21},{"not_picked":["Force Field+1","Steam"],"picked":"Clawfect:ClawingBeam","floor":22}],"player_experience":662436,"relics_obtained":[{"floor":9,"key":"hubris:BallOfYels"}],"event_choices":[{"cards_removed":["Defend_B"],"damage_healed":0,"gold_gain":0,"player_choice":"Offered Basic","damage_taken":0,"max_hp_gain":0,"max_hp_loss":0,"event_name":"Bonfire Elementals","floor":3,"gold_loss":0},{"cards_removed":["Defend_B"],"damage_healed":0,"gold_gain":0,"player_choice":"Purged","damage_taken":0,"max_hp_gain":0,"max_hp_loss":0,"event_name":"Purifier","floor":5,"gold_loss":0},{"damage_healed":0,"gold_gain":275,"player_choice":"Desecrate","damage_taken":0,"max_hp_gain":0,"max_hp_loss":0,"event_name":"Golden Shrine","floor":19,"gold_loss":0,"cards_obtained":["Regret"]}],"is_beta":false,"boss_relics":[{"not_picked":["Tiny House","Runic Dome"],"picked":"Astrolabe"}],"items_purged_floors":[],"is_endless":false,"potions_floor_spawned":[1,11],"killed_by":"Slavers","ascension_level":1}}