{"host":"ixpjvd0r4p7lnmut","time":1612156106,"event":{"mods":["Act Like it!","BaseMod","Block Reminder","Colored Map","Colored Powertips","Hallownest","Minty Spire (QoL Compilation)","Rare Cards Sparkle","Relic Stats","StSLib","The Bug Knight"],"gold_per_floor":[111,130,143,162,178,210,210,62,88,121,121,46,46,64,64,160,160,179,190,200,235,235,235,235,264,289,289,102,121,121,132,132,132,132],"floor_reached":33,"language":"ENG","playtime":1927,"items_purged":[],"score":277,"play_id":"6d1bb428-3c16-4202-b735-93e3f40ddf0b","local_time":"20210131210826","is_ascension_mode":false,"campfire_choices":[{"floor":7,"key":"REST"},{"floor":11,"key":"REST"},{"data":"HollowMod:SoulEater","floor":13,"key":"SMITH"},{"floor":15,"key":"REST"},{"floor":23,"key":"REST"},{"floor":27,"key":"REST"},{"floor":32,"key":"REST"}],"circlet_count":0,"master_deck":["HollowMod:NailStrikeStart+1","HollowMod:NailStrikeStart+1","HollowMod:NailStrikeStart+1","HollowMod:NailStrikeStart+1","HollowMod:QuickDashStart+1","HollowMod:QuickDashStart+1","HollowMod:QuickDashStart+1","HollowMod:QuickDashStart+1","HollowMod:FocusHealStart+1","HollowMod:PogoStrike","HollowMod:HowlingWraiths","HollowMod:SoulEater+1","HollowMod:ChannelNail","HollowMod:PureNailStrike","HollowMod:TaintedHusks+1","HollowMod:VoidDash+1","HollowMod:Grubsong","HollowMod:DoubleDash+1","HollowMod:ZotesMagnificence","HollowMod:InfectedCysts","HollowMod:CornifersMapStart+1","HollowMod:PureNailStrike+1","HollowMod:MantisMark+1","HollowMod:CycloneSlash","HollowMod:SoulVessel","HollowMod:SiblingsSouls+1","HollowMod:SoulMaster"],"relics":["HollowMod:VesselMask","Toxic Egg 2","Pen Nib","Ancient Tea Set","Fusion Hammer","Red Mask","Orichalcum","Bag of Marbles","Anchor"],"acts_visited":["Hallownest:Greenpath","TheCity"],"potions_floor_usage":[5,10,10,16,16,21,25,29,31],"damage_taken":[{"damage":6,"enemies":"Hallownest:2_MossCreeps","floor":1,"turns":6},{"damage":1,"enemies":"Hallownest:2_Baldur","floor":2,"turns":2},{"damage":0,"enemies":"2_ Uuma","floor":3,"turns":5},{"damage":24,"enemies":"Hallownest:Guard_and_Warrior","floor":4,"turns":8},{"damage":6,"enemies":"Hallownest:monsterMossCharger","floor":5,"turns":4},{"damage":46,"enemies":"Hallownest:eliteCrystalGuardian","floor":6,"turns":8},{"damage":23,"enemies":"Hallownest:eliteMossKnight","floor":10,"turns":4},{"damage":26,"enemies":"Hallownest:1_Ooma_and_2_Uuma","floor":14,"turns":7},{"damage":89,"enemies":"Hallownest:BossHornet","floor":16,"turns":9},{"damage":18,"enemies":"Spheric Guardian","floor":18,"turns":4},{"damage":20,"enemies":"Chosen","floor":19,"turns":5},{"damage":26,"enemies":"Snake Plant","floor":20,"turns":5},{"damage":34,"enemies":"Masked Bandits","floor":21,"turns":3},{"damage":33,"enemies":"Book of Stabbing","floor":25,"turns":5},{"damage":17,"enemies":"Shelled Parasite and Fungi","floor":29,"turns":4},{"damage":38,"enemies":"Centurion and Healer","floor":31,"turns":4},{"damage":44,"enemies":"Champ","floor":33,"turns":11}],"seed_played":"-7579095086089024406","potions_obtained":[{"floor":4,"key":"SteroidPotion"},{"floor":5,"key":"Fire Potion"},{"floor":6,"key":"LiquidBronze"},{"floor":10,"key":"Dexterity Potion"},{"floor":14,"key":"Regen Potion"},{"floor":20,"key":"LiquidBronze"},{"floor":21,"key":"SkillPotion"},{"floor":25,"key":"ColorlessPotion"},{"floor":29,"key":"FearPotion"},{"floor":31,"key":"SneckoOil"}],"is_trial":false,"path_per_floor":["M","M","M","M","M","E","R","$","T","?","R","?","R","M","R","B",null,"M","M","M","?","?","R","?","E","T","R","$","M","?","M","R","B"],"character_chosen":"THE_BUGKNIGHT","items_purchased":["HollowMod:VoidDash+1","HollowMod:SoulVessel","Anchor"],"campfire_rested":6,"item_purchase_floors":[8,28,28],"current_hp_per_floor":[72,71,75,62,66,32,54,54,54,41,63,68,68,54,78,12,80,66,56,36,2,22,46,46,23,23,47,47,36,36,4,28,0,0],"gold":132,"neow_bonus":"UPGRADE_CARD","is_daily":false,"chose_seed":false,"campfire_upgraded":1,"win_rate":0.0,"timestamp":1612156106,"path_taken":["M","M","M","M","M","E","R","$","T","?","R","?","R","M","R","BOSS","M","M","M","?","?","R","?","E","T","R","$","M","?","M","R","BOSS"],"items_purchased_type":["Card","Card","Relic"],"build_version":"2020-12-22","purchased_purges":0,"victory":false,"max_hp_per_floor":[75,75,75,75,75,75,75,75,75,75,75,80,80,80,80,80,80,80,80,80,80,80,80,80,80,80,80,80,80,80,80,80,80,80],"relic_stats":{"counters":[17,94],"Pen Nib":[10],"Orichalcum":[30],"obtain_stats":[{"Anchor":28,"HollowMod:VesselMask":0,"Pen Nib":9,"Fusion Hammer":17,"Red Mask":21,"Bag of Marbles":26,"Toxic Egg 2":6,"Orichalcum":25,"Ancient Tea Set":10},{"Anchor":14,"HollowMod:VesselMask":0,"Pen Nib":6,"Fusion Hammer":9,"Red Mask":13,"Bag of Marbles":14,"Toxic Egg 2":6,"Orichalcum":14,"Ancient Tea Set":7},{"Anchor":75,"HollowMod:VesselMask":0,"Pen Nib":33,"Fusion Hammer":53,"Red Mask":70,"Bag of Marbles":75,"Toxic Egg 2":33,"Orichalcum":75,"Ancient Tea Set":37}]},"card_choices":[{"not_picked":["HollowMod:LifebloodCocoon","HollowMod:InfectedCysts"],"picked":"HollowMod:HowlingWraiths","floor":1},{"not_picked":["HollowMod:DesolateDive","HollowMod:HowlingWraiths"],"picked":"HollowMod:SoulEater","floor":2},{"not_picked":["HollowMod:CloakDash","HollowMod:HowlingWraiths"],"picked":"HollowMod:ChannelNail","floor":3},{"not_picked":["HollowMod:ChannelNail","HollowMod:SharpenedNail","HollowMod:SiblingsShadow"],"picked":"SKIP","floor":4},{"not_picked":["HollowMod:SharpenedShadows","HollowMod:VengefulVoid"],"picked":"HollowMod:PureNailStrike","floor":5},{"not_picked":["HollowMod:HeavyBlow","HollowMod:DreamGate+1"],"picked":"HollowMod:TaintedHusks+1","floor":6},{"not_picked":["HollowMod:ElderbugsWisdom","HollowMod:InfectedAttack"],"picked":"HollowMod:Grubsong","floor":10},{"not_picked":["HollowMod:ShadowDash+1","HollowMod:NewLittleFool"],"picked":"HollowMod:DoubleDash+1","floor":14},{"not_picked":["HollowMod:Hiveblood+1","HollowMod:ElderbugsWisdom"],"picked":"HollowMod:ZotesMagnificence","floor":16},{"not_picked":["HollowMod:HeavyBlow","HollowMod:DescendingDark"],"picked":"HollowMod:InfectedCysts","floor":18},{"not_picked":["HollowMod:ShadowDash+1","HollowMod:NewLittleFool"],"picked":"HollowMod:CornifersMapStart+1","floor":19},{"not_picked":["HollowMod:SoulSplash+1","HollowMod:WraithStrike+1"],"picked":"HollowMod:PureNailStrike+1","floor":20},{"not_picked":["HollowMod:InfectionAssault","HollowMod:DescendingDark"],"picked":"HollowMod:MantisMark+1","floor":21},{"not_picked":["HollowMod:FastStrike+1","HollowMod:VengefulSpirit+1"],"picked":"HollowMod:CycloneSlash","floor":25},{"not_picked":["HollowMod:DashSlash","HollowMod:CoiledNail+1"],"picked":"HollowMod:SiblingsSouls+1","floor":29},{"not_picked":["HollowMod:DescendingDark","HollowMod:VengefulVoid"],"picked":"HollowMod:SoulMaster","floor":31}],"player_experience":133855,"relics_obtained":[{"floor":6,"key":"Toxic Egg 2"},{"floor":9,"key":"Pen Nib"},{"floor":10,"key":"Ancient Tea Set"},{"floor":21,"key":"Red Mask"},{"floor":25,"key":"Orichalcum"},{"floor":26,"key":"Bag of Marbles"}],"event_choices":[{"damage_healed":0,"gold_gain":0,"player_choice":"Fought Bandits","damage_taken":0,"max_hp_gain":0,"max_hp_loss":0,"event_name":"Masked Bandits","floor":21,"gold_loss":0},{"damage_healed":0,"gold_gain":0,"player_choice":"Ignored","damage_taken":0,"max_hp_gain":0,"max_hp_loss":0,"event_name":"Ghosts","floor":24,"gold_loss":0},{"damage_healed":0,"gold_gain":0,"player_choice":"Simplicity","damage_taken":0,"max_hp_gain":0,"max_hp_loss":0,"event_name":"Back to Basics","floor":30,"gold_loss":0,"cards_upgraded":["HollowMod:NailStrikeStart","HollowMod:NailStrikeStart","HollowMod:NailStrikeStart","HollowMod:NailStrikeStart","HollowMod:QuickDashStart","HollowMod:QuickDashStart","HollowMod:QuickDashStart","HollowMod:QuickDashStart"]}],"is_beta":false,"boss_relics":[{"not_picked":["Black Star","Runic Dome"],"picked":"Fusion Hammer"}],"items_purged_floors":[],"is_endless":false,"potions_floor_spawned":[4,5,6,10,14,20,21,25,29,31],"killed_by":"Champ","ascension_level":0}}