{"host":"ha6p5pdchuduffeg","time":1612173690,"event":{"mods":["Act Like it!","BaseMod","Downfall","Gensokyo","KinomotoSakuraMod(ƒæ÷Æ±æ”£)","Koishi","Marisa£®ÏF”Í°°ƒß¿Ì…≥£©","Minty Spire (QoL Compilation)","Reimu£®≤©¿ˆ¡È√Œ£©","Remilia£®¿Ÿ√◊¿Ú—«£©","Replay The Spire","Spicy Shops","StSLib","The Administrix","The Hierophant","The Senshi","The Servant 0.9.4","Waifu the Spire","Youmu£®ªÍ∆«—˝√Œ£©"],"gold_per_floor":[113,113,113,113,113,113,141,141,166,226,239,94,119,132,132,232,232],"floor_reached":16,"language":"ZHS","playtime":528,"items_purged":[],"score":256,"play_id":"0cf23a71-ef2a-4821-b971-0a5ef3653b7f","local_time":"20210201180130","is_ascension_mode":false,"campfire_choices":[{"data":"AdministrixMod:TouchOfCinnabar","floor":6,"key":"SMITH"},{"data":"AdministrixMod:ImmortalGrace","floor":8,"key":"SMITH"},{"floor":15,"key":"REST"}],"circlet_count":0,"master_deck":["AdministrixMod:Strike_Administrix+1","AdministrixMod:Strike_Administrix","AdministrixMod:Strike_Administrix","AdministrixMod:Strike_Administrix+1","AdministrixMod:RedCloak","AdministrixMod:Defend_Administrix","AdministrixMod:Defend_Administrix+1","AdministrixMod:Defend_Administrix+1","AdministrixMod:Defend_Administrix","AdministrixMod:BlueCloak","AdministrixMod:TouchOfCinnabar+1","AdministrixMod:ImmortalGrace+1","AdministrixMod:BattleforgedBonds"],"relics":["AdministrixMod:ConductorRitualBaton","NeowsBlessing","Replay:Kaleidoscope","PreservedInsect","Bag of Preparation","Gremlin Food","Bronze Scales"],"acts_visited":["Exordium"],"potions_floor_usage":[],"damage_taken":[{"damage":0,"enemies":"2 Louse","floor":1,"turns":1},{"damage":0,"enemies":"Lagavulin","floor":7,"turns":1},{"damage":0,"enemies":"Gremlin Nob","floor":10,"turns":1},{"damage":0,"enemies":"Jaw Worm","floor":11,"turns":3},{"damage":0,"enemies":"Replay:BlueRogue","floor":13,"turns":4},{"damage":1,"enemies":"Small Slimes","floor":14,"turns":3},{"damage":0,"enemies":"The Guardian","floor":16,"turns":13}],"seed_played":"6135040230355783502","potions_obtained":[{"floor":10,"key":"LiquidMemories"},{"floor":11,"key":"Flashbang"}],"is_trial":false,"path_per_floor":["M","?","$","?","?","R","E","R","T","?","M","$","E","M","R","B"],"character_chosen":"TheAdministrix","items_purchased":["Gremlin Food"],"campfire_rested":1,"item_purchase_floors":[12],"current_hp_per_floor":[65,65,65,70,56,56,56,56,56,56,56,56,56,55,70,70,70],"gold":232,"neow_bonus":"THREE_ENEMY_KILL","is_daily":false,"chose_seed":false,"campfire_upgraded":2,"win_rate":0.0,"timestamp":1612173690,"path_taken":["M","?","$","?","?","R","E","R","T","?","M","$","E","M","R","BOSS"],"items_purchased_type":["Relic"],"build_version":"2020-12-22","purchased_purges":0,"victory":false,"max_hp_per_floor":[65,65,65,70,70,70,70,70,70,70,70,70,70,70,70,70,70],"card_choices":[{"not_picked":["AdministrixMod:CrackingPangu","AdministrixMod:CastOffRegrets"],"picked":"AdministrixMod:TouchOfCinnabar","floor":1},{"not_picked":["AdministrixMod:SipOfSparks","AdministrixMod:PlateOfAntiquity"],"picked":"AdministrixMod:ImmortalGrace","floor":7},{"not_picked":["AdministrixMod:NewWardrobe","AdministrixMod:TrickOfTheLight"],"picked":"AdministrixMod:BattleforgedBonds","floor":10},{"not_picked":["AdministrixMod:FuneraryRites","AdministrixMod:RegentEdict","AdministrixMod:PassageOfAges"],"picked":"SKIP","floor":11},{"not_picked":["AdministrixMod:GuanyinBlessing","AdministrixMod:RebukeDesires","AdministrixMod:Wuji"],"picked":"SKIP","floor":13},{"not_picked":["AdministrixMod:MixOfMercury","AdministrixMod:QuietConspiracy","AdministrixMod:SealAway"],"picked":"SKIP","floor":14}],"player_experience":106495,"relics_obtained":[{"floor":7,"key":"Replay:Kaleidoscope"},{"floor":9,"key":"PreservedInsect"},{"floor":10,"key":"Bag of Preparation"},{"floor":13,"key":"Bronze Scales"}],"event_choices":[{"damage_healed":0,"gold_gain":0,"player_choice":"Donut","damage_taken":0,"max_hp_gain":5,"max_hp_loss":0,"event_name":"Big Fish","floor":4,"gold_loss":0},{"damage_healed":0,"gold_gain":0,"player_choice":"Entered Light","damage_taken":14,"max_hp_gain":0,"max_hp_loss":0,"event_name":"Shining Light","floor":5,"gold_loss":0,"cards_upgraded":["AdministrixMod:Strike_Administrix","AdministrixMod:Defend_Administrix"]},{"damage_healed":0,"gold_gain":0,"player_choice":"Searched \u00272\u0027 times","damage_taken":0,"max_hp_gain":0,"max_hp_loss":0,"event_name":"Dead Adventurer","floor":10,"gold_loss":0}],"is_beta":false,"boss_relics":[],"items_purged_floors":[],"is_endless":false,"potions_floor_spawned":[10,11],"killed_by":"The Guardian","ascension_level":0}}