{"host":"eswokialmqjd9jwx","time":1612195152,"event":{"mods":["AchievementEnabler","BaseMod","Colored Map","DeckTracker","KOR Keyword Fix","Minty Spire (QoL Compilation)","StSLib","SuperFastMode"],"gold_per_floor":[113,38,138,153,205,232,232,232,232,41,66,85,101,101,101,194,194,215,115,0,0,0,0,15,15,41,59,74,88,88,88],"floor_reached":30,"language":"KOR","playtime":722,"items_purged":["Strike_G","Strike_G"],"score":510,"play_id":"43a5ac28-0d5f-46aa-ac09-895b55493405","local_time":"20210202005912","is_ascension_mode":true,"campfire_choices":[{"data":"Bouncing Flask","floor":7.0,"key":"SMITH"},{"floor":15.0,"key":"REST"},{"data":"Night Terror","floor":23,"key":"SMITH"},{"floor":25,"key":"REST"}],"circlet_count":0,"master_deck":["AscendersBane","Strike_G","Defend_G","Defend_G","Defend_G","Defend_G","Survivor","Neutralize","Bouncing Flask+1","PiercingWail","Prepared","Crippling Poison","Catalyst","Malaise","Heel Hook","Noxious Fumes","Night Terror+1","Well Laid Plans","RitualDagger","Accuracy","Cloak And Dagger","Escape Plan"],"relics":["Ring of the Snake","NeowsBlessing","Nunchaku","Toy Ornithopter","Golden Idol","Regal Pillow","SacredBark","Potion Belt"],"acts_visited":["Exordium","TheCity"],"potions_floor_usage":[29,29,29],"damage_taken":[{"damage":0.0,"enemies":"Small Slimes","floor":1.0,"turns":1.0},{"damage":0.0,"enemies":"Cultist","floor":4.0,"turns":1.0},{"damage":0.0,"enemies":"Lagavulin","floor":6.0,"turns":1.0},{"damage":0.0,"enemies":"2 Louse","floor":11.0,"turns":3.0},{"damage":13.0,"enemies":"Large Slime","floor":12.0,"turns":6.0},{"damage":19.0,"enemies":"Exordium Thugs","floor":13.0,"turns":5.0},{"damage":20.0,"enemies":"Hexaghost","floor":16.0,"turns":7.0},{"damage":18.0,"enemies":"Chosen","floor":18.0,"turns":7.0},{"damage":22,"enemies":"Shell Parasite","floor":24,"turns":8},{"damage":15,"enemies":"Centurion and Healer","floor":27,"turns":7},{"damage":22,"enemies":"Shelled Parasite and Fungi","floor":28,"turns":7},{"damage":18,"enemies":"3 Cultists","floor":29,"turns":6},{"damage":2,"enemies":"Chosen and Byrds","floor":30,"turns":3}],"seed_played":"-8246915883924391542","potions_obtained":[{"floor":1.0,"key":"Weak Potion"},{"floor":6.0,"key":"Strength Potion"},{"floor":13.0,"key":"Strength Potion"},{"floor":18.0,"key":"Weak Potion"},{"floor":28,"key":"ColorlessPotion"}],"is_trial":false,"path_per_floor":["M","?","?","M","T","E","R","?","T","$","M","M","M","?","R","B",null,"M","$","?","?","?","R","M","R","T","M","M","M","M"],"character_chosen":"THE_SILENT","items_purchased":["Crippling Poison","Catalyst"],"campfire_rested":2,"item_purchase_floors":[10,10],"current_hp_per_floor":[59,59,59,59,59,59,59,59,59,59,59,46,27,27,60,40,55,37,37,37,31,31,31,9,42,42,27,5,2,0,0],"gold":88,"neow_bonus":"THREE_ENEMY_KILL","is_daily":false,"chose_seed":false,"campfire_upgraded":2,"win_rate":0.0,"timestamp":1612195152,"path_taken":["M","?","?","?","?","E","R","?","T","$","M","M","M","?","R","BOSS","M","$","?","?","?","R","M","R","T","M","M","M","?"],"items_purchased_type":["Card","Card"],"build_version":"2020-12-22","purchased_purges":2,"victory":false,"max_hp_per_floor":[66,66,66,66,66,66,66,60,60,60,60,60,60,60,60,60,60,60,60,60,60,60,60,60,60,60,60,60,60,60,60],"card_choices":[{"not_picked":["Terror","Bane"],"picked":"Bouncing Flask","floor":1.0},{"not_picked":["Poisoned Stab","Infinite Blades"],"picked":"PiercingWail","floor":4.0},{"not_picked":["Predator","Deflect"],"picked":"Prepared","floor":6.0},{"not_picked":["Deadly Poison","Dodge and Roll"],"picked":"Malaise","floor":11.0},{"not_picked":["PiercingWail","Reflex"],"picked":"Heel Hook","floor":12.0},{"not_picked":["Backflip","Cloak And Dagger"],"picked":"Noxious Fumes","floor":13.0},{"not_picked":["Phantasmal Killer","After Image"],"picked":"Night Terror","floor":16.0},{"not_picked":["Skewer","Acrobatics"],"picked":"Well Laid Plans","floor":18.0},{"not_picked":["Backstab","Infinite Blades","Dagger Spray+1"],"picked":"SKIP","floor":24},{"not_picked":["Noxious Fumes","Riddle With Holes","Quick Slash"],"picked":"SKIP","floor":27},{"not_picked":["Noxious Fumes","Riddle With Holes","Quick Slash"],"picked":"SKIP","floor":27},{"not_picked":["Skewer","Bane"],"picked":"Escape Plan","floor":28},{"not_picked":["Dodge and Roll","Quick Slash","Choke"],"picked":"SKIP","floor":29}],"player_experience":1176641,"relics_obtained":[{"floor":5.0,"key":"Nunchaku"},{"floor":6.0,"key":"Toy Ornithopter"},{"floor":9.0,"key":"Regal Pillow"},{"floor":26,"key":"Potion Belt"}],"event_choices":[{"cards_removed":["Defend_G"],"damage_healed":0.0,"max_hp_gain":0.0,"max_hp_loss":0.0,"gold_gain":0.0,"event_name":"The Cleric","player_choice":"Card Removal","floor":2.0,"gold_loss":75.0,"damage_taken":0.0},{"damage_healed":0.0,"max_hp_gain":0.0,"max_hp_loss":0.0,"gold_gain":100.0,"event_name":"Wheel of Change","player_choice":"Gold","floor":3.0,"gold_loss":0.0,"damage_taken":0.0},{"damage_healed":0.0,"max_hp_gain":0.0,"max_hp_loss":6.0,"gold_gain":0.0,"event_name":"Golden Idol","player_choice":"Lose Max HP","floor":8.0,"gold_loss":0.0,"damage_taken":0.0,"relics_obtained":["Golden Idol"]},{"damage_healed":0.0,"max_hp_gain":0.0,"max_hp_loss":0.0,"gold_gain":0.0,"event_name":"Lab","player_choice":"Got Potions","floor":14.0,"gold_loss":0.0,"damage_taken":0.0},{"damage_healed":0,"gold_gain":0,"player_choice":"Paid Fearfully","damage_taken":0,"max_hp_gain":0,"max_hp_loss":0,"event_name":"Masked Bandits","floor":20,"gold_loss":115},{"damage_healed":0,"gold_gain":0,"player_choice":"Joined the Cult","damage_taken":6,"max_hp_gain":0,"max_hp_loss":0,"event_name":"Nest","floor":21,"gold_loss":0,"cards_obtained":["RitualDagger"]},{"damage_healed":0,"gold_gain":0,"cards_transformed":["Strike_G","Strike_G"],"player_choice":"Became Test Subject","damage_taken":0,"max_hp_gain":0,"max_hp_loss":0,"event_name":"Drug Dealer","floor":22,"gold_loss":0,"cards_obtained":["Accuracy","Cloak And Dagger"]}],"is_beta":false,"boss_relics":[{"not_picked":["Pandora\u0027s Box","Empty Cage"],"picked":"SacredBark"}],"items_purged_floors":[10,19],"is_endless":false,"potions_floor_spawned":[1,6,13,18,24,28],"killed_by":"Chosen and Byrds","ascension_level":20}}