{"host":"d5i1qeb9dejicw1z","time":1612213281,"event":{"mods":["AchievementEnabler","BaseMod","Better Note","BetterRewards","Evolution","Gold Saver","Minty Spire (QoL Compilation)","Permanent Neow","Relic Filter Mod","Reliquary","StSLib"],"gold_per_floor":[344,324,341,63,63,63,63,98,98,98,133,146,146,158,158,236,236,252,55,68,68,68,97,97,97,97,116,134,134,159,172,172,250,250,263,263,263],"floor_reached":36,"language":"ENG","playtime":1153,"items_purged":[],"score":805,"play_id":"2247a2b1-3ed1-4af2-8dcd-b330782c1aec","local_time":"20210201130121","is_ascension_mode":true,"campfire_choices":[{"data":"Barrage","floor":6,"key":"SMITH"},{"floor":10,"key":"REST"},{"floor":15,"key":"REST"},{"data":"Barrage","floor":24,"key":"SMITH"},{"floor":32,"key":"REST"}],"circlet_count":0,"master_deck":["AscendersBane","Barrage+1","Barrage+1","Barrage","Conserve Battery","Conserve Battery","Conserve Battery+1","Conserve Battery","Zap+1","Dualcast+1","Glacier","Cold Snap","Mayhem+1","Chill","Electrodynamics","Defragment"],"relics":["FrozenCore","EVO:Axolotl","Mummified Hand","Bronze Scales","Darkstone Periapt","InkBottle","Bag of Marbles","Inserter","NlothsMask","Symbiotic Virus","Red Mask"],"acts_visited":["Exordium","TheCity","TheBeyond"],"potions_floor_usage":[8,16,16,20,23,28,35],"damage_taken":[{"damage":0,"enemies":"Small Slimes","floor":1,"turns":4},{"damage":0,"enemies":"Cultist","floor":3,"turns":3},{"damage":13,"enemies":"Lagavulin","floor":8,"turns":5},{"damage":3,"enemies":"3 Sentries","floor":11,"turns":7},{"damage":0,"enemies":"2 Louse","floor":12,"turns":2},{"damage":1,"enemies":"Looter","floor":14,"turns":3},{"damage":7,"enemies":"Slime Boss","floor":16,"turns":8},{"damage":8,"enemies":"2 Thieves","floor":18,"turns":3},{"damage":1,"enemies":"Chosen","floor":20,"turns":4},{"damage":8,"enemies":"Gremlin Leader","floor":23,"turns":4},{"damage":0,"enemies":"3 Cultists","floor":27,"turns":3},{"damage":5,"enemies":"Snake Plant","floor":28,"turns":4},{"damage":3,"enemies":"Masked Bandits","floor":30,"turns":4},{"damage":20,"enemies":"Cultist and Chosen","floor":31,"turns":6},{"damage":31,"enemies":"Champ","floor":33,"turns":8},{"damage":3,"enemies":"3 Darklings","floor":35,"turns":5},{"damage":64,"enemies":"2 Orb Walkers","floor":36,"turns":5}],"seed_played":"-2536502439964043865","potions_obtained":[{"floor":2,"key":"Fire Potion"},{"floor":12,"key":"Strength Potion"},{"floor":14,"key":"FocusPotion"},{"floor":16,"key":"FocusPotion"},{"floor":18,"key":"Fire Potion"},{"floor":23,"key":"Regen Potion"},{"floor":33,"key":"Weak Potion"}],"is_trial":false,"path_per_floor":["M","?","M","$","?","R","?","E","T","R","E","M","?","M","R","B",null,"M","$","M","?","?","E","R","$","T","M","M","?","?","M","R","B",null,"M","?"],"character_chosen":"DEFECT","items_purchased":["Mummified Hand","Mayhem"],"campfire_rested":3,"item_purchase_floors":[4,19],"current_hp_per_floor":[71,71,71,71,71,71,48,35,35,58,55,55,44,43,66,59,73,65,65,64,64,64,56,56,56,56,56,63,63,60,40,63,32,67,64,0,0],"gold":263,"neow_bonus":"UPGRADE_CARD","is_daily":false,"chose_seed":false,"campfire_upgraded":2,"win_rate":0.0,"timestamp":1612213281,"path_taken":["M","?","?","$","?","R","?","E","T","R","E","M","?","M","R","BOSS","M","$","M","?","?","E","R","$","T","M","M","?","?","M","R","BOSS","M","?"],"items_purchased_type":["Relic","Card"],"build_version":"2020-12-22","purchased_purges":0,"victory":false,"max_hp_per_floor":[78,78,78,78,78,78,78,78,78,78,78,78,78,78,78,78,78,78,78,78,78,78,78,78,78,78,78,78,78,78,78,78,78,78,78,78,78],"card_choices":[{"not_picked":["Steam","Leap","Hologram"],"picked":"SKIP","floor":1},{"not_picked":["Beam Cell","Sweeping Beam","Go for the Eyes"],"picked":"SKIP","floor":3},{"not_picked":["Capacitor","Stack"],"picked":"Glacier","floor":8},{"not_picked":["Recycle","Reprogram","Creative AI"],"picked":"SKIP","floor":11},{"not_picked":["Reinforced Body","Doom and Gloom","Stack"],"picked":"SKIP","floor":12},{"not_picked":["Stack","BootSequence"],"picked":"Cold Snap","floor":14},{"not_picked":["Cold Snap","Genetic Algorithm","Stack+1"],"picked":"SKIP","floor":18},{"not_picked":["Reprogram","Steam","Fusion"],"picked":"SKIP","floor":20},{"not_picked":["Streamline","Reinforced Body"],"picked":"Chill","floor":23},{"not_picked":["Sweeping Beam","Hologram+1","Heatsinks+1"],"picked":"SKIP","floor":27},{"not_picked":["Gash+1","Streamline","Go for the Eyes"],"picked":"SKIP","floor":28},{"not_picked":["Capacitor","Hyperbeam","Conserve Battery"],"picked":"SKIP","floor":31},{"not_picked":["Seek","Fission"],"picked":"Electrodynamics","floor":33},{"not_picked":["Redo","Hologram"],"picked":"Defragment","floor":35}],"player_experience":1228891,"relics_obtained":[{"floor":8,"key":"Bronze Scales"},{"floor":9,"key":"Darkstone Periapt"},{"floor":11,"key":"InkBottle"},{"floor":23,"key":"Symbiotic Virus"},{"floor":30,"key":"Red Mask"}],"event_choices":[{"damage_healed":0,"gold_gain":0,"player_choice":"Bought 1 Potion","damage_taken":0,"max_hp_gain":0,"max_hp_loss":0,"event_name":"The Woman in Blue","floor":2,"gold_loss":0},{"damage_healed":0,"gold_gain":0,"player_choice":"Ignored","damage_taken":0,"max_hp_gain":0,"max_hp_loss":0,"event_name":"Golden Idol","floor":5,"gold_loss":0},{"damage_healed":0,"gold_gain":0,"player_choice":"Entered Light","damage_taken":23,"max_hp_gain":0,"max_hp_loss":0,"event_name":"Shining Light","floor":7,"gold_loss":0,"cards_upgraded":["Dualcast","Conserve Battery"]},{"damage_healed":0,"gold_gain":0,"player_choice":"Success","damage_taken":11,"relics_obtained":["Bag of Marbles"],"max_hp_gain":0,"max_hp_loss":0,"event_name":"Scrap Ooze","floor":13,"gold_loss":0},{"damage_healed":0,"gold_gain":0,"player_choice":"Trade","damage_taken":0,"relics_obtained":["NlothsMask"],"max_hp_gain":0,"max_hp_loss":0,"event_name":"FaceTrader","floor":21,"gold_loss":0},{"damage_healed":0,"gold_gain":0,"player_choice":"Forge","damage_taken":0,"max_hp_gain":0,"max_hp_loss":0,"event_name":"Accursed Blacksmith","floor":22,"gold_loss":0,"cards_upgraded":["Mayhem"]},{"cards_removed":["Barrage"],"damage_healed":0,"gold_gain":0,"player_choice":"Purged","damage_taken":0,"max_hp_gain":0,"max_hp_loss":0,"event_name":"Purifier","floor":29,"gold_loss":0},{"damage_healed":0,"gold_gain":0,"player_choice":"Fought Bandits","damage_taken":0,"max_hp_gain":0,"max_hp_loss":0,"event_name":"Masked Bandits","floor":30,"gold_loss":0},{"damage_healed":0,"gold_gain":0,"player_choice":"Fight","damage_taken":0,"max_hp_gain":0,"max_hp_loss":0,"event_name":"Mysterious Sphere","floor":36,"gold_loss":0}],"is_beta":false,"boss_relics":[{"not_picked":["SacredBark","Ectoplasm"],"picked":"Inserter"},{"not_picked":["reliquary:RedPaperclip","Tiny House"],"picked":"FrozenCore"}],"items_purged_floors":[],"is_endless":false,"potions_floor_spawned":[12,14,16,18,23,33],"killed_by":"2 Orb Walkers","ascension_level":20}}