{"host":"5jyeqch4fosnsiz2","time":1612203136,"event":{"mods":["BaseMod","Bestiary","Colored Map","Colored Powertips","Filter the Spire","Minty Spire (QoL Compilation)","Relic Stats","StSLib","Waifu the Spire","ojb\u0027s Better Paths Mod","ojb\u0027s Info Mod"],"gold_per_floor":[119,132,132,132,152,179,179,26,26,26,26],"floor_reached":10,"language":"ENG","playtime":204,"items_purged":[],"score":66,"play_id":"6828baca-e03f-45a0-b818-29b03b8f4d63","local_time":"20210201131216","is_ascension_mode":false,"campfire_choices":[],"circlet_count":0,"master_deck":["Strike_B+1","Strike_B","Strike_B","Defend_B","Defend_B+1","Defend_B","Defend_B","Zap","Dualcast","Cold Snap","Rebound","Hologram","Rainbow+1"],"relics":["Cracked Core","NeowsBlessing","Toxic Egg 2","PrismaticShard","The Courier"],"acts_visited":["Exordium"],"potions_floor_usage":[6,10],"damage_taken":[{"damage":0,"enemies":"Cultist","floor":1,"turns":1},{"damage":0,"enemies":"Small Slimes","floor":2,"turns":1},{"damage":0,"enemies":"Jaw Worm","floor":5,"turns":1},{"damage":47,"enemies":"Lagavulin","floor":6,"turns":7},{"damage":21,"enemies":"Gremlin Nob","floor":10,"turns":3}],"seed_played":"708919390636042538","potions_obtained":[{"floor":2,"key":"Swift Potion"},{"floor":6,"key":"Fire Potion"}],"is_trial":false,"path_per_floor":["M","M","?","?","M","E","?","$","T","E"],"character_chosen":"DEFECT","items_purchased":["PrismaticShard"],"campfire_rested":0,"item_purchase_floors":[8],"current_hp_per_floor":[75,75,60,60,60,13,6,6,6,0,0],"gold":26,"neow_bonus":"THREE_ENEMY_KILL","is_daily":false,"chose_seed":false,"campfire_upgraded":0,"win_rate":0.0,"timestamp":1612203136,"path_taken":["M","?","?","?","M","E","?","?","T","E"],"items_purchased_type":["Relic"],"build_version":"2020-12-22","purchased_purges":0,"victory":false,"max_hp_per_floor":[75,75,75,75,75,75,75,75,75,75,75],"relic_stats":{"counters":[5,13],"obtain_stats":[{"NeowsBlessing":0,"The Courier":9,"Toxic Egg 2":6,"Cracked Core":0,"PrismaticShard":8},{"NeowsBlessing":0,"The Courier":4,"Toxic Egg 2":4,"Cracked Core":0,"PrismaticShard":4},{"NeowsBlessing":0,"The Courier":10,"Toxic Egg 2":10,"Cracked Core":0,"PrismaticShard":10}]},"card_choices":[{"not_picked":["Steam","Hologram"],"picked":"Cold Snap","floor":1},{"not_picked":["Cold Snap","Stack"],"picked":"Rebound","floor":2},{"not_picked":["Steam","Ball Lightning"],"picked":"Hologram","floor":5},{"not_picked":["Turbo+1","Beam Cell"],"picked":"Rainbow+1","floor":6}],"player_experience":369269,"relics_obtained":[{"floor":6,"key":"Toxic Egg 2"},{"floor":9,"key":"The Courier"}],"event_choices":[{"damage_healed":0,"gold_gain":0,"player_choice":"Entered Light","damage_taken":15,"max_hp_gain":0,"max_hp_loss":0,"event_name":"Shining Light","floor":3,"gold_loss":0,"cards_upgraded":["Defend_B","Strike_B"]},{"damage_healed":0,"gold_gain":0,"cards_transformed":["Strike_B"],"player_choice":"Change","damage_taken":0,"max_hp_gain":0,"max_hp_loss":0,"event_name":"Living Wall","floor":4,"gold_loss":0,"cards_obtained":["Force Field"]},{"cards_removed":["Force Field"],"damage_healed":0,"gold_gain":0,"player_choice":"Card Removal","damage_taken":7,"max_hp_gain":0,"max_hp_loss":0,"event_name":"Golden Wing","floor":7,"gold_loss":0}],"is_beta":false,"boss_relics":[],"items_purged_floors":[],"is_endless":false,"potions_floor_spawned":[2,6],"killed_by":"Gremlin Nob","ascension_level":0}}