{"host":"52m1o8iwwagurbjs","time":1612214704,"event":{"mods":["AchievementEnabler","BaseMod","Bestiary","Colored Powertips","GifTheSpireLib","Minty Spire (QoL Compilation)","Quick Restart","RNG Fix","Relic Stats","StSLib"],"gold_per_floor":[114,134,147,147,9,42,42,72,149,177,0,13,13,13,13,115,115,130,141,19,38,53,53,53,53,98,132,148,168,185,204,204,309,309,329,346,396,126,146,172,172,202,202,219,219,234,234,248,248,248,248,248,27,60,60,60],"floor_reached":55,"language":"ENG","playtime":2435,"items_purged":["Pain","Clumsy","Pain"],"score":938,"play_id":"c7d6fbaa-c03e-44f0-8657-8afd35390fd7","local_time":"20210201162504","is_ascension_mode":true,"campfire_choices":[{"data":"Electrodynamics","floor":7,"key":"SMITH"},{"data":"Defragment","floor":13,"key":"SMITH"},{"data":"Zap","floor":15,"key":"SMITH"},{"data":"Heatsinks","floor":23,"key":"SMITH"},{"data":"Coolheaded","floor":25,"key":"SMITH"},{"data":"Seek","floor":32,"key":"SMITH"},{"data":"Buffer","floor":41,"key":"SMITH"},{"floor":45,"key":"RECALL"},{"floor":47,"key":"REST"},{"data":"Seek","floor":49,"key":"SMITH"},{"data":"Master of Strategy","floor":52,"key":"SMITH"}],"circlet_count":0,"master_deck":["Strike_B","Strike_B","Defend_B","Defend_B+1","Defend_B","Defend_B+1","Zap+1","Dualcast","Electrodynamics+1","Leap","Loop+1","Conserve Battery","Echo Form","Glacier","Ball Lightning","Defragment+1","Biased Cognition","Compile Driver","Heatsinks+1","Coolheaded+1","Hyperbeam","Tempest","Seek+1","Force Field","Buffer+1","Master of Strategy+1","White Noise+1","Seek+1"],"relics":["Cracked Core","StrikeDummy","The Courier","Singing Bowl","DataDisk","Runic Capacitor","WarpedTongs","Cursed Key","Anchor","Orichalcum","Busted Crown","Prayer Wheel","Lantern","Meat on the Bone","War Paint","StoneCalendar"],"acts_visited":["Exordium","TheCity","TheBeyond","TheEnding"],"potions_floor_usage":[8,10,19,27,36,50,50,55],"damage_taken":[{"damage":10.0,"enemies":"Small Slimes","floor":1.0,"turns":2.0},{"damage":1.0,"enemies":"Jaw Worm","floor":2.0,"turns":4.0},{"damage":0.0,"enemies":"Cultist","floor":3.0,"turns":3.0},{"damage":12,"enemies":"Gremlin Nob","floor":6,"turns":4},{"damage":0,"enemies":"3 Sentries","floor":8,"turns":4},{"damage":0,"enemies":"Lagavulin","floor":10,"turns":5},{"damage":0,"enemies":"Large Slime","floor":12,"turns":3},{"damage":31,"enemies":"Slime Boss","floor":16,"turns":6},{"damage":3,"enemies":"3 Byrds","floor":18,"turns":2},{"damage":0,"enemies":"2 Thieves","floor":19,"turns":3},{"damage":6,"enemies":"Centurion and Healer","floor":21,"turns":7},{"damage":3,"enemies":"Snake Plant","floor":22,"turns":4},{"damage":0,"enemies":"Book of Stabbing","floor":27,"turns":6},{"damage":5,"enemies":"Shelled Parasite and Fungi","floor":28,"turns":3},{"damage":0,"enemies":"Snecko","floor":29,"turns":3},{"damage":0,"enemies":"Sentry and Sphere","floor":30,"turns":3},{"damage":0,"enemies":"Cultist and Chosen","floor":31,"turns":3},{"damage":2,"enemies":"Automaton","floor":33,"turns":8},{"damage":0,"enemies":"3 Shapes","floor":35,"turns":2},{"damage":18,"enemies":"3 Darklings","floor":36,"turns":4},{"damage":0,"enemies":"Mind Bloom Boss Battle","floor":37,"turns":6},{"damage":0,"enemies":"Sphere and 2 Shapes","floor":39,"turns":3},{"damage":0,"enemies":"Giant Head","floor":40,"turns":9},{"damage":0,"enemies":"Nemesis","floor":42,"turns":7},{"damage":0,"enemies":"Jaw Worm Horde","floor":44,"turns":1},{"damage":9,"enemies":"Spire Growth","floor":46,"turns":5},{"damage":0,"enemies":"4 Shapes","floor":48,"turns":2},{"damage":72,"enemies":"Awakened One","floor":50,"turns":15},{"damage":10,"enemies":"Shield and Spear","floor":54,"turns":6},{"damage":107,"enemies":"The Heart","floor":55,"turns":12}],"seed_played":"-675047438180079570","potions_obtained":[{"floor":3.0,"key":"SneckoOil"},{"floor":6,"key":"LiquidMemories"},{"floor":12,"key":"Explosive Potion"},{"floor":18,"key":"PowerPotion"},{"floor":27,"key":"BlessingOfTheForge"},{"floor":30,"key":"SteroidPotion"},{"floor":33,"key":"Dexterity Potion"},{"floor":42,"key":"DistilledChaos"}],"is_trial":false,"path_per_floor":["M","M","M","?","$","E","R","E","T","E","$","M","R","?","R","B",null,"M","M","$","M","M","R","?","R","T","E","M","M","M","M","R","B",null,"M","M","?","$","M","E","R","E","T","M","R","M","R","M","R","B",null,"R","$","E","B"],"character_chosen":"DEFECT","items_purchased":["Echo Form","Glacier","Defragment","Runic Capacitor","Heatsinks","PowerPotion","Master of Strategy","War Paint"],"campfire_rested":1,"item_purchase_floors":[5,5,11,11,20,38,38,53],"current_hp_per_floor":[65,64,64,64,64,52,52,52,52,54,54,56,56,56,56,25,79,78,78,78,74,71,71,71,71,71,71,68,68,70,72,72,70,89,91,75,77,77,81,81,81,83,83,87,87,82,109,111,111,51,111,111,111,103,0,0],"gold":60,"neow_bonus":"ONE_RANDOM_RARE_CARD","is_daily":false,"chose_seed":false,"campfire_upgraded":9,"win_rate":0.0,"timestamp":1612214704,"path_taken":["M","M","M","?","$","E","R","E","T","E","$","M","R","?","R","BOSS","M","M","$","M","?","R","?","R","T","E","?","M","M","M","R","BOSS","M","?","?","$","M","E","R","E","T","?","R","M","R","M","R","BOSS","R","$","E","BOSS"],"items_purchased_type":["Card","Card","Card","Relic","Card","Potion","Card","Relic"],"build_version":"2020-12-22","purchased_purges":3,"victory":false,"max_hp_per_floor":[75,75,75,75,75,75,75,75,75,77,77,79,79,79,79,79,79,81,81,81,83,83,83,83,83,83,83,85,85,87,89,89,89,89,91,93,95,95,99,99,99,101,101,105,105,109,109,111,111,111,111,111,111,113,113,113],"relic_stats":{"Busted Crown":28,"Singing Bowl":38,"counters":[30,144],"Prayer Wheel":4,"StoneCalendar":[52],"Orichalcum":[84],"War Paint":["Defend_B","Defend_B"],"Cursed Key":2,"obtain_stats":[{"Lantern":40,"Singing Bowl":9,"StoneCalendar":54,"The Courier":8,"Runic Capacitor":11,"Orichalcum":27,"War Paint":53,"Cursed Key":17,"WarpedTongs":14,"DataDisk":10,"Anchor":26,"Busted Crown":34,"Prayer Wheel":37,"Cracked Core":0,"StrikeDummy":6,"Meat on the Bone":42},{"Lantern":23,"Singing Bowl":5,"StoneCalendar":29,"The Courier":5,"Runic Capacitor":6,"Orichalcum":13,"War Paint":28,"Cursed Key":8,"WarpedTongs":7,"DataDisk":6,"Anchor":12,"Busted Crown":18,"Prayer Wheel":21,"Cracked Core":0,"StrikeDummy":4,"Meat on the Bone":24},{"Lantern":96,"Singing Bowl":17,"StoneCalendar":132,"The Courier":17,"Runic Capacitor":22,"Orichalcum":52,"War Paint":126,"Cursed Key":31,"WarpedTongs":25,"DataDisk":22,"Anchor":46,"Busted Crown":72,"Prayer Wheel":84,"Cracked Core":0,"StrikeDummy":13,"Meat on the Bone":103}],"WarpedTongs":[116],"Meat on the Bone":12},"card_choices":[{"not_picked":["Hologram","Go for the Eyes"],"picked":"Leap","floor":1.0},{"not_picked":["Stack","Sunder"],"picked":"Loop","floor":2.0},{"not_picked":["Barrage","Streamline"],"picked":"Conserve Battery","floor":3.0},{"not_picked":["Barrage","Compile Driver"],"picked":"Ball Lightning","floor":6},{"not_picked":["Doom and Gloom","Hello World","Stack"],"picked":"SKIP","floor":8},{"not_picked":["Redo","Hologram","Chaos"],"picked":"Singing Bowl","floor":10},{"not_picked":["Steam","Auto Shields","Stack"],"picked":"Singing Bowl","floor":12},{"not_picked":["Rainbow","Meteor Strike"],"picked":"Biased Cognition","floor":16},{"not_picked":["BootSequence","Streamline","Turbo"],"picked":"Singing Bowl","floor":18},{"not_picked":["Loop","Streamline+1"],"picked":"Compile Driver","floor":19},{"not_picked":["Beam Cell","Gash+1","Cold Snap"],"picked":"Singing Bowl","floor":21},{"not_picked":["Reinforced Body","Steam"],"picked":"Coolheaded","floor":22},{"not_picked":["FTL","Compile Driver"],"picked":"Seek","floor":27},{"not_picked":["Steam","Compile Driver","Sweeping Beam"],"picked":"Singing Bowl","floor":28},{"not_picked":["Rebound","Streamline"],"picked":"Force Field","floor":29},{"not_picked":["Hello World","Hologram","Barrage+1"],"picked":"Singing Bowl","floor":30},{"not_picked":["Force Field","Sweeping Beam","Multi-Cast"],"picked":"Singing Bowl","floor":31},{"not_picked":["All For One","Echo Form"],"picked":"Buffer","floor":33},{"not_picked":["Ball Lightning"],"picked":"Singing Bowl","floor":35},{"not_picked":["Turbo+1"],"picked":"Singing Bowl","floor":36},{"not_picked":["Turbo"],"picked":"Singing Bowl","floor":37},{"not_picked":["Rebound"],"picked":"Singing Bowl","floor":39},{"not_picked":["Go for the Eyes+1"],"picked":"Singing Bowl","floor":39},{"not_picked":[],"picked":"White Noise+1","floor":40},{"not_picked":["Gash"],"picked":"Singing Bowl","floor":42},{"not_picked":["Tempest"],"picked":"Singing Bowl","floor":44},{"not_picked":["Hologram"],"picked":"Singing Bowl","floor":44},{"not_picked":["Scrape"],"picked":"Singing Bowl","floor":46},{"not_picked":["Rebound+1"],"picked":"Singing Bowl","floor":46},{"not_picked":["Aggregate+1"],"picked":"Singing Bowl","floor":48},{"not_picked":[],"picked":"Seek","floor":48},{"not_picked":["Rebound"],"picked":"Singing Bowl","floor":54}],"player_experience":1274689,"relics_obtained":[{"floor":6,"key":"StrikeDummy"},{"floor":8,"key":"The Courier"},{"floor":9,"key":"Singing Bowl"},{"floor":10,"key":"DataDisk"},{"floor":26,"key":"Anchor"},{"floor":27,"key":"Orichalcum"},{"floor":37,"key":"Prayer Wheel"},{"floor":40,"key":"Lantern"},{"floor":42,"key":"Meat on the Bone"},{"floor":54,"key":"StoneCalendar"}],"event_choices":[{"damage_healed":0.0,"max_hp_gain":0.0,"max_hp_loss":0.0,"gold_gain":0.0,"event_name":"Upgrade Shrine","player_choice":"Upgraded","floor":4.0,"gold_loss":0.0,"damage_taken":0.0,"cards_upgraded":["Loop"]},{"damage_healed":0,"gold_gain":0,"player_choice":"Rummage","damage_taken":0,"relics_obtained":["WarpedTongs"],"max_hp_gain":0,"max_hp_loss":0,"event_name":"Accursed Blacksmith","floor":14,"gold_loss":0,"cards_obtained":["Pain"]},{"damage_healed":0,"gold_gain":0,"cards_transformed":["Strike_B","Strike_B"],"player_choice":"Became Test Subject","damage_taken":0,"max_hp_gain":0,"max_hp_loss":0,"event_name":"Drug Dealer","floor":24,"gold_loss":0,"cards_obtained":["Hyperbeam","Tempest"]},{"damage_healed":0,"gold_gain":0,"player_choice":"Fight","damage_taken":0,"max_hp_gain":0,"max_hp_loss":0,"event_name":"MindBloom","floor":37,"gold_loss":0}],"is_beta":false,"boss_relics":[{"not_picked":["Runic Dome","Velvet Choker"],"picked":"Cursed Key"},{"not_picked":["Runic Pyramid","Snecko Eye"],"picked":"Busted Crown"}],"items_purged_floors":[20,38,53],"is_endless":false,"potions_floor_spawned":[3,6,12,18,27,30,33,39,42,46,48],"killed_by":"The Heart","ascension_level":1}}