{"host":"l15sdf2mmi0nobpi","time":1612186420,"event":{"mods":["ATMod(阿瑾Mod)","BaseMod","Highlight Path","Minty Spire (QoL Compilation)","Quick Restart","Remilia（蕾米莉亚）","StSLib","【功能Mod】Neow奖励"],"gold_per_floor":[114,129,159,179,67,67,67,67,67,67,98,138,138,38,38,110,110,141,16,54,54,54,54,54],"floor_reached":23,"language":"ZHS","playtime":973,"items_purged":["Strike_RM","Strike_RM","Strike_RM"],"score":378,"play_id":"9ca47186-bc9d-480a-887e-071dfeb4ac8b","local_time":"20210201213340","is_ascension_mode":true,"campfire_choices":[{"data":"VampireFantasy","floor":6.0,"key":"SMITH"},{"data":"AT_Desolate","floor":8.0,"key":"SMITH"},{"data":"EternalNight","floor":10.0,"key":"SMITH"},{"data":"RedMoon","floor":15.0,"key":"SMITH"}],"circlet_count":0,"master_deck":["AscendersBane","Strike_RM","Defend_RM","Defend_RM","Defend_RM","Defend_RM","RedMoon+1","ScarletShoot","AT_Desolate+1","ForecastOfChange","VampireKiss","FavorOfDestiny","VampireFantasy+1","EternalNight+1","ScarletMeister","VampireFantasy"],"relics":["ScarletHat","DevilEmblem","AT_ATBox","AT_ForceNature","Runic Pyramid"],"acts_visited":["Exordium","TheCity"],"potions_floor_usage":[],"damage_taken":[{"damage":0.0,"enemies":"Cultist","floor":1.0,"turns":4.0},{"damage":0.0,"enemies":"Jaw Worm","floor":2.0,"turns":4.0},{"damage":0.0,"enemies":"2 Louse","floor":3.0,"turns":2.0},{"damage":1.0,"enemies":"2 Fungi Beasts","floor":4.0,"turns":4.0},{"damage":12.0,"enemies":"Gremlin Nob","floor":11.0,"turns":4.0},{"damage":9.0,"enemies":"Lots of Slimes","floor":12.0,"turns":7.0},{"damage":28.0,"enemies":"The Guardian","floor":16.0,"turns":13.0},{"damage":22.0,"enemies":"3 Byrds","floor":18.0,"turns":9.0},{"damage":4,"enemies":"Spheric Guardian","floor":20,"turns":9},{"damage":68,"enemies":"Slavers","floor":23,"turns":5}],"seed_played":"8486621939252385886","potions_obtained":[{"floor":2.0,"key":"SkillPotion"},{"floor":12.0,"key":"Dexterity Potion"},{"floor":20,"key":"Swift Potion"}],"is_trial":false,"path_per_floor":["M","M","M","M","$","R","$","R","T","R","E","M","?","$","R","B",null,"M","$","M","?","$","E"],"character_chosen":"REMILIA","items_purchased":["EternalNight"],"campfire_rested":0,"item_purchase_floors":[5],"current_hp_per_floor":[63,63,63,62,62,62,62,62,62,62,51,48,46,46,46,52,66,53,53,58,58,58,0,0],"gold":54,"neow_bonus":"THREE_CARDS","is_daily":false,"chose_seed":false,"campfire_upgraded":4,"win_rate":0.0,"timestamp":1612186420,"path_taken":["M","M","?","M","$","R","?","R","T","R","E","M","?","$","R","BOSS","M","?","?","?","?","E"],"items_purchased_type":["Card"],"build_version":"2020-12-22","purchased_purges":3,"victory":false,"max_hp_per_floor":[70,70,70,70,70,70,70,70,70,70,70,70,70,70,70,70,70,70,70,70,70,70,70,70],"card_choices":[{"not_picked":["ScarletGensokyo","MastersStateliness"],"picked":"ForecastOfChange","floor":0.0},{"not_picked":["ScarletImprint","NightDance"],"picked":"VampireKiss","floor":1.0},{"not_picked":["MastersStateliness","GlobalNightmare"],"picked":"FavorOfDestiny","floor":2.0},{"not_picked":["UnderTheZenith","MastersStateliness","ScarletDevil"],"picked":"SKIP","floor":3.0},{"not_picked":["UnderTheZenith","MastersStateliness","ScarletDevil"],"picked":"SKIP","floor":3.0},{"not_picked":["MastersStateliness","ScarletDevil"],"picked":"VampireFantasy","floor":4.0},{"not_picked":["MillenniumVampire","BloodyTrap","HeartBreak"],"picked":"SKIP","floor":11.0},{"not_picked":["MiserableFate","RedRainbow","BombardNight"],"picked":"SKIP","floor":12.0},{"not_picked":["TricksterDevil","ChaoticDestiny"],"picked":"ScarletMeister","floor":16.0},{"not_picked":["UnderTheZenith","Septette","ForbiddenFruit"],"picked":"SKIP","floor":18.0},{"not_picked":["BombardNight","GlobalNightmare+1"],"picked":"VampireFantasy","floor":20}],"player_experience":745823,"relics_obtained":[{"floor":9.0,"key":"AT_ForceNature"}],"event_choices":[{"damage_healed":0.0,"max_hp_gain":0.0,"max_hp_loss":0.0,"gold_gain":0.0,"event_name":"The Woman in Blue","player_choice":"Bought 0 Potions","floor":13.0,"gold_loss":0.0,"damage_taken":0.0},{"damage_healed":0,"gold_gain":0,"player_choice":"Ignored","damage_taken":0,"max_hp_gain":0,"max_hp_loss":0,"event_name":"Ghosts","floor":21,"gold_loss":0}],"is_beta":false,"boss_relics":[{"not_picked":["Tiny House","Ectoplasm"],"picked":"Runic Pyramid"}],"items_purged_floors":[5,14,19],"is_endless":false,"potions_floor_spawned":[2,12,20],"killed_by":"Slavers","ascension_level":20}}