{"host":"ccw6t0i2dpm5wyxf","time":1612209737,"event":{"mods":["AchievementEnabler","BaseMod","Colored Map","Minty Spire (QoL Compilation)","Permanent Neow","StSLib","SuperFastMode"],"gold_per_floor":[12,12,24,24,1,1,29,29,29,54,54,127,142,167,167,286,286,305,230,253,30,49,49,84,84,132,166,166,166,166,17,17,17,17],"floor_reached":33,"language":"ENG","playtime":1211,"items_purged":["Defend_R"],"score":459,"play_id":"900fe342-09ea-4fb3-b2d8-a6378a1cef90","local_time":"20210201140217","is_ascension_mode":true,"campfire_choices":[{"data":"Thunderclap","floor":6,"key":"SMITH"},{"floor":11,"key":"REST"},{"data":"Armaments","floor":15,"key":"SMITH"},{"data":"Seeing Red","floor":23,"key":"SMITH"},{"floor":25,"key":"REST"},{"floor":29,"key":"REST"},{"data":"Sadistic Nature","floor":32,"key":"SMITH"}],"circlet_count":0,"master_deck":["AscendersBane","Defend_R","Defend_R","Bash+1","Sadistic Nature+1","Rage","Shrug It Off","Thunderclap+1","Shockwave","Seeing Red+1","Flame Barrier","Armaments+1","Pommel Strike+1","Corruption","Anger+1","Feel No Pain+1","Pummel+1","Shockwave+1","Armaments+1","Power Through+1","Combust","RitualDagger","Sentinel+1"],"relics":["Burning Blood","Bronze Scales","Golden Idol","Ice Cream","Omamori","Astrolabe","Toolbox","Toxic Egg 2","Whetstone","Boot","Bag of Preparation"],"acts_visited":["Exordium","TheCity"],"potions_floor_usage":[7,16,16,20,22,22,33],"damage_taken":[{"damage":0,"enemies":"Cultist","floor":1,"turns":4},{"damage":13,"enemies":"Small Slimes","floor":3,"turns":4},{"damage":14,"enemies":"3 Sentries","floor":7,"turns":8},{"damage":0,"enemies":"Jaw Worm","floor":10,"turns":4},{"damage":18,"enemies":"3 Sentries","floor":12,"turns":5},{"damage":4,"enemies":"Looter","floor":13,"turns":5},{"damage":5,"enemies":"3 Louse","floor":14,"turns":3},{"damage":21,"enemies":"Hexaghost","floor":16,"turns":10},{"damage":0,"enemies":"3 Byrds","floor":18,"turns":4},{"damage":17,"enemies":"Shell Parasite","floor":20,"turns":5},{"damage":4,"enemies":"Centurion and Healer","floor":22,"turns":5},{"damage":50,"enemies":"Book of Stabbing","floor":24,"turns":6},{"damage":0,"enemies":"Gremlin Leader","floor":27,"turns":6},{"damage":96,"enemies":"Automaton","floor":33,"turns":12}],"seed_played":"5656205733270979606","potions_obtained":[{"floor":1,"key":"PowerPotion"},{"floor":7,"key":"HeartOfIron"},{"floor":10,"key":"SteroidPotion"},{"floor":14,"key":"AttackPotion"},{"floor":18,"key":"EntropicBrew"},{"floor":24,"key":"BlessingOfTheForge"},{"floor":27,"key":"SmokeBomb"}],"is_trial":false,"path_per_floor":["M","?","M","?","$","R","E","?","T","M","R","?","M","M","R","B",null,"M","?","M","$","M","R","E","R","T","E","?","R","?","$","R","B"],"character_chosen":"IRONCLAD","items_purchased":["Thunderclap","Toolbox","Bag of Preparation"],"campfire_rested":3,"item_purchase_floors":[5,21,31],"current_hp_per_floor":[78,78,71,64,64,64,56,36,36,42,66,54,56,57,57,42,71,77,77,66,66,68,68,24,48,48,54,48,72,72,72,72,0,0],"gold":17,"neow_bonus":"RANDOM_COLORLESS_2","is_daily":false,"chose_seed":false,"campfire_upgraded":4,"win_rate":0.0,"timestamp":1612209737,"path_taken":["M","?","M","?","?","R","E","?","T","M","R","?","M","M","R","BOSS","M","?","M","$","M","R","E","R","T","E","?","R","?","?","R","BOSS"],"items_purchased_type":["Card","Relic","Relic"],"build_version":"2020-12-22","purchased_purges":1,"victory":false,"max_hp_per_floor":[80,80,80,80,80,80,80,80,80,80,80,80,80,80,80,80,80,80,80,80,80,80,80,80,80,80,80,80,80,80,80,80,80,80],"card_choices":[{"not_picked":["Thinking Ahead","Secret Technique"],"picked":"Sadistic Nature","floor":0},{"not_picked":["Perfected Strike","Clash"],"picked":"Rage","floor":1},{"not_picked":["Iron Wave","Body Slam"],"picked":"Shrug It Off","floor":3},{"not_picked":["Iron Wave","Entrench"],"picked":"Shockwave","floor":7},{"not_picked":["Dual Wield","Hemokinesis"],"picked":"Seeing Red","floor":10},{"not_picked":["Anger","Dual Wield"],"picked":"Flame Barrier","floor":12},{"not_picked":["Rage","Cleave"],"picked":"Armaments","floor":13},{"not_picked":["Flex","Power Through"],"picked":"Pommel Strike","floor":14},{"not_picked":["Limit Break","Reaper"],"picked":"Corruption","floor":16},{"not_picked":["Havoc","Wild Strike"],"picked":"Shockwave+1","floor":18},{"not_picked":["Bloodletting","Armaments","Perfected Strike"],"picked":"SKIP","floor":20},{"not_picked":["Cleave","Battle Trance+1"],"picked":"Armaments+1","floor":22},{"not_picked":["Double Tap+1","Pummel"],"picked":"Power Through+1","floor":24},{"not_picked":["Battle Trance+1","Hemokinesis+1"],"picked":"Combust","floor":27}],"player_experience":318667,"relics_obtained":[{"floor":7,"key":"Bronze Scales"},{"floor":9,"key":"Ice Cream"},{"floor":24,"key":"Toxic Egg 2"},{"floor":26,"key":"Whetstone"},{"floor":27,"key":"Boot"}],"event_choices":[{"cards_removed":["Strike_R"],"damage_healed":0,"gold_gain":0,"player_choice":"Forget","damage_taken":0,"max_hp_gain":0,"max_hp_loss":0,"event_name":"Living Wall","floor":2,"gold_loss":0},{"cards_removed":["Strike_R"],"damage_healed":0,"gold_gain":0,"player_choice":"Card Removal","damage_taken":7,"max_hp_gain":0,"max_hp_loss":0,"event_name":"Golden Wing","floor":4,"gold_loss":0},{"damage_healed":0,"gold_gain":0,"player_choice":"Take Damage","damage_taken":20,"relics_obtained":["Golden Idol"],"max_hp_gain":0,"max_hp_loss":0,"event_name":"Golden Idol","floor":8,"gold_loss":0},{"damage_healed":0,"gold_gain":0,"player_choice":"Searched \u00273\u0027 times","damage_taken":0,"relics_obtained":["Omamori"],"max_hp_gain":0,"max_hp_loss":0,"event_name":"Dead Adventurer","floor":12,"gold_loss":0},{"cards_removed":["Defend_R"],"damage_healed":0,"gold_gain":0,"player_choice":"Gave Gold","damage_taken":0,"max_hp_gain":0,"max_hp_loss":0,"event_name":"Beggar","floor":19,"gold_loss":75},{"damage_healed":0,"gold_gain":0,"player_choice":"Joined the Cult","damage_taken":6,"max_hp_gain":0,"max_hp_loss":0,"event_name":"Nest","floor":28,"gold_loss":0,"cards_obtained":["RitualDagger"]},{"damage_healed":0,"gold_gain":0,"player_choice":"Read","damage_taken":0,"max_hp_gain":0,"max_hp_loss":0,"event_name":"The Library","floor":30,"gold_loss":0,"cards_obtained":["Sentinel"]}],"is_beta":false,"boss_relics":[{"not_picked":["Ectoplasm","Runic Cube"],"picked":"Astrolabe"}],"items_purged_floors":[21],"is_endless":false,"potions_floor_spawned":[1,7,10,14,18,24,27],"killed_by":"Automaton","ascension_level":10}}