{"host":"u0qetpmu4y58k1tf","time":1612190267,"event":{"mods":["AchievementEnabler","BaseMod","Colored Map","Colored Powertips","Hermit","Marisa£¨Ùöéë¡¡Øª×âÞÞ£©","Minty Spire (QoL Compilation)","Replay The Spire","StSLib","SuperFastMode","The Bug Knight","The Cursed","The Hierophant","The Runesmith"],"gold_per_floor":[312,387,103,118,315,315,335,18,44,44,74,91,91,55,55,55,55],"floor_reached":16,"language":"KOR","playtime":708,"items_purged":["Strike_B"],"score":113,"play_id":"ff417dd3-875f-4c10-a98f-daa5244163a7","local_time":"20210201233747","is_ascension_mode":true,"campfire_choices":[{"data":"Zap","floor":6,"key":"SMITH"},{"data":"FIFO Queue","floor":10,"key":"SMITH"},{"data":"Dualcast","floor":13,"key":"SMITH"},{"floor":15,"key":"DIG"}],"circlet_count":0,"master_deck":["Strike_B","Strike_B","Strike_B","Defend_B","Defend_B","Defend_B","Defend_B","Zap+1","Dualcast+1","Capacitor","Chill+1","FIFO Queue+1","Biased Cognition","Heatsinks"],"relics":["Cracked Core","Old Coin","Lantern","Mummified Hand","Solar Panel","FossilizedHelix"],"acts_visited":["Exordium"],"potions_floor_usage":[16,16],"damage_taken":[{"damage":2,"enemies":"Jaw Worm","floor":1,"turns":4},{"damage":2,"enemies":"2 Louse","floor":4,"turns":3},{"damage":0,"enemies":"Small Slimes","floor":7,"turns":3},{"damage":23,"enemies":"3 Sentries","floor":11,"turns":11},{"damage":1,"enemies":"Looter","floor":12,"turns":3},{"damage":26,"enemies":"The Guardian","floor":16,"turns":10}],"seed_played":"7151916734849487267","potions_obtained":[{"floor":1,"key":"Strength Potion"},{"floor":7,"key":"SkillPotion"},{"floor":11,"key":"GamblersBrew"}],"is_trial":false,"path_per_floor":["M","?","$","M","?","R","M","$","T","R","E","M","R","$","R_BF","B"],"character_chosen":"DEFECT","items_purchased":["Chill+1","Lantern","Mummified Hand","FIFO Queue","Heatsinks"],"campfire_rested":0,"item_purchase_floors":[3,3,8,8,14],"current_hp_per_floor":[73,62,62,60,42,42,42,42,42,42,19,22,22,22,22,0,0],"gold":55,"neow_bonus":"ONE_RARE_RELIC","is_daily":false,"chose_seed":false,"campfire_upgraded":3,"win_rate":0.0,"timestamp":1612190267,"path_taken":["M","?","$","M","?","R","M","$","T","R","E","M","R","?","R_BF","BOSS"],"items_purchased_type":["Card","Relic","Relic","Card","Card"],"build_version":"2020-12-22","purchased_purges":1,"victory":false,"max_hp_per_floor":[75,75,75,75,75,75,75,75,75,75,75,75,75,75,75,75,75],"card_choices":[{"not_picked":["Loop","Conserve Battery"],"picked":"Capacitor","floor":1},{"not_picked":["Steam","Reprogram","Hologram"],"picked":"SKIP","floor":4},{"not_picked":["Compile Driver","Reprogram","Leap"],"picked":"SKIP","floor":7},{"not_picked":["Turbo","Barrage"],"picked":"Biased Cognition","floor":11},{"not_picked":["Rebound","Steam","Chaos"],"picked":"SKIP","floor":12},{"not_picked":["Rebound","Steam","Chaos"],"picked":"SKIP","floor":12}],"player_experience":69073,"relics_obtained":[{"floor":11,"key":"Solar Panel"},{"floor":15,"key":"FossilizedHelix"}],"event_choices":[{"damage_healed":0,"gold_gain":75,"player_choice":"Gather Gold","damage_taken":11,"max_hp_gain":0,"max_hp_loss":0,"event_name":"World of Goop","floor":2,"gold_loss":0}],"is_beta":false,"boss_relics":[],"items_purged_floors":[3],"is_endless":false,"potions_floor_spawned":[1,7,11],"killed_by":"The Guardian","ascension_level":3}}