{"host":"klqcd4cqxrk2p1u3","time":1612151751,"event":{"mods":["BaseMod","Downfall","Minty Spire (QoL Compilation)","StSLib"],"gold_per_floor":[99,114,124,274,289,319,365,393,410,395,406,417,28,38,58,163,163,63,81,91,0,18,3,3,3,3,3],"floor_reached":25,"language":"ENG","playtime":3595,"items_purged":[],"score":257,"play_id":"40fbc580-cc5f-49d1-9163-ceb54265e2be","local_time":"20210131225551","is_ascension_mode":false,"campfire_choices":[{"floor":1,"key":"RECALL"},{"data":"bronze:ClassDefault","floor":18,"key":"SMITH"}],"circlet_count":0,"master_deck":["bronze:Strike","bronze:Strike","bronze:Strike","bronze:Strike","bronze:Defend+1","bronze:Defend","bronze:Defend","bronze:Defend+1","bronze:Replicate","bronze:Goto","bronze:ClassDefault","bronze:Backtrace","downfall:Icky","bronze:Flail","bronze:Frontload","bronze:CutThrough","bronze:DelayedGuard","bronze:ClassDefault","bronze:ClassDefault","bronze:ClassDefault+1","bronze:Branch","Master of Strategy","bronze:Fortify","bronze:DelayedSlice","bronze:CutThrough","bronze:ThunderWave","bronze:GetLatest","bronze:Separator+1","bronze:Repulsor","bronze:Optimize","bronze:Iterate+1","bronze:Iterate+1"],"relics":["bronze:BronzeCore","War Paint","Bronze Scales","Odd Mushroom","Lee\u0027s Waffle","SacredBark","downfall:HeartBlessingBlue","Dead Branch"],"acts_visited":["Exordium","TheCity"],"potions_floor_usage":[10,12],"damage_taken":[{"damage":0,"enemies":"Cultist","floor":2,"turns":5},{"damage":2,"enemies":"2 Louse","floor":3,"turns":3},{"damage":0,"enemies":"Jaw Worm","floor":5,"turns":4},{"damage":30,"enemies":"Lagavulin","floor":6,"turns":9},{"damage":0,"enemies":"The Mushroom Lair","floor":8,"turns":1},{"damage":0,"enemies":"Red Slaver","floor":9,"turns":2},{"damage":0,"enemies":"downfall:FleeingMerchant","floor":10,"turns":4},{"damage":8,"enemies":"Lots of Slimes","floor":11,"turns":3},{"damage":17,"enemies":"Exordium Thugs","floor":12,"turns":3},{"damage":0,"enemies":"downfall:FleeingMerchant","floor":13,"turns":4},{"damage":10,"enemies":"Large Slime","floor":14,"turns":7},{"damage":0,"enemies":"Red Slaver","floor":15,"turns":2},{"damage":14,"enemies":"IC_STATUS_ARCHETYPE","floor":16,"turns":8},{"damage":0,"enemies":"3 Byrds","floor":19,"turns":4},{"damage":13,"enemies":"Snake Plant","floor":20,"turns":4},{"damage":4,"enemies":"downfall:FleeingMerchant","floor":21,"turns":4},{"damage":24,"enemies":"Sentry and Sphere","floor":22,"turns":6},{"damage":25,"enemies":"downfall:FleeingMerchant","floor":23,"turns":4},{"damage":32,"enemies":"Centurion and Healer","floor":25,"turns":2}],"seed_played":"7758190579444028594","potions_obtained":[{"floor":3,"key":"Explosive Potion"},{"floor":5,"key":"SmokeBomb"},{"floor":6,"key":"ColorlessPotion"},{"floor":8,"key":"Block Potion"},{"floor":11,"key":"Guardian:BlockOnCardUsePotion"},{"floor":22,"key":"Slimebound:ThreeZeroPotion"}],"is_trial":false,"path_per_floor":["R","M","M","?","M","E","T","?","M","$","M","M","$","M","M","B",null,"R","M","M","$","M","$","T","M"],"character_chosen":"THE_AUTOMATON","items_purchased":["Lee\u0027s Waffle","Master of Strategy","bronze:Fortify","bronze:Optimize"],"campfire_rested":0,"item_purchase_floors":[13,13,13,21],"current_hp_per_floor":[70,70,68,68,68,38,38,38,38,38,30,13,77,67,67,53,77,87,87,74,70,46,21,21,0,0,0],"gold":3,"neow_bonus":"RANDOM_COMMON_RELIC","is_daily":false,"chose_seed":false,"campfire_upgraded":1,"win_rate":0.0,"timestamp":1612151751,"path_taken":["R","M","M","?","M","E","T","?","M","?","M","?","$","M","M","BOSS","R","M","M","?","?","?","T","M"],"items_purchased_type":["Relic","Card","Card","Card"],"build_version":"2020-12-22","purchased_purges":0,"victory":false,"max_hp_per_floor":[70,70,70,70,70,70,70,70,70,70,70,70,77,77,77,77,77,87,87,87,87,87,87,87,87,87,87],"card_choices":[{"not_picked":["bronze:Shield","bronze:BuggyMess"],"picked":"bronze:ClassDefault","floor":2},{"not_picked":["bronze:Return","bronze:CloningBeam"],"picked":"bronze:Backtrace","floor":3},{"not_picked":["bronze:WildBeam","bronze:BugBarrage"],"picked":"bronze:Flail","floor":5},{"not_picked":["bronze:Fortify","bronze:Overheat"],"picked":"bronze:Frontload","floor":6},{"not_picked":["bronze:ShipIt","bronze:Invalidate"],"picked":"bronze:CutThrough","floor":8},{"not_picked":["bronze:CutThrough","bronze:Frontload"],"picked":"bronze:DelayedGuard","floor":9},{"not_picked":["bronze:WildBeam","bronze:Verify"],"picked":"bronze:ClassDefault","floor":10},{"not_picked":["bronze:Allocate","bronze:Shield"],"picked":"bronze:ClassDefault","floor":11},{"not_picked":["bronze:Overheat","bronze:Iterate"],"picked":"bronze:ClassDefault","floor":12},{"not_picked":["bronze:DarkDash","bronze:CleanCode"],"picked":"bronze:Branch","floor":13},{"not_picked":["bronze:Refactor","bronze:Branch"],"picked":"bronze:DelayedSlice","floor":14},{"not_picked":["bronze:DelayedSlice","bronze:BugBarrage"],"picked":"bronze:CutThrough","floor":15},{"not_picked":["bronze:HyperBeam","bronze:Mutator"],"picked":"bronze:ThunderWave","floor":16},{"not_picked":["bronze:Refactor","bronze:FineTuning"],"picked":"bronze:GetLatest","floor":19},{"not_picked":["bronze:BitShift","bronze:Branch"],"picked":"bronze:Separator+1","floor":20},{"not_picked":["bronze:Fortify+1","bronze:Separator"],"picked":"bronze:Repulsor","floor":21},{"not_picked":["bronze:WhirlingStrike","bronze:OilSpill"],"picked":"bronze:Iterate+1","floor":22},{"not_picked":["bronze:Repulsor","bronze:CutThrough+1"],"picked":"bronze:Iterate+1","floor":23}],"player_experience":1377000,"relics_obtained":[{"floor":6,"key":"Bronze Scales"},{"floor":8,"key":"Odd Mushroom"},{"floor":24,"key":"Dead Branch"}],"event_choices":[{"damage_healed":0,"gold_gain":0,"player_choice":"Fought Mushrooms","damage_taken":0,"max_hp_gain":0,"max_hp_loss":0,"event_name":"Mushrooms","floor":8,"gold_loss":0}],"is_beta":false,"boss_relics":[{"not_picked":["Runic Dome","Coffee Dripper"],"picked":"SacredBark"}],"items_purged_floors":[],"is_endless":false,"potions_floor_spawned":[3,5,6,8,11,22],"killed_by":"Centurion and Healer","ascension_level":0}}