{"host":"4jpe1m3cviuzvkch","time":1612189184,"event":{"mods":["BaseMod","Marisa£®ÏF”Í°°ƒß¿Ì…≥£©","Minty Spire (QoL Compilation)","Remilia£®¿Ÿ√◊¿Ú—«£©","StSLib","The Servant 0.9.4","Youmu£®ªÍ∆«—˝√Œ£©"],"gold_per_floor":[113,113,123,48,116,144,160,160,184,203,216,47,80,80,80,203,203,218,218,218,293,332,367,367,402,451,451,451],"floor_reached":27,"language":"ZHS","playtime":778,"items_purged":["Strike_RM"],"score":341,"play_id":"03e101ce-3e6b-4061-8aaf-ad2e03277391","local_time":"20210201221944","is_ascension_mode":true,"campfire_choices":[{"data":"RedNightlessCastle","floor":8.0,"key":"SMITH"},{"data":"EternalNight","floor":15.0,"key":"SMITH"},{"floor":24.0,"key":"REST"}],"circlet_count":0,"master_deck":["Strike_RM+1","Strike_RM","Strike_RM","Defend_RM","Defend_RM","Defend_RM","RedMoon","ScarletShoot+1","RedNightlessCastle+1","MastersStateliness","EquivalentExchange","VampireKiss","VampirishNight","StarOfDavid","BloodHunter","EternalNight+1","Injury","QueenOfMidnight+1","RedRainbow+1","UltimateOffering","BlasphemousPunishment","UnstableMagic"],"relics":["ScarletHat","NeowsBlessing","Bottled Flame","Pantograph","Blood Vial","Pen Nib","Juzu Bracelet","Golden Idol","APieceOfRedMist","Whetstone","Potion Belt","Boot"],"acts_visited":["Exordium","TheCity"],"potions_floor_usage":[],"damage_taken":[{"damage":0.0,"enemies":"Jaw Worm","floor":1.0,"turns":1.0},{"damage":0.0,"enemies":"Cultist","floor":3.0,"turns":1.0},{"damage":0.0,"enemies":"Lagavulin","floor":6.0,"turns":1.0},{"damage":0.0,"enemies":"2 Louse","floor":7.0,"turns":1.0},{"damage":2.0,"enemies":"Large Slime","floor":10.0,"turns":3.0},{"damage":8.0,"enemies":"Lots of Slimes","floor":11.0,"turns":4.0},{"damage":21.0,"enemies":"Gremlin Nob","floor":13.0,"turns":4.0},{"damage":24.0,"enemies":"Hexaghost","floor":16.0,"turns":9.0},{"damage":31.0,"enemies":"Shell Parasite","floor":18.0,"turns":7.0},{"damage":12.0,"enemies":"2 Thieves","floor":22.0,"turns":3.0},{"damage":30.0,"enemies":"Book of Stabbing","floor":23.0,"turns":5.0},{"damage":32.0,"enemies":"Gremlin Leader","floor":25.0,"turns":5.0},{"damage":49,"enemies":"Book of Stabbing","floor":27,"turns":5}],"seed_played":"-4948570381606139808","potions_obtained":[{"floor":1.0,"key":"Weak Potion"},{"floor":11.0,"key":"Fire Potion"},{"floor":13.0,"key":"EntropicBrew"},{"floor":20.0,"key":"EntropicBrew"},{"floor":20.0,"key":"CultistPotion"},{"floor":22.0,"key":"Dexterity Potion"},{"floor":22.0,"key":"Dexterity Potion"},{"floor":23.0,"key":"Fire Potion"}],"is_trial":false,"path_per_floor":["M","?","M","$","T","E","M","R","T","M","M","$","E","?","R","B",null,"M","?","?","?","M","E","R","E","T","E"],"character_chosen":"REMILIA","items_purchased":["Pen Nib","BloodHunter"],"campfire_rested":1,"item_purchase_floors":[12,12],"current_hp_per_floor":[75,75,75,75,75,75,75,75,75,73,70,70,54,54,54,69,75,46,46,46,39,38,20,42,35,35,0,0],"gold":451,"neow_bonus":"THREE_ENEMY_KILL","is_daily":false,"chose_seed":false,"campfire_upgraded":2,"win_rate":0.0,"timestamp":1612189184,"path_taken":["M","?","?","?","?","E","M","R","T","?","M","$","E","?","R","BOSS","M","?","?","?","M","E","R","E","T","E"],"items_purchased_type":["Relic","Card"],"build_version":"2020-12-22","purchased_purges":1,"victory":false,"max_hp_per_floor":[75,75,75,75,75,75,75,75,75,75,75,75,75,75,75,75,75,75,75,75,75,75,75,75,75,75,75,75],"card_choices":[{"not_picked":["ScarletDevil","UnderTheZenith"],"picked":"RedNightlessCastle","floor":1.0},{"not_picked":["BloodyMagicSquare","RedRainbow"],"picked":"MastersStateliness","floor":3.0},{"not_picked":["MastersStateliness","UnstableMagic"],"picked":"EquivalentExchange","floor":6.0},{"not_picked":["MastersStateliness","RedRainbow"],"picked":"VampireKiss","floor":7.0},{"not_picked":["DiffusionOfMisfortune","VampireFantasy"],"picked":"VampirishNight","floor":10.0},{"not_picked":["Maim","UltimateOffering"],"picked":"StarOfDavid","floor":11.0},{"not_picked":["DiffusionOfMisfortune","ScarletImprint"],"picked":"EternalNight","floor":13.0},{"not_picked":["CeilingFear","BloodySeventeenLaser"],"picked":"QueenOfMidnight","floor":16.0},{"not_picked":["ChainGang+1","EmergencyRegeneration"],"picked":"RedRainbow+1","floor":18.0},{"not_picked":["Ultimatum+1","ScarletDevil+1"],"picked":"UltimateOffering","floor":22.0},{"not_picked":["UnderTheZenith","VampireKiss"],"picked":"BlasphemousPunishment","floor":23.0},{"not_picked":["ScarletImprint","BloodRain"],"picked":"UnstableMagic","floor":25.0}],"player_experience":319596,"relics_obtained":[{"floor":5.0,"key":"Bottled Flame"},{"floor":6.0,"key":"Pantograph"},{"floor":9.0,"key":"Blood Vial"},{"floor":13.0,"key":"Juzu Bracelet"},{"floor":23.0,"key":"Whetstone"},{"floor":25.0,"key":"Potion Belt"},{"floor":26.0,"key":"Boot"}],"event_choices":[{"cards_removed":["Defend_RM"],"damage_healed":0.0,"max_hp_gain":0.0,"max_hp_loss":0.0,"gold_gain":0.0,"event_name":"Bonfire Elementals","player_choice":"Offered Basic","floor":2.0,"gold_loss":0.0,"damage_taken":0.0},{"damage_healed":0.0,"max_hp_gain":0.0,"max_hp_loss":0.0,"gold_gain":0.0,"event_name":"Golden Idol","player_choice":"Take Wound","floor":14.0,"gold_loss":0.0,"damage_taken":0.0,"relics_obtained":["Golden Idol"],"cards_obtained":["Injury"]},{"damage_healed":0.0,"max_hp_gain":0.0,"max_hp_loss":0.0,"gold_gain":0.0,"event_name":"Accursed Blacksmith","player_choice":"Forge","floor":19.0,"gold_loss":0.0,"damage_taken":0.0,"cards_upgraded":["QueenOfMidnight"]},{"damage_healed":0.0,"max_hp_gain":0.0,"max_hp_loss":0.0,"gold_gain":0.0,"event_name":"Lab","player_choice":"Got Potions","floor":20.0,"gold_loss":0.0,"damage_taken":0.0},{"damage_healed":0.0,"max_hp_gain":0.0,"max_hp_loss":0.0,"gold_gain":75.0,"event_name":"FaceTrader","player_choice":"Touch","floor":21.0,"gold_loss":0.0,"damage_taken":7.0}],"is_beta":false,"boss_relics":[{"not_picked":["Empty Cage","Pandora\u0027s Box"],"picked":"APieceOfRedMist"}],"items_purged_floors":[4],"is_endless":false,"potions_floor_spawned":[1,11,13,22,23],"killed_by":"Book of Stabbing","ascension_level":4}}