{"host":"csn9i02amg5zm780","time":1612223759,"event":{"mods":["2.2 Compatiblity","A Penny For Your Troubles","AchievementEnabler","Act Like it!","Aspiration","BaseMod","Better Third Choice","Colored Map","Colored Powertips","Curses Come First","Dark Map","Defuse TimeMaze Blight","Elementarium","Halation","Highlight Path","Minty Spire (QoL Compilation)","Permanent Neow","Poor People Problems","Quick Restart","Rare Cards Sparkle","Relic Filter Mod","Relic Stats","Reliquary","Spire Arcade","StSLib","The Marked","Transform Curses","Waifu the Spire","Weighted Paths"],"gold_per_floor":[118,135,152,166,166,192,192,226,226,246,246,261,271,286,286,382,382,399,399,399],"floor_reached":19,"language":"ENG","playtime":1815,"items_purged":[],"score":283,"play_id":"1611a50d-2b85-49c3-a858-44a7ee82f934","local_time":"20210202005559","daily_mods":["Heirloom"],"is_ascension_mode":false,"campfire_choices":[{"floor":7,"key":"REST"},{"floor":11,"key":"REST"},{"floor":15,"key":"REST"}],"circlet_count":0,"master_deck":["theMarked:Strike","theMarked:Strike","theMarked:Strike","theMarked:Strike","theMarked:Strike","theMarked:Defend","theMarked:Defend","theMarked:Defend","theMarked:Defend","theMarked:SoldierOfQuellstein","theMarked:ChainLightning","theMarked:Parkour","theMarked:BanishingStrike","theMarked:Maelstrom","Injury","theMarked:ElectricStrings","theMarked:Challenge","theMarked:Aftermath","theMarked:RepellingDischarge","theMarked:SwordAndMagic","theMarked:RogueSparks+1","theMarked:EternalStudent","theMarked:MuscleMemory+1"],"relics":["theMarked:ArtifactOfAir","aspiration:DSix","Frozen Egg 2","Letter Opener","reliquary:RosewoodLute","reliquary:QuartzCube","halation:Prosthetics"],"acts_visited":["TheCity"],"potions_floor_usage":[18],"damage_taken":[{"damage":1,"enemies":"Jaw Worm","floor":1,"turns":4},{"damage":0,"enemies":"Small Slimes","floor":2,"turns":3},{"damage":1,"enemies":"Cultist","floor":3,"turns":3},{"damage":8,"enemies":"Gremlin Gang","floor":4,"turns":5},{"damage":21,"enemies":"Lagavulin","floor":6,"turns":5},{"damage":22,"enemies":"3 Sentries","floor":8,"turns":5},{"damage":11,"enemies":"Exordium Wildlife","floor":10,"turns":3},{"damage":2,"enemies":"Looter","floor":12,"turns":2},{"damage":7,"enemies":"2 Fungi Beasts","floor":13,"turns":3},{"damage":5,"enemies":"Lots of Slimes","floor":14,"turns":3},{"damage":31,"enemies":"The Guardian","floor":16,"turns":8},{"damage":21,"enemies":"Spheric Guardian","floor":18,"turns":6},{"damage":15,"enemies":"Shell Parasite","floor":19,"turns":3}],"seed_played":"7796272516447722280","potions_obtained":[{"floor":6,"key":"SpeedPotion"},{"floor":8,"key":"GamblersBrew"},{"floor":13,"key":"Explosive Potion"}],"is_trial":true,"path_per_floor":["M","M","M","M","?","E","R","E","T","M","R","M","M","M","R","B",null,"M","M"],"character_chosen":"THE_DEFAULT","items_purchased":[],"campfire_rested":3,"item_purchase_floors":[],"current_hp_per_floor":[69,69,68,60,60,39,60,38,38,27,48,46,39,34,55,24,35,14,0,0],"gold":399,"neow_bonus":"","is_daily":false,"chose_seed":false,"campfire_upgraded":0,"win_rate":0.0,"timestamp":1612223759,"path_taken":["M","M","M","M","?","E","R","E","T","M","R","M","M","M","R","BOSS","M","M"],"items_purchased_type":[],"build_version":"2020-12-22","purchased_purges":0,"victory":false,"max_hp_per_floor":[70,70,70,70,70,70,70,70,70,70,70,70,70,70,70,70,35,35,35,35],"relic_stats":{"counters":[13,53],"Letter Opener":[20],"obtain_stats":[{"theMarked:ArtifactOfAir":0,"Letter Opener":6,"Frozen Egg 2":5,"reliquary:RosewoodLute":8,"halation:Prosthetics":17,"aspiration:DSix":0,"reliquary:QuartzCube":9},{"theMarked:ArtifactOfAir":0,"Letter Opener":5,"Frozen Egg 2":4,"reliquary:RosewoodLute":6,"halation:Prosthetics":11,"aspiration:DSix":0,"reliquary:QuartzCube":6},{"theMarked:ArtifactOfAir":0,"Letter Opener":20,"Frozen Egg 2":15,"reliquary:RosewoodLute":25,"halation:Prosthetics":44,"aspiration:DSix":0,"reliquary:QuartzCube":25}]},"card_choices":[{"not_picked":["theMarked:TakeCover","theMarked:TwofoldDefense"],"picked":"theMarked:ChainLightning","floor":1},{"not_picked":["theMarked:Memento","theMarked:EnhanceMovement"],"picked":"theMarked:Parkour","floor":2},{"not_picked":["theMarked:RepellingDischarge","theMarked:ParalyzingBlade"],"picked":"theMarked:BanishingStrike","floor":3},{"not_picked":["theMarked:Panic","theMarked:Aftermath"],"picked":"theMarked:Maelstrom","floor":4},{"not_picked":["theMarked:Parry","theMarked:ResourceFulStrike"],"picked":"theMarked:ElectricStrings","floor":6},{"not_picked":["theMarked:Indomitable","theMarked:Improvise"],"picked":"theMarked:Challenge","floor":8},{"not_picked":["theMarked:MuscleMemory+1","theMarked:Memento"],"picked":"theMarked:Aftermath","floor":10},{"not_picked":["theMarked:Convert","theMarked:Parkour"],"picked":"theMarked:RepellingDischarge","floor":12},{"not_picked":["theMarked:Parkour","theMarked:Memento"],"picked":"theMarked:SwordAndMagic","floor":13},{"not_picked":["theMarked:PowerFlow","theMarked:RepellingDischarge"],"picked":"theMarked:RogueSparks+1","floor":14},{"not_picked":["theMarked:Levitate","theMarked:TakeOffHeels"],"picked":"theMarked:EternalStudent","floor":16},{"not_picked":["theMarked:RepellingDischarge+1","theMarked:ElectricStrings+1"],"picked":"theMarked:MuscleMemory+1","floor":18}],"player_experience":46208,"relics_obtained":[{"floor":6,"key":"Letter Opener"},{"floor":8,"key":"reliquary:RosewoodLute"},{"floor":9,"key":"reliquary:QuartzCube"}],"event_choices":[],"is_beta":false,"boss_relics":[{"not_picked":["aspiration:DefectSkillbook","aspiration:FutureDiary"],"picked":"halation:Prosthetics"}],"items_purged_floors":[],"is_endless":true,"potions_floor_spawned":[6,8,13],"killed_by":"Shell Parasite","ascension_level":0}}