{"host":"9j472d1lqxyi8fmj","time":1612214467,"event":{"mods":["AchievementEnabler","Aspiration","BaseMod","Better Note","BetterRewards","Block Reminder","Colored Powertips","Downfall","Hermit","Hubris","Infinite Spire","Minty Spire (QoL Compilation)","Potion Indicator Mod","Rare Cards Sparkle","Relic Filter","Reliquary","Spicy Shops","StSLib","The Runesmith","Virulent Crown"],"gold_per_floor":[113,113,188,201,221,221,240,37,37,31,42,42,317,332,332,427,427,441,455,471,481,756,756,30,30,30,30,44,44,61,6,6,6,6],"floor_reached":33,"language":"ENG","playtime":1508,"items_purged":[],"score":339,"play_id":"4105a5a7-2c37-4b40-8435-42e402c285a4","local_time":"20210201162107","is_ascension_mode":false,"campfire_choices":[{"data":"hermit:Vantage","floor":6,"key":"SMITH"},{"floor":15,"key":"REST"},{"floor":23,"key":"REST"},{"data":"hermit:Combo","floor":25,"key":"SMITH"},{"data":"hermit:TakeAim","floor":27,"key":"SMITH"},{"floor":32,"key":"REST"}],"circlet_count":0,"master_deck":["hermit:Strike_Hermit","hermit:Strike_Hermit","hermit:Strike_Hermit","hermit:Strike_Hermit","hermit:Defend_Hermit","hermit:Defend_Hermit","hermit:Defend_Hermit","hermit:Defend_Hermit","hermit:Snapshot","hermit:Covet","hermit:TakeAim+1","hermit:TrackingShot","hermit:HoleUp","hermit:Vantage+1","hermit:Feint","hermit:ShadowCloak","hermit:FlashPowder","hermit:ShadowCloak","Regret","hermit:Combo+1","hermit:HeroicBravado","hermit:ItchyTrigger","hermit:Headshot","hermit:EyeOfTheStorm","hermit:Dive+1","Regret","hermit:BigShot","hermit:Deadeye","hermit:Snipe","infinitespire:Starlight","hermit:Ricochet","hermit:Determination"],"relics":["hermit:Momento","infinitespire:Lucky Rock","hubris:FunFungus","hubris:Towel","hexamod:BolsterEngine","Du-Vu Doll","reliquary:Craggleroot","reliquary:Stiletto","hubris:Potato","The Courier","Akabeko","aspiration:PoetsPen_weak"],"acts_visited":["Exordium","TheCity"],"potions_floor_usage":[33],"damage_taken":[{"damage":2,"enemies":"Small Slimes","floor":1,"turns":3},{"damage":10,"enemies":"Jaw Worm","floor":4,"turns":5},{"damage":2,"enemies":"2 Louse","floor":5,"turns":3},{"damage":8,"enemies":"Gremlin Gang","floor":7,"turns":9},{"damage":0,"enemies":"2 Fungi Beasts","floor":11,"turns":7},{"damage":8,"enemies":"Blue Slaver","floor":14,"turns":5},{"damage":51,"enemies":"The Guardian","floor":16,"turns":13},{"damage":11,"enemies":"Spheric Guardian","floor":18,"turns":7},{"damage":8,"enemies":"Chosen","floor":19,"turns":5},{"damage":24,"enemies":"Snecko","floor":20,"turns":6},{"damage":11,"enemies":"Centurion and Healer","floor":21,"turns":8},{"damage":13,"enemies":"Snake Plant","floor":28,"turns":3},{"damage":15,"enemies":"3 Cultists","floor":30,"turns":7},{"damage":85,"enemies":"Automaton","floor":33,"turns":6}],"seed_played":"2413857366058299062","potions_obtained":[{"floor":1,"key":"hermit:Tonic"},{"floor":11,"key":"BlessingOfTheForge"},{"floor":14,"key":"bronze:BurnAndBuffPotion"},{"floor":30,"key":"Strength Potion"}],"is_trial":false,"path_per_floor":["M","?","?","M","M","R","M","$","T","$","M","$","?","M","R","B",null,"M","M","M","M","?","R","$","R","T","R","M","AVR","M","$","R","B"],"character_chosen":"HERMIT","items_purchased":["infinitespire:Lucky Rock","hermit:TakeAim","hubris:FunFungus","hexamod:BolsterEngine","hermit:ShadowCloak","hermit:FlashPowder","reliquary:Stiletto","hubris:Potato","hermit:BigShot","hermit:Deadeye","hermit:Determination"],"campfire_rested":3,"item_purchase_floors":[0,0,0,8,8,10,24,24,24,24,31],"current_hp_per_floor":[60,60,49,44,44,44,36,36,36,36,39,39,39,31,53,4,75,64,57,35,27,27,49,49,49,49,49,36,36,33,33,55,0,0],"gold":6,"neow_bonus":"","is_daily":false,"chose_seed":false,"campfire_upgraded":3,"win_rate":0.0,"timestamp":1612214467,"path_taken":["M","?","?","M","M","R","M","$","T","$","M","?","?","?","R","BOSS","M","M","M","M","?","R","$","R","T","R","?","AVR","?","$","R","BOSS"],"items_purchased_type":["Relic","Card","Relic","Relic","Card","Card","Relic","Relic","Card","Card","Card"],"build_version":"2020-12-22","purchased_purges":0,"victory":false,"max_hp_per_floor":[75,75,75,75,75,75,75,75,75,75,75,75,75,75,75,75,75,75,75,75,75,75,75,75,75,75,75,75,75,75,75,75,75,75],"card_choices":[{"not_picked":["hermit:Dive","hermit:Quickdraw"],"picked":"hermit:TrackingShot","floor":1},{"not_picked":["hermit:Desperado","hermit:DeadMansHand"],"picked":"hermit:HoleUp","floor":4},{"not_picked":["hermit:Midnight","hermit:BodyArmor"],"picked":"hermit:Vantage","floor":5},{"not_picked":["hermit:Quickdraw","hermit:SprayPray"],"picked":"hermit:Feint","floor":7},{"not_picked":["hermit:BodyArmor","hermit:Cheat"],"picked":"hermit:ShadowCloak","floor":11},{"not_picked":["hermit:Dive","hermit:CursedWeapon"],"picked":"hermit:Combo","floor":14},{"not_picked":["hermit:BlackWind","hermit:Gambit"],"picked":"hermit:HeroicBravado","floor":16},{"not_picked":["hermit:NoHoldsBarred+1","hermit:Dive"],"picked":"hermit:ItchyTrigger","floor":18},{"not_picked":["hermit:Snipe","hermit:Quickdraw+1"],"picked":"hermit:Headshot","floor":19},{"not_picked":["hermit:FlashPowder","hermit:Dive+1"],"picked":"hermit:EyeOfTheStorm","floor":20},{"not_picked":["hermit:FullyLoaded","hermit:Brawl+1"],"picked":"hermit:Dive+1","floor":21},{"not_picked":["hermit:Scavenge","hermit:Midnight"],"picked":"hermit:Snipe","floor":28},{"not_picked":["hermit:ShadowCloak","hermit:WideOpen+1"],"picked":"hermit:Ricochet","floor":30}],"player_experience":379880,"relics_obtained":[{"floor":9,"key":"Du-Vu Doll"},{"floor":26,"key":"The Courier"}],"event_choices":[{"damage_healed":0,"gold_gain":75,"player_choice":"Gather Gold","damage_taken":11,"max_hp_gain":0,"max_hp_loss":0,"event_name":"World of Goop","floor":3,"gold_loss":0},{"damage_healed":0,"gold_gain":275,"player_choice":"Desecrate","damage_taken":0,"max_hp_gain":0,"max_hp_loss":0,"event_name":"Golden Shrine","floor":13,"gold_loss":0,"cards_obtained":["Regret"]},{"damage_healed":0,"gold_gain":275,"player_choice":"Desecrate","damage_taken":0,"max_hp_gain":0,"max_hp_loss":0,"event_name":"Golden Shrine","floor":22,"gold_loss":0,"cards_obtained":["Regret"]}],"is_beta":false,"boss_relics":[{"not_picked":["bronze:MakeshiftBattery","Runic Dome"],"picked":"reliquary:Craggleroot"}],"items_purged_floors":[],"is_endless":false,"potions_floor_spawned":[1,11,14,19,30],"killed_by":"Automaton","ascension_level":0}}