{"host":"mw3dmj42qtkbha4b","time":1612183419,"event":{"mods":["BaseMod","Colored Map","Colored Powertips","DeckTracker","Minty Spire (QoL Compilation)","StSLib","SuperFastMode"],"gold_per_floor":[117,117,132,132,207,235,249,249,249,12,12,28,55,70,70,144,144,159,159,159,169,184,184,184,184],"floor_reached":24,"language":"KOR","playtime":530,"items_purged":["Defend_P"],"score":462,"play_id":"81b6c9cc-d310-4391-95f5-4d9128cfbc22","local_time":"20210201214339","is_ascension_mode":true,"campfire_choices":[{"data":"Vigilance","floor":11.0,"key":"SMITH"},{"data":"Strike_P","floor":15.0,"key":"SMITH"},{"data":"Judgement","floor":23.0,"key":"SMITH"}],"circlet_count":0,"master_deck":["AscendersBane","Strike_P","Strike_P","Strike_P","Strike_P+1","Defend_P+1","Defend_P+1","Eruption+1","Vigilance+1","Judgement+1"],"relics":["PureWater","NeowsBlessing","Molten Egg 2","Oddly Smooth Stone","Lee\u0027s Waffle","Blood Vial"],"acts_visited":["Exordium","TheCity"],"potions_floor_usage":[],"damage_taken":[{"damage":0.0,"enemies":"Small Slimes","floor":1.0,"turns":1.0},{"damage":0.0,"enemies":"Jaw Worm","floor":3.0,"turns":1.0},{"damage":0.0,"enemies":"Gremlin Nob","floor":6.0,"turns":1.0},{"damage":1.0,"enemies":"2 Louse","floor":7.0,"turns":3.0},{"damage":12.0,"enemies":"2 Fungi Beasts","floor":12.0,"turns":3.0},{"damage":9.0,"enemies":"Lagavulin","floor":13.0,"turns":5.0},{"damage":3.0,"enemies":"Looter","floor":14.0,"turns":3.0},{"damage":36.0,"enemies":"Slime Boss","floor":16.0,"turns":6.0},{"damage":0.0,"enemies":"Spheric Guardian","floor":18.0,"turns":2.0},{"damage":15.0,"enemies":"3 Byrds","floor":21.0,"turns":3.0},{"damage":19.0,"enemies":"Centurion and Healer","floor":22.0,"turns":4.0},{"damage":81,"enemies":"Book of Stabbing","floor":24,"turns":3}],"seed_played":"2956152061804686117","potions_obtained":[{"floor":3.0,"key":"Weak Potion"},{"floor":6.0,"key":"CultistPotion"},{"floor":13.0,"key":"LiquidMemories"},{"floor":18.0,"key":"StancePotion"},{"floor":22.0,"key":"BottledMiracle"}],"is_trial":false,"path_per_floor":["M","?","M","?","?","E","M","?","T","$","R","M","E","M","R","B",null,"M","?","?","M","M","R","E"],"character_chosen":"WATCHER","items_purchased":["Lee\u0027s Waffle"],"campfire_rested":0,"item_purchase_floors":[10],"current_hp_per_floor":[61,41,41,41,30,30,29,34,34,80,80,68,59,58,58,24,66,68,68,68,55,38,38,0,0],"gold":184,"neow_bonus":"THREE_ENEMY_KILL","is_daily":false,"chose_seed":false,"campfire_upgraded":3,"win_rate":0.0,"timestamp":1612183419,"path_taken":["M","?","M","?","?","E","M","?","T","?","R","M","E","M","R","BOSS","M","?","?","M","?","R","E"],"items_purchased_type":["Relic"],"build_version":"2020-12-22","purchased_purges":1,"victory":false,"max_hp_per_floor":[68,68,68,68,68,68,68,73,73,80,80,80,80,80,80,80,80,80,80,80,80,80,80,80,80],"card_choices":[{"not_picked":["EmptyFist","ForeignInfluence","Conclude"],"picked":"SKIP","floor":1.0},{"not_picked":["Crescendo","Prostrate","BowlingBash"],"picked":"SKIP","floor":3.0},{"not_picked":["EmptyMind","Omniscience","Protect"],"picked":"SKIP","floor":6.0},{"not_picked":["WreathOfFlame","EmptyBody","Wallop+1"],"picked":"SKIP","floor":7.0},{"not_picked":["Perseverance","FlyingSleeves+1","Crescendo"],"picked":"SKIP","floor":12.0},{"not_picked":["BattleHymn","Consecrate+1","EmptyMind"],"picked":"SKIP","floor":13.0},{"not_picked":["PathToVictory","SashWhip+1","Protect"],"picked":"SKIP","floor":14.0},{"not_picked":["Blasphemy","DeusExMachina"],"picked":"Judgement","floor":16.0},{"not_picked":["Swivel","ReachHeaven+1","BowlingBash+1"],"picked":"SKIP","floor":18.0},{"not_picked":["Prostrate","EmptyBody","Crescendo"],"picked":"SKIP","floor":21.0},{"not_picked":["ClearTheMind","PathToVictory","Adaptation"],"picked":"SKIP","floor":22.0}],"player_experience":1774299,"relics_obtained":[{"floor":6.0,"key":"Molten Egg 2"},{"floor":9.0,"key":"Oddly Smooth Stone"},{"floor":13.0,"key":"Blood Vial"}],"event_choices":[{"damage_healed":0.0,"max_hp_gain":0.0,"max_hp_loss":0.0,"gold_gain":0.0,"event_name":"Shining Light","player_choice":"Entered Light","floor":2.0,"gold_loss":0.0,"damage_taken":20.0,"cards_upgraded":["Defend_P","Defend_P"]},{"damage_healed":0.0,"max_hp_gain":0.0,"max_hp_loss":0.0,"gold_gain":0.0,"event_name":"Living Wall","player_choice":"Grow","floor":4.0,"gold_loss":0.0,"damage_taken":0.0,"cards_upgraded":["Eruption"]},{"damage_healed":0.0,"max_hp_gain":0.0,"max_hp_loss":0.0,"gold_gain":75.0,"event_name":"World of Goop","player_choice":"Gather Gold","floor":5.0,"gold_loss":0.0,"damage_taken":11.0},{"damage_healed":0.0,"max_hp_gain":5.0,"max_hp_loss":0.0,"gold_gain":0.0,"event_name":"Big Fish","player_choice":"Donut","floor":8.0,"gold_loss":0.0,"damage_taken":0.0},{"damage_healed":0.0,"max_hp_gain":0.0,"max_hp_loss":0.0,"gold_gain":0.0,"event_name":"Ghosts","player_choice":"Ignored","floor":19.0,"gold_loss":0.0,"damage_taken":0.0},{"cards_removed":["Defend_P"],"damage_healed":0.0,"max_hp_gain":0.0,"max_hp_loss":0.0,"gold_gain":0.0,"event_name":"Purifier","player_choice":"Purged","floor":20.0,"gold_loss":0.0,"damage_taken":0.0}],"is_beta":false,"boss_relics":[{"not_picked":[]}],"items_purged_floors":[10],"is_endless":false,"potions_floor_spawned":[3,6,13,18,22],"killed_by":"Book of Stabbing","ascension_level":20}}