{"host":"m6aaltr68g9tvoay","time":1612158947,"event":{"mods":["AchievementEnabler","BaseMod","Colored Map","Downfall","Minty Spire (QoL Compilation)","StSLib"],"gold_per_floor":[99,118,118,31,41,41,116,116,151,301,201,226,226,238,256,354,354,354,370,383,383,683,683,710,710,735,748,748,35,20,20,33,132,132,132,147,167,167,81,92,141,41,56,74,87,107,107,125,142,142,142,142],"floor_reached":50,"language":"ENG","playtime":5344,"items_purged":["Pride","downfall:Icky"],"score":774,"play_id":"75d0e2c8-7015-4c9f-8539-b103eababc80","local_time":"20210131215547","is_ascension_mode":true,"campfire_choices":[{"floor":1,"key":"RECALL"},{"data":"champ:Taunt","floor":6,"key":"SMITH"},{"data":"champ:GutPunch","floor":11,"key":"SMITH"},{"data":"champ:RapidStrikes","floor":13,"key":"SMITH"},{"data":"champ:Improvising","floor":18,"key":"SMITH"},{"data":"champ:CrownThrow","floor":23,"key":"SMITH"},{"floor":28,"key":"REST"},{"data":"champ:EnchantSword","floor":35,"key":"SMITH"},{"floor":42,"key":"REST"},{"floor":47,"key":"REST"}],"circlet_count":0,"master_deck":["champ:Strike","champ:Strike","champ:Strike","champ:Defend","champ:Defend","champ:Defend","champ:Defend","champ:Execute","champ:Taunt+1","champ:FlashCut","champ:PreciseThrust","champ:GutPunch+1","champ:EnGarde","champ:Backstep","champ:SkillfulDodge","champ:DefensiveShout","champ:RapidStrikes+1","champ:BringItOn","champ:Improvising+1","champ:CrownThrow+1","Writhe","champ:ShieldWall","champ:Shatter","champ:Duel","expansioncontent:QuickStudy","expansioncontent:QuickStudy","champ:StrikeOfGenius+1","champ:EnchantSword+1","champ:SwordSigil+1","champ:Lariat+1"],"relics":["champ:ChampionCrown","Eternal Feather","Art of War","downfall:HeartBlessingRed","Gremlin Horn","sneckomod:SneckoTalon","The Courier","Old Coin","Bag of Marbles","Mango","bronze:BronzeIdol","Singing Bowl","Busted Crown","champ:GladiatorsBookOfMartialProwess","champ:FightingForDummies","downfall:HeartBlessingBlue"],"acts_visited":["Exordium","TheCity","TheBeyond"],"potions_floor_usage":[16,19,20,36,43,48,50,50,50],"damage_taken":[{"damage":10,"enemies":"Cultist","floor":2,"turns":4},{"damage":25,"enemies":"downfall:FleeingMerchant","floor":4,"turns":4},{"damage":0,"enemies":"Small Slimes","floor":5,"turns":3},{"damage":31,"enemies":"Lagavulin","floor":9,"turns":9},{"damage":42,"enemies":"3 Sentries","floor":12,"turns":7},{"damage":0,"enemies":"Jaw Worm","floor":14,"turns":2},{"damage":11,"enemies":"Large Slime","floor":15,"turns":5},{"damage":79,"enemies":"WA_ARCHETYPE_RETAIN","floor":16,"turns":8},{"damage":21,"enemies":"3 Byrds","floor":19,"turns":6},{"damage":17,"enemies":"Shell Parasite","floor":20,"turns":6},{"damage":34,"enemies":"Book of Stabbing","floor":26,"turns":7},{"damage":43,"enemies":"Centurion and Healer","floor":27,"turns":6},{"damage":15,"enemies":"downfall:FleeingMerchant","floor":29,"turns":4},{"damage":10,"enemies":"downfall:FleeingMerchant","floor":30,"turns":4},{"damage":12,"enemies":"Snecko","floor":32,"turns":3},{"damage":47,"enemies":"SI_MIRROR_ARCHETYPE","floor":33,"turns":7},{"damage":32,"enemies":"3 Darklings","floor":36,"turns":5},{"damage":11,"enemies":"Orb Walker","floor":37,"turns":3},{"damage":30,"enemies":"downfall:FleeingMerchant","floor":39,"turns":4},{"damage":23,"enemies":"Spire Growth","floor":40,"turns":4},{"damage":26,"enemies":"Sphere and 2 Shapes","floor":43,"turns":4},{"damage":29,"enemies":"4 Shapes","floor":44,"turns":6},{"damage":23,"enemies":"Spire Growth","floor":45,"turns":4},{"damage":63,"enemies":"Transient","floor":46,"turns":5},{"damage":20,"enemies":"4 Shapes","floor":48,"turns":8},{"damage":9,"enemies":"Spire Growth","floor":49,"turns":5},{"damage":40,"enemies":"IC_BLOCK_ARCHETYPE","floor":50,"turns":4}],"seed_played":"-899677186407032199","potions_obtained":[{"floor":5,"key":"Weak Potion"},{"floor":9,"key":"Energy Potion"},{"floor":12,"key":"Slimebound:ThreeZeroPotion"},{"floor":14,"key":"ColorlessPotion"},{"floor":27,"key":"GamblersBrew"},{"floor":32,"key":"Fire Potion"},{"floor":33,"key":"Dexterity Potion"},{"floor":36,"key":"Weak Potion"},{"floor":46,"key":"AttackPotion"},{"floor":48,"key":"Block Potion"}],"is_trial":false,"path_per_floor":["R","M","?","$","M","R","T","?","E","?","R","E","R","M","M","B",null,"R","M","M","?","?","R","T","?","E","M","R","$","$","?","M","B",null,"R","M","M","?","$","M","T","R","M","M","M","M","R","M","M","B"],"character_chosen":"THE_CHAMP","items_purchased":["champ:GutPunch","champ:EnGarde","bronze:BronzeIdol","Singing Bowl","expansioncontent:QuickStudy","expansioncontent:QuickStudy","LiquidMemories","champ:GladiatorsBookOfMartialProwess","champ:FightingForDummies"],"campfire_rested":3,"item_purchase_floors":[4,4,29,29,29,29,29,39,39],"current_hp_per_floor":[90,90,85,85,85,85,85,85,79,79,88,71,80,80,79,25,81,93,82,80,80,80,92,92,92,72,44,92,92,92,92,82,55,100,115,95,86,86,73,62,62,126,122,98,87,34,93,85,78,38,38,38],"gold":142,"neow_bonus":"TEN_PERCENT_HP_BONUS","is_daily":false,"chose_seed":false,"campfire_upgraded":6,"win_rate":0.0,"timestamp":1612158947,"path_taken":["R","M","?","?","M","R","T","?","E","?","R","E","R","?","M","BOSS","R","M","M","?","?","R","T","?","E","M","R","?","$","?","M","BOSS","R","M","M","?","?","M","T","R","M","M","?","M","R","M","M","BOSS"],"items_purchased_type":["Card","Card","Relic","Relic","Card","Card","Potion","Relic","Relic"],"build_version":"2020-12-22","purchased_purges":2,"victory":false,"max_hp_per_floor":[99,99,99,99,99,99,99,99,99,99,99,99,99,99,99,99,99,99,99,99,99,99,99,99,99,113,113,113,113,113,113,115,115,115,115,117,119,119,121,123,123,133,135,135,137,137,137,139,141,141,141,141],"card_choices":[{"not_picked":["champ:StanceDance","champ:TornadoPunch"],"picked":"champ:FlashCut","floor":2},{"not_picked":["champ:FanOfKnives","champ:AdrenalArmor"],"picked":"champ:PreciseThrust","floor":4},{"not_picked":["champ:Circumvent","champ:TornadoPunch"],"picked":"champ:Backstep","floor":5},{"not_picked":["champ:Backstep","champ:Endure"],"picked":"champ:DefensiveShout","floor":9},{"not_picked":["champ:DefensiveStyle","champ:SwordSigil"],"picked":"champ:RapidStrikes","floor":12},{"not_picked":["champ:Encircle","champ:BerserkersShout"],"picked":"champ:BringItOn","floor":14},{"not_picked":["champ:PreciseThrust","champ:BerserkerStyle","champ:BerserkersShout"],"picked":"SKIP","floor":15},{"not_picked":["champ:EnchantCrown","champ:SwordThrow"],"picked":"champ:Improvising","floor":16},{"not_picked":["champ:DeathBlow","champ:RageSigil","champ:PerfectedStrike"],"picked":"SKIP","floor":19},{"not_picked":["champ:BladeFlurry+1","champ:BerserkersShout"],"picked":"champ:CrownThrow","floor":20},{"not_picked":["champ:CalledShot","champ:AdrenalArmor"],"picked":"champ:ShieldWall","floor":26},{"not_picked":["champ:ShieldSlam","champ:BringItOn+1"],"picked":"champ:Shatter","floor":27},{"not_picked":["champ:Shatter","champ:Backstep"],"picked":"champ:Duel","floor":29},{"not_picked":["champ:BerserkersShout+1","champ:CrownThrow"],"picked":"champ:StrikeOfGenius","floor":30},{"not_picked":["champ:EnGarde","champ:ShieldWall","champ:Circumvent"],"picked":"Singing Bowl","floor":32},{"not_picked":["champ:Improvising","champ:SwordThrow"],"picked":"champ:EnchantSword","floor":33},{"not_picked":["champ:ViciousMockery"],"picked":"Singing Bowl","floor":36},{"not_picked":["champ:StanceDance"],"picked":"Singing Bowl","floor":37},{"not_picked":["champ:EnGarde+1"],"picked":"Singing Bowl","floor":39},{"not_picked":["champ:ShieldSigil+1"],"picked":"Singing Bowl","floor":40},{"not_picked":["champ:FanOfKnives"],"picked":"Singing Bowl","floor":43},{"not_picked":[],"picked":"champ:SwordSigil+1","floor":44},{"not_picked":["champ:EnGarde"],"picked":"Singing Bowl","floor":45},{"not_picked":[],"picked":"champ:Lariat+1","floor":46},{"not_picked":["champ:Haymaker"],"picked":"Singing Bowl","floor":48},{"not_picked":["champ:ShieldSigil"],"picked":"Singing Bowl","floor":49}],"player_experience":1823413,"relics_obtained":[{"floor":7,"key":"Eternal Feather"},{"floor":9,"key":"Art of War"},{"floor":12,"key":"Gremlin Horn"},{"floor":24,"key":"Bag of Marbles"},{"floor":26,"key":"Mango"}],"event_choices":[{"damage_healed":0,"gold_gain":0,"cards_transformed":["champ:Strike"],"player_choice":"Change","damage_taken":0,"max_hp_gain":0,"max_hp_loss":0,"event_name":"Living Wall","floor":8,"gold_loss":0,"cards_obtained":["champ:SkillfulDodge"]},{"damage_healed":0,"gold_gain":0,"player_choice":"Stole Relic","damage_taken":0,"relics_obtained":["Old Coin"],"max_hp_gain":0,"max_hp_loss":0,"event_name":"Addict","floor":22,"gold_loss":0,"cards_obtained":["Pride"]}],"is_beta":false,"boss_relics":[{"not_picked":["Calling Bell","SlaversCollar"],"picked":"sneckomod:SneckoTalon"},{"not_picked":["bronze:MakeshiftBattery","Empty Cage"],"picked":"Busted Crown"}],"items_purged_floors":[29,39],"is_endless":false,"potions_floor_spawned":[5,9,12,14,27,32,33,36,40,46,48],"killed_by":"IC_BLOCK_ARCHETYPE","ascension_level":8}}