{"host":"d52brwsy6af8zvaq","time":1612214548,"event":{"mods":["AchievementEnabler","BaseMod","Bestiary","Highlight Path","Minty Spire (QoL Compilation)","Quick Restart","Relic Stats","ojb\u0027s Better Paths Mod"],"gold_per_floor":[117,132,132,155,26,26,26,57,57,57,75,109,109,144,144,144,144],"floor_reached":16,"language":"ENG","playtime":948,"items_purged":["Strike_G"],"score":236,"play_id":"08be756a-7e9f-420d-9326-6bfeda46d68b","local_time":"20210201142228","is_ascension_mode":true,"campfire_choices":[{"data":"Dagger Throw","floor":6.0,"key":"SMITH"},{"floor":10,"key":"REST"},{"floor":13,"key":"REST"},{"floor":15,"key":"REST"}],"circlet_count":0,"master_deck":["AscendersBane","Strike_G","Strike_G","Strike_G","Strike_G","Defend_G","Defend_G","Defend_G","Defend_G","Defend_G","Survivor","Neutralize+1","Cloak And Dagger","Blade Dance","Injury","Dagger Throw+1","Underhanded Strike","Bouncing Flask","Deadly Poison","Acrobatics","Dash"],"relics":["Ring of the Snake","Golden Idol","Kunai","Letter Opener","Tiny Chest"],"acts_visited":["Exordium"],"potions_floor_usage":[14],"damage_taken":[{"damage":1.0,"enemies":"Small Slimes","floor":1.0,"turns":4.0},{"damage":8.0,"enemies":"Jaw Worm","floor":2.0,"turns":8.0},{"damage":1.0,"enemies":"2 Louse","floor":4.0,"turns":4.0},{"damage":41,"enemies":"3 Sentries","floor":8,"turns":12},{"damage":0,"enemies":"2 Fungi Beasts","floor":11,"turns":3},{"damage":30,"enemies":"Gremlin Nob","floor":12,"turns":4},{"damage":6,"enemies":"3 Sentries","floor":14,"turns":10},{"damage":45,"enemies":"Slime Boss","floor":16,"turns":10}],"seed_played":"291325561064610379","potions_obtained":[{"floor":12,"key":"Block Potion"},{"floor":14,"key":"Ancient Potion"}],"is_trial":false,"path_per_floor":["M","M","?","M","$","R","?","E","T","R","M","E","R","E","R","B"],"character_chosen":"THE_SILENT","items_purchased":["Underhanded Strike"],"campfire_rested":3,"item_purchase_floors":[5],"current_hp_per_floor":[64,56,56,55,55,55,55,14,14,35,35,5,26,20,41,0,0],"gold":144,"neow_bonus":"TEN_PERCENT_HP_BONUS","is_daily":false,"chose_seed":false,"campfire_upgraded":1,"win_rate":0.0,"timestamp":1612214548,"path_taken":["M","M","?","M","$","R","?","E","T","R","M","E","R","E","R","BOSS"],"items_purchased_type":["Card"],"build_version":"2020-12-22","purchased_purges":1,"victory":false,"max_hp_per_floor":[72,72,72,72,72,72,72,72,72,72,72,72,72,72,72,72,72],"relic_stats":{"counters":[8,55],"Golden Idol":29,"Tiny Chest":0,"Kunai":[10],"Letter Opener":[50],"obtain_stats":[{"Golden Idol":3,"Tiny Chest":14,"Kunai":8,"Letter Opener":12,"Ring of the Snake":0},{"Golden Idol":2,"Tiny Chest":7,"Kunai":4,"Letter Opener":6,"Ring of the Snake":0},{"Golden Idol":12,"Tiny Chest":45,"Kunai":28,"Letter Opener":35,"Ring of the Snake":0}],"Ring of the Snake":[16]},"card_choices":[{"not_picked":["Underhanded Strike","Prepared"],"picked":"Cloak And Dagger","floor":1.0},{"not_picked":["Dodge and Roll","Cloak And Dagger"],"picked":"Blade Dance","floor":2.0},{"not_picked":["Cloak And Dagger","Riddle With Holes"],"picked":"Dagger Throw","floor":4.0},{"not_picked":["Accuracy","Underhanded Strike"],"picked":"Bouncing Flask","floor":8},{"not_picked":["Bane","Skewer"],"picked":"Deadly Poison","floor":11},{"not_picked":["Slice","Infinite Blades"],"picked":"Acrobatics","floor":12},{"not_picked":["Catalyst","Distraction"],"picked":"Dash","floor":14}],"player_experience":2105140,"relics_obtained":[{"floor":8,"key":"Kunai"},{"floor":12,"key":"Letter Opener"},{"floor":14,"key":"Tiny Chest"}],"event_choices":[{"damage_healed":0.0,"max_hp_gain":0.0,"max_hp_loss":0.0,"gold_gain":0.0,"event_name":"Golden Idol","player_choice":"Take Wound","floor":3.0,"gold_loss":0.0,"damage_taken":0.0,"relics_obtained":["Golden Idol"],"cards_obtained":["Injury"]},{"damage_healed":0,"gold_gain":0,"player_choice":"Grow","damage_taken":0,"max_hp_gain":0,"max_hp_loss":0,"event_name":"Living Wall","floor":7,"gold_loss":0,"cards_upgraded":["Neutralize"]}],"is_beta":false,"boss_relics":[],"items_purged_floors":[5],"is_endless":false,"potions_floor_spawned":[12,14],"killed_by":"Slime Boss","ascension_level":20}}