{"host":"gp1vppjkyvswqe8i","time":1612144567,"event":{"mods":["BaseMod","Colored Map","Downfall","Hermit","Hubris","Minty Spire (QoL Compilation)","Shop Mod","StSLib","The Bug Knight","The Cursed","The Necromancer"],"gold_per_floor":[116,116,132,207,217,217,246,246,246,246,12,30,30,30,30,30,30],"floor_reached":16,"language":"ENG","playtime":497,"items_purged":["TheCursedMod:Defend_TheCursed"],"score":103,"play_id":"2fe9bef2-da03-4b50-9211-171ce251f959","local_time":"20210131195607","is_ascension_mode":true,"campfire_choices":[{"floor":6,"key":"REST"},{"floor":8,"key":"REST"},{"data":"Transmutation","floor":10,"key":"SMITH"},{"floor":15,"key":"REST"}],"circlet_count":0,"master_deck":["TheCursedMod:Strike_TheCursed","TheCursedMod:Strike_TheCursed+1","TheCursedMod:Strike_TheCursed","TheCursedMod:Strike_TheCursed","TheCursedMod:Defend_TheCursed","TheCursedMod:Defend_TheCursed","TheCursedMod:Defend_TheCursed","TheCursedMod:CursedWand","TheCursedMod:CleanUpWorkshop+1","TheCursedMod:Dregs","hubris:Gluttony","Transmutation+1","TheCursedMod:VitalStrike","TheCursedMod:SoulReap","TheCursedMod:CursedShiv","TheCursedMod:SpreadPlague","TheCursedMod:StunningStrike","TheCursedMod:TacticalStrike"],"relics":["TheCursedMod:BlackMagic101","hubris:Towel","HornCleat","HollowMod:LifeEnderRelic","hubris:EvacipatedBox"],"acts_visited":["Exordium"],"potions_floor_usage":[],"damage_taken":[{"damage":19,"enemies":"Small Slimes","floor":1,"turns":5},{"damage":8,"enemies":"Jaw Worm","floor":3,"turns":4},{"damage":6,"enemies":"2 Louse","floor":5,"turns":3},{"damage":40,"enemies":"Gremlin Nob","floor":7,"turns":5},{"damage":4,"enemies":"Blue Slaver","floor":12,"turns":3},{"damage":20,"enemies":"Hexaghost","floor":16,"turns":10}],"seed_played":"9011296732007918517","potions_obtained":[{"floor":1,"key":"Strength Potion"}],"is_trial":false,"path_per_floor":["M","?","M","?","M","R","E","R","T","R","$","M","?","$","R","B"],"character_chosen":"THE_CURSED","items_purchased":["TheCursedMod:StunningStrike","hubris:EvacipatedBox"],"campfire_rested":3,"item_purchase_floors":[11,14],"current_hp_per_floor":[56,56,48,37,31,53,18,40,40,40,40,41,26,7,29,14,14],"gold":30,"neow_bonus":"RANDOM_COLORLESS_2","is_daily":false,"chose_seed":false,"campfire_upgraded":1,"win_rate":0.0,"timestamp":1612144567,"path_taken":["M","?","M","?","M","R","E","R","T","R","$","M","?","?","R","BOSS"],"items_purchased_type":["Card","Relic"],"build_version":"2020-12-22","purchased_purges":1,"victory":false,"max_hp_per_floor":[75,75,75,75,75,75,75,75,75,75,75,75,75,75,75,75,75],"card_choices":[{"not_picked":["Thinking Ahead","Metamorphosis"],"picked":"Transmutation","floor":0},{"not_picked":["TheCursedMod:SmokeScreen","TheCursedMod:RapidMovement"],"picked":"TheCursedMod:VitalStrike","floor":1},{"not_picked":["TheCursedMod:CircleOfCorruption","TheCursedMod:TroublousMinions"],"picked":"TheCursedMod:SoulReap","floor":3},{"not_picked":["TheCursedMod:WearCloak","TheCursedMod:SpitefulStrike"],"picked":"TheCursedMod:CursedShiv","floor":5},{"not_picked":["TheCursedMod:Wield","TheCursedMod:HellsGateOpen"],"picked":"TheCursedMod:SpreadPlague","floor":7},{"not_picked":["TheCursedMod:CircleOfCorruption","TheCursedMod:Evocation"],"picked":"TheCursedMod:TacticalStrike","floor":12}],"player_experience":270069,"relics_obtained":[{"floor":7,"key":"HornCleat"},{"floor":9,"key":"HollowMod:LifeEnderRelic"}],"event_choices":[{"damage_healed":0,"gold_gain":75,"player_choice":"Gather Gold","damage_taken":11,"max_hp_gain":0,"max_hp_loss":0,"event_name":"World of Goop","floor":4,"gold_loss":0},{"damage_healed":0,"gold_gain":0,"player_choice":"Entered Light","damage_taken":15,"max_hp_gain":0,"max_hp_loss":0,"event_name":"Shining Light","floor":13,"gold_loss":0,"cards_upgraded":["TheCursedMod:CleanUpWorkshop","TheCursedMod:Strike_TheCursed"]}],"is_beta":false,"boss_relics":[],"items_purged_floors":[11],"is_endless":false,"potions_floor_spawned":[1],"killed_by":"Hexaghost","ascension_level":1}}