{"host":"y087t2reloz9bi43","time":1612190317,"event":{"mods":["2.2 Compatiblity","AchievementEnabler","Arknights","Aspiration","BaseMod","Beaked The Cultist","Bestiary","Better Note","Better Vampires","BetterRewards","ChefMod","Clockwork Mod","Colored Map","Colored Powertips","Conspire","Downfall","Ekko","Fireblade Mod","Friendly Minions","GifTheSpireLib","Gold Saver","Gremlin Mod","Halation","Hermit","Hubris","Infinite Spire","Jedi Mod","JesterMod","Jorbs\u0027s Wanderer Trilogy","Mad Scientist","Marisa????????","Mimic Mod","Minty Spire (QoL Compilation)","Permanent Neow","Potionbrewer","Rare Cards Sparkle","Relic Stats","Reliquary","Replay The Spire","Robot Space Explorer","Shade Mod","Shop Mod","Spire Arcade","StSLib","The Alterego","The Blackbeard","The Bug Knight","The Construct","The Cursed","The Disciple","The Dragon Tamer","The Elementalist","The Exalted","The Hierophant","The Jungle","The Marked","The Mystic","The Necromancer","The Runesmith","The Senshi","The Servant 0.9.4","TheBandit","TheFirefly","TheHero","TheVacant","Transform Curses","Uncapped","everything is the same but u backflip on backflip","thorton"],"gold_per_floor":[117,117,131,141,159,193,193,214,241,241,251,283,283,297,297,395,395,412,412,422,432,412,412,425,425,425],"floor_reached":25,"language":"ENG","playtime":2956,"items_purged":[],"score":278,"play_id":"a9899765-1c86-4e07-a0b5-cea28bb56da5","local_time":"20210201143837","is_ascension_mode":true,"campfire_choices":[{"data":"Dropkick","floor":7,"key":"SMITH"},{"data":"Bash+1","floor":10,"key":"SMITH"},{"data":"Abandon","floor":13,"key":"SMITH"},{"data":"Armaments","floor":15,"key":"SMITH"},{"data":"jedi:bloodyhammer","floor":23,"key":"SMITH"}],"circlet_count":0,"master_deck":["Strike_R","Strike_R","Strike_R","Strike_R","Strike_R","Defend_R","Defend_R+1","Defend_R","Defend_R","Bash+2","Thunderclap","Dropkick+1","ReplayTheSpireMod:Corrosion Curse","Rampage+1","Abandon+1","Armaments+1","jedi:bloodyhammer+1","Armaments+1"],"relics":["Burning Blood","Champion Belt","Replay:Bottled Steam","conspire:InfiniteJournal","reliquary:RosewoodLute","jedi:crownofsimplicity","construct:WeddingRing","Paper Frog"],"acts_visited":["Exordium","TheCity"],"potions_floor_usage":[11,12,16,18,25,25],"damage_taken":[{"damage":0,"enemies":"conspire:RoseBush","floor":1,"turns":4},{"damage":2,"enemies":"Small Slimes","floor":3,"turns":4},{"damage":6,"enemies":"2 Louse","floor":4,"turns":3},{"damage":2,"enemies":"Blue Slaver","floor":5,"turns":4},{"damage":27,"enemies":"HollowMod:MossKnight","floor":6,"turns":12},{"damage":3,"enemies":"conspire:2 RoseBushes","floor":11,"turns":8},{"damage":12,"enemies":"Gremlin Nob","floor":12,"turns":4},{"damage":0,"enemies":"Red Slaver","floor":14,"turns":3},{"damage":0,"enemies":"The Guardian","floor":16,"turns":8},{"damage":7,"enemies":"conspire:FuzzyDice","floor":18,"turns":4},{"damage":9,"enemies":"2 Thieves","floor":20,"turns":3},{"damage":0,"enemies":"Centurion and Healer","floor":21,"turns":4},{"damage":15,"enemies":"conspire:HollyBat","floor":24,"turns":8},{"damage":86,"enemies":"Gremlin Leader","floor":25,"turns":7}],"seed_played":"7530698992094895723","potions_obtained":[{"floor":3,"key":"Weak Potion"},{"floor":4,"key":"Explosive Potion"},{"floor":6,"key":"potionbrewer:InfectionPotion"},{"floor":11,"key":"Block Potion"},{"floor":18,"key":"BloodPotion"},{"floor":22,"key":"Swift Potion"}],"is_trial":false,"path_per_floor":["M","?","M","M","M","E","R","?","T","R","M","E","R","M","R_BF","B",null,"M","?","M","M","?","R","M","E"],"character_chosen":"IRONCLAD","items_purchased":[],"campfire_rested":0,"item_purchase_floors":[],"current_hp_per_floor":[72,72,72,72,72,51,51,23,23,23,26,20,20,26,26,32,72,71,71,68,72,72,72,63,0,0],"gold":425,"neow_bonus":"ONE_RARE_RELIC","is_daily":false,"chose_seed":false,"campfire_upgraded":5,"win_rate":0.0,"timestamp":1612190317,"path_taken":["M","?","M","M","M","E","R","?","T","R","M","E","R","M","R_BF","BOSS","M","?","?","M","?","R","M","E"],"items_purchased_type":[],"build_version":"2020-12-22","purchased_purges":0,"victory":false,"max_hp_per_floor":[72,72,72,72,72,72,72,72,72,72,72,72,72,72,72,72,72,72,72,72,72,72,72,72,72,72],"relic_stats":{"counters":[14,76],"Champion Belt":[44],"obtain_stats":[{"jedi:command_uncommon":19,"construct:WeddingRing":17,"Champion Belt":0,"jedi:crownofsimplicity":12,"reliquary:RosewoodLute":9,"Burning Blood":0,"Replay:Bottled Steam":6,"conspire:InfiniteJournal":8,"Paper Frog":19},{"jedi:command_uncommon":10,"construct:WeddingRing":9,"Champion Belt":0,"jedi:crownofsimplicity":7,"reliquary:RosewoodLute":5,"Burning Blood":0,"Replay:Bottled Steam":5,"conspire:InfiniteJournal":5,"Paper Frog":10},{"jedi:command_uncommon":54,"construct:WeddingRing":50,"Champion Belt":0,"jedi:crownofsimplicity":39,"reliquary:RosewoodLute":27,"Burning Blood":0,"Replay:Bottled Steam":27,"conspire:InfiniteJournal":27,"Paper Frog":54}],"Burning Blood":62},"card_choices":[{"not_picked":["Carnage","Wild Strike"],"picked":"Thunderclap","floor":1},{"not_picked":["jedi:fear","Seeing Red"],"picked":"Dropkick","floor":3},{"not_picked":["Combust","Replay:Undeath\u0027s Touch","Sword Boomerang"],"picked":"SKIP","floor":4},{"not_picked":["Run Through","Inflame","Body Slam"],"picked":"SKIP","floor":5},{"not_picked":["Clothesline","Warcry","Spot Weakness"],"picked":"SKIP","floor":6},{"not_picked":["Iron Wave","Combust"],"picked":"ReplayTheSpireMod:Corrosion Curse","floor":8},{"not_picked":["Body Slam","Shockwave"],"picked":"Rampage","floor":11},{"not_picked":["Intimidate","Body Slam"],"picked":"Abandon","floor":12},{"not_picked":["Clothesline","Hemogenesis"],"picked":"Armaments","floor":14},{"not_picked":["jedi:harder","Bludgeon"],"picked":"jedi:bloodyhammer","floor":16},{"not_picked":["Body Slam","Replay:Undeath\u0027s Touch+1","True Grit"],"picked":"SKIP","floor":18},{"not_picked":["Havoc+1","Massacre"],"picked":"Armaments+1","floor":20},{"not_picked":["ReplayTheSpireMod:Muscle Training","Uppercut","Cleave"],"picked":"SKIP","floor":21},{"not_picked":["Second Wind","Wild Strike+1","Thunderclap"],"picked":"SKIP","floor":24}],"player_experience":456504,"relics_obtained":[{"floor":6,"key":"Replay:Bottled Steam"},{"floor":8,"key":"conspire:InfiniteJournal"},{"floor":9,"key":"reliquary:RosewoodLute"},{"floor":12,"key":"jedi:crownofsimplicity"}],"event_choices":[{"damage_healed":0,"gold_gain":0,"player_choice":"Bought 1 Potion","damage_taken":0,"max_hp_gain":0,"max_hp_loss":0,"event_name":"The Woman in Blue","floor":22,"gold_loss":0}],"is_beta":false,"boss_relics":[{"not_picked":["Coffee Dripper","bronze:MakeshiftBattery"],"picked":"construct:WeddingRing"}],"items_purged_floors":[],"is_endless":false,"potions_floor_spawned":[3,4,6,11,18],"killed_by":"Gremlin Leader","ascension_level":1}}