{"host":"0vd2boh2oi7jm085","time":1612183239,"event":{"mods":["BaseMod","Colored Map","Colored Powertips","Highlight Path","Minty Spire (QoL Compilation)","Quick Restart","StSLib","The IronCluck"],"gold_per_floor":[118,25,25,35,35,35,45,56,56,70,70,86,86,98,98,172,172,184,184,184,34,34,34,52,78,123,123,123],"floor_reached":27,"language":"ENG","playtime":435,"items_purged":["Decay"],"score":435,"play_id":"db02798d-6044-41e4-9385-6e2265e5ebac","local_time":"20210201044039","is_ascension_mode":true,"campfire_choices":[{"data":"Seeing Red","floor":6.0,"key":"SMITH"},{"floor":11.0,"key":"REST"},{"floor":15.0,"key":"REST"},{"floor":23.0,"key":"REST"}],"circlet_count":0,"master_deck":["AscendersBane","Strike_R","Strike_R","Strike_R","Strike_R","Strike_R","Defend_R","Defend_R","Defend_R","Defend_R","Bash","Inflame","Seeing Red+1","Wild Strike","Perfected Strike","Perfected Strike+1","Thunderclap","Demon Form","Wild Strike","Demon Form","Necronomicurse","Reaper","Writhe"],"relics":["Mark of Pain","Pocketwatch","Busted Crown","Necronomicon","Charon\u0027s Ashes","Bottled Tornado","Juzu Bracelet"],"acts_visited":["Exordium","TheCity"],"potions_floor_usage":[27],"damage_taken":[{"damage":19.0,"enemies":"Jaw Worm","floor":1.0,"turns":4.0},{"damage":8.0,"enemies":"2 Louse","floor":4.0,"turns":3.0},{"damage":6.0,"enemies":"Cultist","floor":7.0,"turns":3.0},{"damage":7.0,"enemies":"Exordium Thugs","floor":8.0,"turns":4.0},{"damage":9.0,"enemies":"2 Fungi Beasts","floor":10.0,"turns":2.0},{"damage":18.0,"enemies":"Large Slime","floor":12.0,"turns":2.0},{"damage":3.0,"enemies":"Blue Slaver","floor":14.0,"turns":2.0},{"damage":51.0,"enemies":"Hexaghost","floor":16.0,"turns":5.0},{"damage":22.0,"enemies":"Shell Parasite","floor":18.0,"turns":3.0},{"damage":13.0,"enemies":"2 Thieves","floor":24.0,"turns":3.0},{"damage":60.0,"enemies":"Gremlin Leader","floor":25.0,"turns":4.0},{"damage":38,"enemies":"Book of Stabbing","floor":27,"turns":3}],"seed_played":"7529435052808184714","potions_obtained":[{"floor":1.0,"key":"AttackPotion"},{"floor":12.0,"key":"FairyPotion"},{"floor":16.0,"key":"PowerPotion"}],"is_trial":false,"path_per_floor":["M","$","?","M","$","R","M","M","T","M","R","M","?","M","R","B",null,"M","?","?","$","?","R","M","E","T","E"],"character_chosen":"IRONCLAD","items_purchased":["Seeing Red","Wild Strike","Reaper"],"campfire_rested":3,"item_purchase_floors":[2,2,21],"current_hp_per_floor":[49,49,74,66,66,66,60,53,53,44,66,48,48,45,67,16,60,38,17,17,17,17,39,26,22,22,0,0],"gold":123,"neow_bonus":"BOSS_RELIC","is_daily":false,"chose_seed":false,"campfire_upgraded":1,"win_rate":0.0,"timestamp":1612183239,"path_taken":["M","$","?","M","$","R","M","M","T","M","R","M","?","?","R","BOSS","M","?","?","$","?","R","M","E","T","E"],"items_purchased_type":["Card","Card","Card"],"build_version":"2020-12-22","purchased_purges":1,"victory":false,"max_hp_per_floor":[75,75,75,75,75,75,75,75,75,75,75,75,75,75,75,75,75,75,75,75,75,75,75,75,75,75,75,75],"card_choices":[{"not_picked":["True Grit","Flex"],"picked":"Inflame","floor":1.0},{"not_picked":["Armaments","Feel No Pain"],"picked":"Perfected Strike","floor":4.0},{"not_picked":["Warcry","Cleave"],"picked":"Perfected Strike","floor":7.0},{"not_picked":["Anger","Searing Blow"],"picked":"Thunderclap","floor":8.0},{"not_picked":["True Grit","Thunderclap"],"picked":"Demon Form","floor":10.0},{"not_picked":["Armaments","Bloodletting","Metallicize"],"picked":"SKIP","floor":12.0},{"not_picked":["Clash","Thunderclap"],"picked":"Wild Strike","floor":14.0},{"not_picked":["Bludgeon","Berserk"],"picked":"Demon Form","floor":16.0},{"not_picked":["Thunderclap"],"picked":"SKIP","floor":18.0},{"not_picked":["Intimidate"],"picked":"SKIP","floor":24.0},{"not_picked":["Sword Boomerang"],"picked":"SKIP","floor":25.0}],"player_experience":114491,"relics_obtained":[{"floor":9.0,"key":"Pocketwatch"},{"floor":19.0,"key":"Necronomicon"},{"floor":25.0,"key":"Bottled Tornado"},{"floor":26.0,"key":"Juzu Bracelet"}],"event_choices":[{"damage_healed":25.0,"max_hp_gain":0.0,"max_hp_loss":0.0,"gold_gain":0.0,"event_name":"Big Fish","player_choice":"Banana","floor":3.0,"gold_loss":0.0,"damage_taken":0.0},{"damage_healed":0.0,"max_hp_gain":0.0,"max_hp_loss":0.0,"gold_gain":0.0,"event_name":"Accursed Blacksmith","player_choice":"Forge","floor":13.0,"gold_loss":0.0,"damage_taken":0.0,"cards_upgraded":["Perfected Strike"]},{"damage_healed":0.0,"max_hp_gain":0.0,"max_hp_loss":0.0,"gold_gain":0.0,"event_name":"Cursed Tome","player_choice":"Obtained Book","floor":19.0,"gold_loss":0.0,"damage_taken":21.0},{"damage_healed":0.0,"max_hp_gain":0.0,"max_hp_loss":0.0,"gold_gain":0.0,"event_name":"Forgotten Altar","player_choice":"Smashed Altar","floor":20.0,"gold_loss":0.0,"damage_taken":0.0,"cards_obtained":["Decay"]},{"damage_healed":0.0,"max_hp_gain":0.0,"max_hp_loss":0.0,"gold_gain":0.0,"event_name":"The Mausoleum","player_choice":"Opened","floor":22.0,"gold_loss":0.0,"damage_taken":0.0,"relics_obtained":["Charon\u0027s Ashes"],"cards_obtained":["Writhe"]}],"is_beta":false,"boss_relics":[{"not_picked":["Tiny House","Empty Cage"],"picked":"Busted Crown"}],"items_purged_floors":[21],"is_endless":false,"potions_floor_spawned":[1,12,14,16,24],"killed_by":"Book of Stabbing","ascension_level":19}}