{"host":"ziko4uwynam20dv9","time":1612146668,"event":{"mods":["Aspiration","BaseMod","BetterRewards","Downfall","Hubris","Infinite Spire","Minty Spire (QoL Compilation)","Remilia??????","Replay The Spire","Shop Mod","StSLib","The Animator","The Jungle"],"gold_per_floor":[110,123,136,153,153,185,185,203,203,216,216,247,247,257,257,357,357,325,339,355,386,386,420,420,438,438,438,458,458,475,506,506,601,701,701,717,729,744,757,757,777,787,857,890,890,907,907,927,927,927],"floor_reached":51,"language":"FRA","playtime":3960,"items_purged":[],"score":1170,"play_id":"9ab31fda-0e73-4496-9073-b3d19ceda887","local_time":"20210201033108","is_ascension_mode":true,"campfire_choices":[{"data":"MastersStateliness","floor":13,"key":"SMITH"},{"data":"RedMoon","floor":15,"key":"SMITH"},{"floor":24,"key":"REST"},{"floor":27,"key":"REST"},{"data":"Ultimatum","floor":29,"key":"SMITH"},{"data":"BombardNight","floor":32,"key":"SMITH"},{"floor":40,"key":"REST"},{"data":"CurseOfVladTepes","floor":45,"key":"SMITH"},{"data":"BombardNight","floor":45,"key":"SMITH"},{"floor":49,"key":"REST"}],"circlet_count":0,"master_deck":["AscendersBane","Strike_RM","Strike_RM","Strike_RM","Strike_RM","Defend_RM","Defend_RM","Defend_RM","Defend_RM","RedMoon+1","ScarletShoot","BombardNight+1","Septette","MastersStateliness+1","Ultimatum+1","Septette","CurseOfVladTepes+1","ScarletMeister","BombardNight+1","QueenOfMidnight","UnstableMagic","HunterOfTheNight","CeilingFear","DevilSight","BloodHunter+1","EndlessAdversity+1","RedNightlessCastle","TricksterDevil","UnderTheZenith+1","Maim+1","ScarletDevil+1","CharismaGuard+1","Parasite","TwelveNightmare+1","EmergencyRegeneration+1","FavorOfDestiny+1","BatForm","infinitespire:Execution","MiserableFate+1"],"relics":["ScarletHat","infinitespire:BottledMercury","ClockworkSouvenir","hubris:Zylophone","hubris:SphereOfDissonance","aspiration:ChemicalBlood","Empty Cage","Red Mask","Durian","infinitespire:Bottled Soul","Dream Catcher","Replay:Wanted Poster","Molten Egg 2","Replay:Arrowhead","Blue Doll","Replay:Fungal Core"],"acts_visited":["Exordium","TheCity","TheBeyond"],"potions_floor_usage":[8,12,16,16,18,20,23,23,23,23,28,33,33,35,42,42,50,50,50,50,50,50],"damage_taken":[{"damage":0.0,"enemies":"Jaw Worm","floor":1.0,"turns":3.0},{"damage":0,"enemies":"Small Slimes","floor":2,"turns":5},{"damage":0,"enemies":"Cultist","floor":3,"turns":4},{"damage":2,"enemies":"Large Slime","floor":4,"turns":6},{"damage":18,"enemies":"Replay:BlueRogue","floor":6,"turns":14},{"damage":5,"enemies":"Exordium Thugs","floor":8,"turns":6},{"damage":0,"enemies":"Blue Slaver","floor":10,"turns":3},{"damage":0,"enemies":"Lagavulin","floor":12,"turns":4},{"damage":0,"enemies":"Gremlin Gang","floor":14,"turns":2},{"damage":23,"enemies":"The Guardian","floor":16,"turns":10},{"damage":11,"enemies":"2 Thieves","floor":18,"turns":5},{"damage":2,"enemies":"Shell Parasite","floor":19,"turns":7},{"damage":33,"enemies":"Cultist and Chosen","floor":20,"turns":8},{"damage":2,"enemies":"Masked Bandits","floor":21,"turns":3},{"damage":50,"enemies":"Slavers","floor":23,"turns":8},{"damage":0,"enemies":"3 Cultists","floor":25,"turns":7},{"damage":12,"enemies":"Snecko","floor":28,"turns":5},{"damage":0,"enemies":"Chosen and Byrds","floor":30,"turns":4},{"damage":5,"enemies":"Replay:Snechameleon","floor":31,"turns":7},{"damage":45,"enemies":"Automaton","floor":33,"turns":9},{"damage":14,"enemies":"3 Darklings","floor":35,"turns":3},{"damage":0,"enemies":"Orb Walker","floor":36,"turns":3},{"damage":15,"enemies":"Jaw Worm Horde","floor":37,"turns":5},{"damage":13,"enemies":"Sphere and 2 Shapes","floor":38,"turns":4},{"damage":2,"enemies":"Maw","floor":39,"turns":8},{"damage":1,"enemies":"Writhing Mass","floor":41,"turns":5},{"damage":38,"enemies":"Sphere and 2 Shapes","floor":42,"turns":7},{"damage":36,"enemies":"R_Hoarder","floor":44,"turns":12},{"damage":17,"enemies":"Jaw Worm Horde","floor":46,"turns":5},{"damage":81,"enemies":"4 Shapes","floor":48,"turns":8},{"damage":108,"enemies":"infinitespire:MassOfShapes","floor":50,"turns":10}],"seed_played":"8768039094386136955","potions_obtained":[{"floor":2,"key":"SpeedPotion"},{"floor":6,"key":"Dexterity Potion"},{"floor":10,"key":"SteroidPotion"},{"floor":12,"key":"Energy Potion"},{"floor":16,"key":"infinitespire:BlackPotion"},{"floor":16,"key":"SpeedPotion"},{"floor":21,"key":"Block Potion"},{"floor":28,"key":"Block Potion"},{"floor":30,"key":"Dexterity Potion"},{"floor":35,"key":"SmokeBomb"},{"floor":39,"key":"Strength Potion"},{"floor":42,"key":"Reflective Coating"},{"floor":42,"key":"Fire Potion"},{"floor":48,"key":"FairyPotion"},{"floor":50,"key":"champ:CounterPotion"},{"floor":50,"key":"SpeedPotion"}],"is_trial":false,"path_per_floor":["M","M","M","M","?","E","?","M","T","M","?","E","R","M","R","B",null,"M","M","M","?","?","E","R","M","T","R","M","R","M","E","R","B",null,"M","M","M","M","M","R","M","M","T","E","R","M","AVR","M","R","B",null],"character_chosen":"REMILIA","items_purchased":["infinitespire:BottledMercury","ClockworkSouvenir"],"campfire_rested":4,"item_purchase_floors":[0,0],"current_hp_per_floor":[68,70,70,70,70,64,64,59,59,59,59,59,59,59,59,50,69,63,64,53,55,55,16,40,44,44,68,64,64,64,59,59,28,67,55,55,43,30,38,62,66,33,33,80,80,63,63,19,43,80],"gold":927,"neow_bonus":"","is_daily":false,"chose_seed":false,"campfire_upgraded":6,"win_rate":0.0,"timestamp":1612146668,"path_taken":["M","M","M","M","?","E","?","?","T","M","?","E","R","M","R","BOSS","M","M","M","?","?","E","R","M","T","R","M","R","M","E","R","BOSS","M","M","M","M","?","R","M","M","T","E","R","?","AVR","M","R","BOSS"],"items_purchased_type":["Relic","Relic"],"build_version":"2020-12-22","purchased_purges":0,"victory":true,"max_hp_per_floor":[75,75,75,75,75,75,75,75,75,75,75,75,75,75,75,75,75,75,75,75,75,75,80,80,80,80,80,80,80,80,80,80,80,80,80,80,80,80,80,80,80,80,80,80,80,80,80,80,80,80],"card_choices":[{"not_picked":["EmergencyRegeneration","DiffusionOfMisfortune"],"picked":"BombardNight","floor":1},{"not_picked":["ScarletGensokyo","RedRainbow","BombardNight"],"picked":"SKIP","floor":2},{"not_picked":["FitfulNightmare","VampireKiss"],"picked":"Septette","floor":3},{"not_picked":["ReincarnationDial","BloodAndWine"],"picked":"MastersStateliness","floor":4},{"not_picked":["GlobalNightmare","BombardNight","RedMagic"],"picked":"SKIP","floor":6},{"not_picked":["MillenniumVampire","LeisurelyOfLord"],"picked":"Ultimatum","floor":8},{"not_picked":["Stigmanizer","VampireKiss"],"picked":"Septette","floor":10},{"not_picked":["Septette","BloodAndWine"],"picked":"CurseOfVladTepes","floor":12},{"not_picked":["UnstableMagic","Septette"],"picked":"ScarletImprint","floor":14},{"not_picked":["CurseOfVladTepes","BloodRain"],"picked":"ScarletMeister","floor":16},{"not_picked":["RedRainbow","ScarletImprint"],"picked":"BombardNight","floor":18},{"not_picked":["StarOfDavid","VampireKiss"],"picked":"QueenOfMidnight","floor":19},{"not_picked":["Stigmanizer","VampireKiss","BloodyTrap"],"picked":"SKIP","floor":19},{"not_picked":["FavorOfDestiny","BadLadyScramble"],"picked":"UnstableMagic","floor":20},{"not_picked":["ScarletDevil","RedRainbow+1"],"picked":"HunterOfTheNight","floor":21},{"not_picked":["UltimateOffering","UnstableMagic"],"picked":"DevilSight","floor":23},{"not_picked":["FavorOfDestiny","VampireKiss"],"picked":"BloodHunter+1","floor":23},{"not_picked":["UnstableMagic","Stigmanizer","BlasphemousPunishment"],"picked":"SKIP","floor":25},{"not_picked":["ScarletMeister","UnderTheZenith+1"],"picked":"EndlessAdversity+1","floor":28},{"not_picked":["VampireSweep","ScarletDevilSign","RedRainbow"],"picked":"SKIP","floor":30},{"not_picked":["BlasphemousPunishment","SuperhumanBloodyKnife+1"],"picked":"RedNightlessCastle","floor":31},{"not_picked":["BloodHunter+1","BadLadyScramble","ScarletDevilSign"],"picked":"SKIP","floor":31},{"not_picked":["TransientEternity","BloodyHallows"],"picked":"TricksterDevil","floor":33},{"not_picked":["AfternoonTea+1","FitfulNightmare","UnderTheZenith+1"],"picked":"SKIP","floor":36},{"not_picked":["AfternoonTea+1","FitfulNightmare"],"picked":"UnderTheZenith+1","floor":36},{"not_picked":["ScarletNetherworld","AfternoonTea"],"picked":"Maim+1","floor":37},{"not_picked":["UltimateOffering","BombardNight"],"picked":"ScarletDevil+1","floor":37},{"not_picked":["BloodyTrap+1","VampireClaw+1"],"picked":"CharismaGuard+1","floor":38},{"not_picked":["EndlessAdversity","DiffusionOfMisfortune","SuperhumanBloodyKnife+1"],"picked":"SKIP","floor":39},{"not_picked":["Stigmanizer+1","ScarletDevilSign+1"],"picked":"TwelveNightmare+1","floor":41},{"not_picked":["ScarletDevil+1","NightDance","DiffusionOfMisfortune"],"picked":"SKIP","floor":41},{"not_picked":["ScarletDevil+1","NightDance","DiffusionOfMisfortune"],"picked":"SKIP","floor":41},{"not_picked":["Stigmanizer+1","ChaoticDestiny"],"picked":"EmergencyRegeneration+1","floor":42},{"not_picked":["UnderTheZenith","BloodyMagicSquare+1"],"picked":"FavorOfDestiny+1","floor":44},{"not_picked":["DiffusionOfMisfortune+1","ScarletGensokyo","GlobalNightmare"],"picked":"SKIP","floor":44},{"not_picked":["VampireKiss+1","NightDance+1"],"picked":"BatForm","floor":46},{"not_picked":["Maim+1","VampireKiss+1","BlasphemousPunishment+1"],"picked":"SKIP","floor":46},{"not_picked":["VampireKiss+1","LeisurelyOfLord+1","Stigmanizer+1"],"picked":"SKIP","floor":48},{"not_picked":["LeisurelyOfLord+1","ScarletDevilSign+1","UnstableMagic"],"picked":"SKIP","floor":48},{"not_picked":["ScarletImprint+1","StarOfDavid+1"],"picked":"MiserableFate+1","floor":49}],"player_experience":976567,"relics_obtained":[{"floor":6,"key":"hubris:Zylophone"},{"floor":9,"key":"hubris:SphereOfDissonance"},{"floor":12,"key":"aspiration:ChemicalBlood"},{"floor":21,"key":"Red Mask"},{"floor":23,"key":"Durian"},{"floor":26,"key":"infinitespire:Bottled Soul"},{"floor":31,"key":"Dream Catcher"},{"floor":43,"key":"Molten Egg 2"},{"floor":44,"key":"Replay:Arrowhead"}],"event_choices":[{"damage_healed":0,"gold_gain":0,"player_choice":"Cursed","damage_taken":0,"max_hp_gain":0,"max_hp_loss":0,"event_name":"Wheel of Change","floor":7,"gold_loss":0,"cards_obtained":["Decay"]},{"damage_healed":0,"gold_gain":0,"player_choice":"Ignored","damage_taken":0,"max_hp_gain":0,"max_hp_loss":0,"event_name":"Liars Game","floor":11,"gold_loss":0},{"damage_healed":0,"gold_gain":0,"player_choice":"Fought Bandits","damage_taken":0,"max_hp_gain":0,"max_hp_loss":0,"event_name":"Masked Bandits","floor":21,"gold_loss":0},{"damage_healed":0,"gold_gain":0,"player_choice":"1 cards matched","damage_taken":0,"max_hp_gain":0,"max_hp_loss":0,"event_name":"Match and Keep!","floor":22,"gold_loss":0,"cards_obtained":["CeilingFear"]}],"is_beta":false,"boss_relics":[{"not_picked":["Kintsugi","aspiration:PoetsPen_weak"],"picked":"Empty Cage"},{"not_picked":["Tiny House","aspiration:RunicSpoon"],"picked":"Replay:Wanted Poster"}],"items_purged_floors":[],"is_endless":false,"potions_floor_spawned":[2,6,10,12,16,21,28,30,35,36,39,41],"ascension_level":11}}