{"host":"e1pm3b7xpcm97e5w","time":1612150720,"event":{"mods":["BaseMod","Better Skull","Googly Eyes","Minty Spire (QoL Compilation)","Relic Stats","Shop Mod","Spicy Shops","StSLib"],"gold_per_floor":[113,54,66,76,87,116,116,133,133,160,160,186,186,22,22,96,96,107,126,126,144,144,144],"floor_reached":22,"language":"ENG","playtime":1018,"items_purged":["Strike_G"],"score":439,"play_id":"0e25db60-14a0-4635-be21-5efe7710e324","local_time":"20210131223840","is_ascension_mode":true,"campfire_choices":[{"floor":7.0,"key":"REST"},{"floor":11.0,"key":"REST"},{"floor":13.0,"key":"REST"},{"data":"Noxious Fumes","floor":15.0,"key":"SMITH"}],"circlet_count":0,"master_deck":["AscendersBane","Strike_G","Strike_G","Defend_G","Defend_G","Defend_G","Defend_G","Defend_G","Survivor","Neutralize","Unload","Catalyst","Caltrops","Blur","Dodge and Roll","Choke","Finisher","Cloak And Dagger","Calculated Gamble","Noxious Fumes+1","After Image","Leg Sweep+1","Ghostly","Ghostly","Ghostly","Blade Dance"],"relics":["Ring of the Snake","Thread and Needle","Lantern","Omamori","Bottled Flame","Empty Cage"],"acts_visited":["Exordium","TheCity"],"potions_floor_usage":[16,18,22],"damage_taken":[{"damage":0.0,"enemies":"Cultist","floor":1.0,"turns":3.0},{"damage":6.0,"enemies":"Small Slimes","floor":3.0,"turns":3.0},{"damage":7.0,"enemies":"2 Louse","floor":4.0,"turns":3.0},{"damage":3.0,"enemies":"Blue Slaver","floor":5.0,"turns":5.0},{"damage":41.0,"enemies":"Lagavulin","floor":6.0,"turns":9.0},{"damage":6.0,"enemies":"Exordium Thugs","floor":8.0,"turns":5.0},{"damage":0.0,"enemies":"Gremlin Nob","floor":10.0,"turns":3.0},{"damage":25.0,"enemies":"Lagavulin","floor":12.0,"turns":8.0},{"damage":23,"enemies":"The Guardian","floor":16,"turns":12},{"damage":13,"enemies":"Spheric Guardian","floor":18,"turns":6},{"damage":9,"enemies":"Chosen","floor":19,"turns":7},{"damage":4,"enemies":"Centurion and Healer","floor":21,"turns":11},{"damage":32,"enemies":"Cultist and Chosen","floor":22,"turns":8}],"seed_played":"-522689374184910598","potions_obtained":[{"floor":1.0,"key":"Poison Potion"},{"floor":6.0,"key":"Energy Potion"},{"floor":8.0,"key":"DistilledChaos"},{"floor":16,"key":"Fruit Juice"},{"floor":18,"key":"PowerPotion"},{"floor":19,"key":"CultistPotion"}],"is_trial":false,"path_per_floor":["M","$","M","M","M","E","R","M","T","E","R","E","R","$","R","B",null,"M","M","?","M","M"],"character_chosen":"THE_SILENT","items_purchased":["Caltrops","Noxious Fumes"],"campfire_rested":3,"item_purchase_floors":[2,14],"current_hp_per_floor":[59,59,53,46,43,2,21,15,15,15,34,9,28,28,28,5,51,43,34,34,30,0,0],"gold":144,"neow_bonus":"ONE_RANDOM_RARE_CARD","is_daily":false,"chose_seed":false,"campfire_upgraded":1,"win_rate":0.0,"timestamp":1612150720,"path_taken":["M","$","M","M","M","E","R","M","T","E","R","E","R","?","R","BOSS","M","M","?","M","M"],"items_purchased_type":["Card","Card"],"build_version":"2020-12-22","purchased_purges":1,"victory":false,"max_hp_per_floor":[66,66,66,66,66,66,66,66,66,66,66,66,66,66,66,66,66,71,71,35,35,35,35],"relic_stats":{"counters":[13,83],"obtain_stats":[{"Lantern":9,"Bottled Flame":12,"Thread and Needle":6,"Omamori":10,"Empty Cage":17,"Ring of the Snake":0},{"Lantern":6,"Bottled Flame":8,"Thread and Needle":5,"Omamori":7,"Empty Cage":9,"Ring of the Snake":0},{"Lantern":28,"Bottled Flame":39,"Thread and Needle":23,"Omamori":31,"Empty Cage":51,"Ring of the Snake":0}],"Ring of the Snake":[26]},"card_choices":[{"not_picked":["Bane","Deflect"],"picked":"Catalyst","floor":1.0},{"not_picked":["Flying Knee","Dagger Throw"],"picked":"Blur","floor":3.0},{"not_picked":["Bane","Endless Agony"],"picked":"Dodge and Roll","floor":4.0},{"not_picked":["Outmaneuver","Concentrate","Acrobatics"],"picked":"SKIP","floor":5.0},{"not_picked":["Dagger Spray","Calculated Gamble"],"picked":"Choke","floor":6.0},{"not_picked":["Tactician","Dagger Throw"],"picked":"Finisher","floor":8.0},{"not_picked":["Sucker Punch","Slice"],"picked":"Cloak And Dagger","floor":10.0},{"not_picked":["Terror","Unload"],"picked":"Calculated Gamble","floor":12.0},{"not_picked":["Adrenaline","Glass Knife"],"picked":"After Image","floor":16},{"not_picked":["Prepared","Outmaneuver"],"picked":"Leg Sweep+1","floor":18},{"not_picked":["Backstab","Eviscerate","Acrobatics+1"],"picked":"SKIP","floor":19},{"not_picked":["All Out Attack+1","Slice"],"picked":"Blade Dance","floor":21}],"player_experience":612065,"relics_obtained":[{"floor":6.0,"key":"Thread and Needle"},{"floor":9.0,"key":"Lantern"},{"floor":10.0,"key":"Omamori"},{"floor":12.0,"key":"Bottled Flame"}],"event_choices":[{"damage_healed":0,"gold_gain":0,"player_choice":"Became a Ghost","damage_taken":0,"max_hp_gain":0,"max_hp_loss":36,"event_name":"Ghosts","floor":20,"gold_loss":0,"cards_obtained":["Ghostly","Ghostly","Ghostly"]}],"is_beta":false,"boss_relics":[{"not_picked":["Ring of the Serpent","Coffee Dripper"],"picked":"Empty Cage"}],"items_purged_floors":[14],"is_endless":false,"potions_floor_spawned":[1,6,8,16,18,19,21],"killed_by":"Cultist and Chosen","ascension_level":18}}