{"host":"yans4pr1zf0lm9bx","time":1612204898,"event":{"mods":["AchievementEnabler","BaseMod","Downfall","Minty Spire (QoL Compilation)","StSLib","SuperFastMode","slay the spire mod where everything is the same but ironclad has a cowboy hat"],"gold_per_floor":[349,364,381,381,434,55,136,136,136,153,153,180,180,215,234,234,234,234],"floor_reached":16,"language":"ENG","playtime":654,"items_purged":["Slimebound:Strike_Slimebound"],"score":133,"play_id":"5a7a690e-6149-4040-b02a-77090dd6d090","local_time":"20210201134138","is_ascension_mode":false,"campfire_choices":[{"data":"Slimebound:Split","floor":1,"key":"SMITH"},{"data":"Slimebound:LeechingTouch","floor":9,"key":"SMITH"},{"data":"Slimebound:Equalize","floor":13,"key":"SMITH"}],"circlet_count":0,"master_deck":["Slimebound:Strike_Slimebound","Slimebound:Tackle","Slimebound:Defend_Slimebound","Slimebound:Defend_Slimebound","Slimebound:Defend_Slimebound","Slimebound:Defend_Slimebound","Slimebound:Split+1","Slimebound:CorrosiveSpit","Slimebound:ProtectTheBoss","Slimebound:SlimeBrawl","Slimebound:Dissolve","Sadistic Nature","Slimebound:Schlurp","Slimebound:LeechingTouch+1","Slimebound:SlimeTap","Slimebound:Equalize+1","Slimebound:Gluttony","Slimebound:AcidTongue"],"relics":["Slimebound:AbsorbEndCombat","Orichalcum","Bottled Lightning","downfall:ShatteredFragment","WingedGreaves","Anchor"],"acts_visited":["Exordium"],"potions_floor_usage":[],"damage_taken":[{"damage":0,"enemies":"2 Louse","floor":2,"turns":2},{"damage":0,"enemies":"Jaw Worm","floor":3,"turns":3},{"damage":8,"enemies":"downfall:FleeingMerchant","floor":6,"turns":4},{"damage":0,"enemies":"Small Slimes","floor":10,"turns":2},{"damage":6,"enemies":"Gremlin Nob","floor":12,"turns":4},{"damage":0,"enemies":"Lagavulin","floor":14,"turns":5},{"damage":1,"enemies":"Exordium Wildlife","floor":15,"turns":3},{"damage":36,"enemies":"SI_SHIV_ARCHETYPE","floor":16,"turns":7}],"seed_played":"-6499048981023978883","potions_obtained":[{"floor":10,"key":"sneckomod:MuddlingPotion"},{"floor":12,"key":"ColorlessPotion"}],"is_trial":false,"path_per_floor":["R","M","M","?","T","$","T","?","R","M","?","E","R","E","M","B"],"character_chosen":"SLIMEBOUND","items_purchased":["Sadistic Nature","Slimebound:Schlurp","Slimebound:LeechingTouch"],"campfire_rested":0,"item_purchase_floors":[6,6,6],"current_hp_per_floor":[47,49,53,58,58,54,54,36,36,42,42,40,40,56,67,43,43,43],"gold":234,"neow_bonus":"TWO_FIFTY_GOLD","is_daily":false,"chose_seed":false,"campfire_upgraded":3,"win_rate":0.0,"timestamp":1612204898,"path_taken":["R","M","M","?","?","?","T","?","R","M","?","E","R","E","M","BOSS"],"items_purchased_type":["Card","Card","Card"],"build_version":"2020-12-22","purchased_purges":1,"victory":false,"max_hp_per_floor":[65,65,65,70,70,70,70,70,70,70,70,70,70,70,70,70,70,70],"card_choices":[{"not_picked":["Slimebound:HauntingLick","Slimebound:GoopSpray"],"picked":"Slimebound:ProtectTheBoss","floor":2},{"not_picked":["Slimebound:PressTheAttack","Slimebound:Grow"],"picked":"Slimebound:SlimeBrawl","floor":3},{"not_picked":["Slimebound:SlimeSpikes","Slimebound:ViciousTackle"],"picked":"Slimebound:Dissolve","floor":6},{"not_picked":["Slimebound:ProtectTheBoss","Slimebound:SplitLeeching"],"picked":"Slimebound:SlimeTap","floor":10},{"not_picked":["Slimebound:ItLooksTasty","Slimebound:Prepare"],"picked":"Slimebound:Equalize","floor":12},{"not_picked":["Slimebound:HauntingLick","Slimebound:DisruptingSlam"],"picked":"Slimebound:Gluttony","floor":14},{"not_picked":["Slimebound:HauntingLick","Slimebound:Repurpose"],"picked":"Slimebound:AcidTongue","floor":15}],"player_experience":288752,"relics_obtained":[{"floor":5,"key":"Orichalcum"},{"floor":7,"key":"Bottled Lightning"},{"floor":12,"key":"WingedGreaves"},{"floor":14,"key":"Anchor"}],"event_choices":[{"damage_healed":0,"gold_gain":0,"player_choice":"Donut","damage_taken":0,"max_hp_gain":5,"max_hp_loss":0,"event_name":"Big Fish","floor":4,"gold_loss":0}],"is_beta":false,"boss_relics":[],"items_purged_floors":[6],"is_endless":false,"potions_floor_spawned":[10,12],"killed_by":"SI_SHIV_ARCHETYPE","ascension_level":0}}