{"host":"Jay","time":1612210531,"event":{"mods":["BaseMod","Colored Map","Hermit","Minty Spire (QoL Compilation)","Replay The Spire","Shop Mod","StSLib"],"gold_per_floor":[114,124,185,124,138,138,169,227,227,227,227,240,240,250,250,346,346,346],"floor_reached":17,"language":"ENG","playtime":923,"items_purged":[],"score":155,"play_id":"9cdd9a40-3b54-428e-a447-e1b727826815","local_time":"20210201151531","is_ascension_mode":false,"campfire_choices":[{"data":"hermit:Glare","floor":6.0,"key":"SMITH"},{"floor":10,"key":"REST"},{"floor":15,"key":"REST"}],"circlet_count":0,"master_deck":["hermit:Strike_Hermit","hermit:Strike_Hermit","hermit:Strike_Hermit","hermit:Strike_Hermit","hermit:Defend_Hermit","hermit:Defend_Hermit","hermit:Defend_Hermit","hermit:Snapshot","hermit:Covet","hermit:NoHoldsBarred","hermit:PistolWhip","hermit:FullyLoaded+1","hermit:Glare+1","hermit:Gambit","hermit:TrackingShot","hermit:Virtue","hermit:CursedWeapon","hermit:Purgatory"],"relics":["hermit:Momento","NeowsBlessing","Question Card","Toy Ornithopter","Akabeko","Orichalcum","SacredBark"],"acts_visited":["Exordium","TheCity"],"potions_floor_usage":[16],"damage_taken":[{"damage":0.0,"enemies":"Small Slimes","floor":1.0,"turns":1.0},{"damage":0.0,"enemies":"Jaw Worm","floor":2.0,"turns":1.0},{"damage":0.0,"enemies":"2 Louse","floor":5.0,"turns":1.0},{"damage":18.0,"enemies":"3 Sentries","floor":7.0,"turns":7.0},{"damage":0,"enemies":"Lots of Slimes","floor":12,"turns":1},{"damage":0,"enemies":"Gremlin Gang","floor":14,"turns":3},{"damage":28,"enemies":"Fading Forest","floor":16,"turns":11}],"seed_played":"1802367713901283863","potions_obtained":[{"floor":2.0,"key":"Strength Potion"},{"floor":7.0,"key":"PowerPotion"},{"floor":8,"key":"Languid Potion"},{"floor":12,"key":"PowerPotion"},{"floor":16,"key":"Ancient Potion"}],"is_trial":false,"path_per_floor":["M","M","?","$","M","R","E","?","T","R","?","M","?","M","R","B",null],"character_chosen":"HERMIT","items_purchased":["hermit:FullyLoaded+1"],"campfire_rested":2,"item_purchase_floors":[4],"current_hp_per_floor":[75,75,75,75,75,75,57,39,39,61,61,61,61,61,75,59,75,75],"gold":346,"neow_bonus":"THREE_ENEMY_KILL","is_daily":false,"chose_seed":false,"campfire_upgraded":1,"win_rate":0.0,"timestamp":1612210531,"path_taken":["M","M","?","$","M","R","E","?","T","R","?","M","?","M","R","BOSS"],"items_purchased_type":["Card"],"build_version":"2020-12-18","purchased_purges":0,"victory":false,"max_hp_per_floor":[75,75,75,75,75,75,75,75,75,75,75,75,75,75,75,75,75,75],"card_choices":[{"not_picked":["hermit:Feint","hermit:DeadMansHand"],"picked":"hermit:NoHoldsBarred","floor":1.0},{"not_picked":["hermit:LowProfile","hermit:Midnight"],"picked":"hermit:PistolWhip","floor":2.0},{"not_picked":["hermit:Desperado","hermit:HighCaliber"],"picked":"hermit:Glare","floor":5.0},{"not_picked":["hermit:Maintenance","hermit:WideOpen"],"picked":"hermit:Gambit","floor":7.0},{"not_picked":["hermit:ItchyTrigger","hermit:Deadeye","hermit:Gestalt"],"picked":"hermit:TrackingShot","floor":8},{"not_picked":["hermit:ItchyTrigger","hermit:Dive","hermit:Feint"],"picked":"hermit:Virtue","floor":12},{"not_picked":["hermit:Feint","hermit:CalledShot","hermit:Midnight"],"picked":"hermit:CursedWeapon","floor":14},{"not_picked":["hermit:FinalCanter","hermit:BlackWind","hermit:FatalDesire"],"picked":"hermit:Purgatory","floor":16}],"player_experience":621702,"relics_obtained":[{"floor":7.0,"key":"Question Card"},{"floor":8,"key":"Toy Ornithopter"},{"floor":9,"key":"Akabeko"}],"event_choices":[{"damage_healed":0.0,"max_hp_gain":0.0,"max_hp_loss":0.0,"gold_gain":61.0,"event_name":"Golden Wing","player_choice":"Gained Gold","floor":3.0,"gold_loss":0.0,"damage_taken":0.0},{"damage_healed":0,"gold_gain":0,"player_choice":"Searched \u00272\u0027 times","damage_taken":0,"relics_obtained":["Orichalcum"],"max_hp_gain":0,"max_hp_loss":0,"event_name":"Dead Adventurer","floor":11,"gold_loss":0},{"cards_removed":["hermit:Defend_Hermit"],"damage_healed":0,"gold_gain":0,"player_choice":"Offered Basic","damage_taken":0,"max_hp_gain":0,"max_hp_loss":0,"event_name":"Bonfire Elementals","floor":13,"gold_loss":0}],"is_beta":true,"boss_relics":[{"not_picked":["Replay:Drink Me","Coffee Dripper"],"picked":"SacredBark"}],"items_purged_floors":[],"is_endless":false,"potions_floor_spawned":[2,7,12,16],"ascension_level":0}}