{"host":"cd25ms2o8pjhjp7m","time":1612176375,"event":{"mods":["Aspiration","BaseMod","Bestiary","Better Third Choice","BetterRewards","Conspire","Curses Come First","Friendly Minions","GifTheSpireLib","Hubris","Minty Spire (QoL Compilation)","Rare Cards Sparkle","Relic Stats","Reliquary","Replay The Spire","Robot Space Explorer","StSLib","The Poker Player","Uncapped","[IsaacMod]????","??????REMEMod"],"gold_per_floor":[115,65,77,42,54,381,381,395,395,395,342,357,357,145,145,243,243,258,355,455,179,192,227,239,239,239,239,239,239,250,250,250,351,351,365,380,392,442,70,70,90,41,118,118,118,130,42,58,58,38,38,38,38,65,65],"floor_reached":56,"language":"DEU","playtime":3127,"items_purged":["RobotSpaceExplorer:Strike","Sickly","RobotSpaceExplorer:Strike","RobotSpaceExplorer:Strike","RobotSpaceExplorer:MiniLasers","Looming Evil"],"score":1719,"play_id":"a9a1ec28-c101-4e21-a94b-99f3b0407dec","local_time":"20210201114615","is_ascension_mode":false,"campfire_choices":[{"data":"RobotSpaceExplorer:Multitool","floor":7,"key":"SMITH"},{"data":"RobotSpaceExplorer:Accelerator","floor":10,"key":"SMITH"},{"data":"RobotSpaceExplorer:StarLightning","floor":13,"key":"SMITH"},{"floor":15,"key":"RECALL"},{"data":"REME_WheelOfFate","floor":25,"key":"SMITH"},{"data":"RobotSpaceExplorer:TrailblazerForm","floor":27,"key":"SMITH"},{"data":"EpicFetus","floor":29,"key":"SMITH"},{"data":"RobotSpaceExplorer:IronShell","floor":32,"key":"SMITH"},{"data":"Mayhem","floor":40,"key":"SMITH"},{"data":"ReplayTheSpireMod:Brewmster","floor":44,"key":"SMITH"},{"data":"RobotSpaceExplorer:Pulsar","floor":49,"key":"SMITH"},{"data":"ReplayUltimateDefense","floor":52,"key":"SMITH"}],"circlet_count":0,"master_deck":["RobotSpaceExplorer:Defend","RobotSpaceExplorer:Defend","RobotSpaceExplorer:Defend","RobotSpaceExplorer:Defend","RobotSpaceExplorer:Scan","DoctorFetus","RobotSpaceExplorer:Multitool+1","Sadistic Nature","RobotSpaceExplorer:SurgingShield","RobotSpaceExplorer:ScrapShield","Magnetism","Transmutation","Sadistic Nature","RobotSpaceExplorer:StarLightning+1","RobotSpaceExplorer:Pulsar","RobotSpaceExplorer:Accelerator+1","RobotSpaceExplorer:Pulsar+1","RobotSpaceExplorer:FreezingShield","REME_WheelOfFate+1","RobotSpaceExplorer:Comet","ReplayTheSpireMod:Brewmster+1","RobotSpaceExplorer:IronShell+1","RobotSpaceExplorer:Pulsar","REME_FirmDetermination","RobotSpaceExplorer:LuckyStrike+1","EpicFetus+1","RobotSpaceExplorer:TrailblazerForm+1","RobotSpaceExplorer:StarDust+1","Mayhem+1","RobotSpaceExplorer:Comet","Sadistic Nature","RobotSpaceExplorer:PowerCollector","hubris:EnhanceAbility","REME_MawOfCthun","ReplayUltimateDefense+1","REME_FirmDetermination"],"relics":["RobotSpaceExplorer:RoboCore","REME_ComplimentaryCards","HushsDoor","SteamSale","Dead Branch","REME_LowDesire","BelialBook","aspiration:HiddenCompartment","Old Coin","Eternal Feather","ReplayTheSpireMod:CursedCoin","hubris:PeanutButter","BookOfRevelations","reliquary:RosewoodLute","Cursed Key","SatanicBible","aspiration:Lifesprig","Question Card","Medical Kit","aspiration:Stabinomicon","hubris:Icosahedron","aspiration:SecretTechniqueScroll","GuppysHead","Whetstone","reliquary:IridiumChain","ReplayTheSpireMod:Lightbulb","REME_HandOfSuture","reliquary:BallBearing","REME_OnlineShoppingPlatform","Golden Egg","EdensBlessing"],"acts_visited":["Exordium","TheCity","TheBeyond","TheEnding"],"potions_floor_usage":[19,22,30,30,42,42,42,50],"damage_taken":[{"damage":0,"enemies":"2 Louse","floor":1,"turns":6},{"damage":0,"enemies":"Cultist","floor":3,"turns":6},{"damage":3,"enemies":"Small Slimes","floor":5,"turns":5},{"damage":7,"enemies":"Lagavulin","floor":6,"turns":8},{"damage":0,"enemies":"Blue Slaver","floor":8,"turns":1},{"damage":13,"enemies":"Lots of Slimes","floor":12,"turns":7},{"damage":0,"enemies":"Slime Boss","floor":16,"turns":8},{"damage":0,"enemies":"2 Thieves","floor":18,"turns":5},{"damage":0,"enemies":"Shell Parasite","floor":19,"turns":6},{"damage":0,"enemies":"Centurion and Healer","floor":22,"turns":4},{"damage":0,"enemies":"Book of Stabbing","floor":23,"turns":5},{"damage":0,"enemies":"3 Cultists","floor":24,"turns":3},{"damage":0,"enemies":"Shelled Parasite and Fungi","floor":30,"turns":2},{"damage":0,"enemies":"Automaton","floor":33,"turns":6},{"damage":0,"enemies":"Orb Walker","floor":35,"turns":5},{"damage":0,"enemies":"3 Darklings","floor":36,"turns":5},{"damage":0,"enemies":"Sphere and 2 Shapes","floor":37,"turns":7},{"damage":0,"enemies":"Hiden Room Battle","floor":38,"turns":3},{"damage":0,"enemies":"Writhing Mass","floor":41,"turns":4},{"damage":0,"enemies":"Jaw Worm Horde","floor":42,"turns":6},{"damage":0,"enemies":"3 Darklings","floor":46,"turns":5},{"damage":0,"enemies":"Spire Growth","floor":48,"turns":4},{"damage":0,"enemies":"Awakened One","floor":50,"turns":6},{"damage":16,"enemies":"Shield and Spear","floor":54,"turns":5},{"damage":0,"enemies":"The Heart","floor":55,"turns":7}],"seed_played":"1892465111839490455","potions_obtained":[{"floor":8,"key":"Cursed Concoction"},{"floor":16,"key":"Block Potion"},{"floor":19,"key":"LiquidMemories"},{"floor":22,"key":"Energy Potion"},{"floor":36,"key":"Flashbang"}],"is_trial":false,"path_per_floor":["M","?","M","$","M","E","R","M","T","R","$","M","R","$","R","B",null,"M","M","?","$","M","E","M","R","T","R","?","R","M","?","R","B",null,"M","M","M","?","$","R","M","M","T","R","?","M","$","M","R","B",null,"R","$","E","B",null],"character_chosen":"RobotSpaceExplorer","items_purchased":["Sadistic Nature","RobotSpaceExplorer:SurgingShield","RobotSpaceExplorer:ScrapShield","RobotSpaceExplorer:StarLightning","ReplayTheSpireMod:CursedCoin","hubris:PeanutButter","RobotSpaceExplorer:Pulsar","BookOfRevelations","reliquary:RosewoodLute","SatanicBible","RobotSpaceExplorer:Comet","ReplayTheSpireMod:Brewmster","RobotSpaceExplorer:IronShell","Question Card","Medical Kit","GuppysHead","Mayhem","RobotSpaceExplorer:Comet","REME_HandOfSuture","reliquary:BallBearing","REME_OnlineShoppingPlatform","REME_MawOfCthun"],"campfire_rested":0,"item_purchase_floors":[0,0,0,4,11,11,11,14,14,17,17,17,17,21,21,34,34,34,39,39,39,39],"current_hp_per_floor":[75,75,75,75,72,65,65,65,65,75,75,62,74,74,75,75,53,53,53,53,53,53,53,50,50,50,50,50,50,50,50,50,50,27,27,27,27,27,27,27,27,27,27,27,27,27,27,27,27,27,27,27,27,11,11],"gold":65,"neow_bonus":"","is_daily":false,"chose_seed":false,"campfire_upgraded":11,"win_rate":0.0,"timestamp":1612176375,"path_taken":["M","?","?","?","M","E","R","M","T","R","$","M","R","$","R","BOSS","M","M","?","$","?","E","M","R","T","R","?","R","M","?","R","BOSS","M","?","M","?","$","R","M","M","T","R","?","M","$","M","R","BOSS","R","$","E","BOSS"],"items_purchased_type":["Card","Card","Card","Card","Relic","Relic","Card","Relic","Relic","Relic","Card","Card","Card","Relic","Relic","Relic","Card","Card","Relic","Relic","Relic","Card"],"build_version":"2020-12-22","purchased_purges":6,"victory":true,"max_hp_per_floor":[75,75,75,75,75,75,75,75,75,75,75,75,75,75,75,75,53,53,53,53,53,53,53,50,50,50,50,50,50,50,50,50,50,27,27,27,27,27,27,27,27,27,27,27,27,27,27,27,27,27,27,27,27,27,27],"relic_stats":{"counters":[44,220],"Dead Branch":[150],"Eternal Feather":23,"Whetstone":[],"Cursed Key":2,"Question Card":16,"Medical Kit":[1],"obtain_stats":[{"Chaos":0,"Golden Egg":43,"aspiration:Lifesprig":18,"aspiration:Stabinomicon":23,"Whetstone":35,"PrismaticShard":4,"MomsKnife":29,"Cursed Key":17,"Old Coin":6,"SatanicBible":17,"hubris:Icosahedron":28,"Prayer Wheel":1,"Ring of Panic":3,"REME_LowDesire":0,"REME_OnlineShoppingPlatform":39,"KeepersGift":0,"ReplayTheSpireMod:CursedCoin":11,"Quantum Egg":8,"Dead Branch":0,"BelialBook":0,"BookOfRevelations":14,"RobotSpaceExplorer:RoboCore":0,"Eternal Feather":9,"aspiration:SecretTechniqueScroll":34,"reliquary:RosewoodLute":14,"aspiration:HiddenCompartment":0,"Question Card":21,"Medical Kit":21,"reliquary:IridiumChain":38,"Bottled Flame":23,"REME_HourglassOfDeath":9,"hubris:PeanutButter":11,"reliquary:BallBearing":10,"REME_HandOfSuture":39,"Snack Pack":17,"reliquary:BrokenClock":34,"Bottled Lightning":26,"GuppysHead":34,"ReplayTheSpireMod:Ring of Challenge":3,"EdensBlessing":54,"HushsDoor":0,"ReplayTheSpireMod:Lightbulb":38,"REME_ComplimentaryCards":0},{"Chaos":0,"Golden Egg":39,"aspiration:Lifesprig":27,"aspiration:Stabinomicon":30,"Whetstone":34,"PrismaticShard":2,"MomsKnife":14,"Cursed Key":26,"Old Coin":23,"SatanicBible":26,"hubris:Icosahedron":31,"Prayer Wheel":1,"Ring of Panic":2,"REME_LowDesire":19,"REME_OnlineShoppingPlatform":37,"KeepersGift":0,"ReplayTheSpireMod:CursedCoin":24,"Quantum Egg":3,"Dead Branch":19,"BelialBook":19,"BookOfRevelations":25,"RobotSpaceExplorer:RoboCore":0,"Eternal Feather":24,"aspiration:SecretTechniqueScroll":33,"reliquary:RosewoodLute":25,"aspiration:HiddenCompartment":19,"Question Card":28,"Medical Kit":28,"reliquary:IridiumChain":37,"Bottled Flame":12,"REME_HourglassOfDeath":3,"hubris:PeanutButter":24,"reliquary:BallBearing":4,"REME_HandOfSuture":37,"Snack Pack":8,"reliquary:BrokenClock":15,"Bottled Lightning":12,"GuppysHead":33,"ReplayTheSpireMod:Ring of Challenge":2,"EdensBlessing":43,"HushsDoor":0,"ReplayTheSpireMod:Lightbulb":37,"REME_ComplimentaryCards":0},{"Chaos":0,"Golden Egg":193,"aspiration:Lifesprig":137,"aspiration:Stabinomicon":152,"Whetstone":167,"PrismaticShard":9,"MomsKnife":64,"Cursed Key":132,"Old Coin":116,"SatanicBible":132,"hubris:Icosahedron":155,"Prayer Wheel":3,"Ring of Panic":9,"REME_LowDesire":91,"REME_OnlineShoppingPlatform":183,"KeepersGift":0,"ReplayTheSpireMod:CursedCoin":117,"Quantum Egg":15,"Dead Branch":91,"BelialBook":91,"BookOfRevelations":124,"RobotSpaceExplorer:RoboCore":0,"Eternal Feather":117,"aspiration:SecretTechniqueScroll":163,"reliquary:RosewoodLute":124,"aspiration:HiddenCompartment":91,"Question Card":143,"Medical Kit":143,"reliquary:IridiumChain":183,"Bottled Flame":55,"REME_HourglassOfDeath":15,"hubris:PeanutButter":117,"reliquary:BallBearing":19,"REME_HandOfSuture":183,"Snack Pack":38,"reliquary:BrokenClock":72,"Bottled Lightning":55,"GuppysHead":163,"ReplayTheSpireMod:Ring of Challenge":9,"EdensBlessing":213,"HushsDoor":0,"ReplayTheSpireMod:Lightbulb":183,"REME_ComplimentaryCards":0}]},"card_choices":[{"not_picked":[],"picked":"DoctorFetus","floor":0},{"not_picked":["RobotSpaceExplorer:StunGrenade","RobotSpaceExplorer:ShovelStrike","RobotSpaceExplorer:BigMissile"],"picked":"Transmutation","floor":1},{"not_picked":["RobotSpaceExplorer:Counterblock","RobotSpaceExplorer:GlueShot","RobotSpaceExplorer:Pulsar"],"picked":"Sadistic Nature","floor":3},{"not_picked":["RobotSpaceExplorer:ExhaustFan","RobotSpaceExplorer:SlimeMissile","Good Instincts"],"picked":"Bomb","floor":5},{"not_picked":["RobotSpaceExplorer:ExhaustFan","RobotSpaceExplorer:ImprovisedAttack","Flash of Steel"],"picked":"RobotSpaceExplorer:Pulsar","floor":6},{"not_picked":["RobotSpaceExplorer:ImprovisedAttack","RobotSpaceExplorer:MiniDrones","Jack Of All Trades"],"picked":"RobotSpaceExplorer:Accelerator","floor":8},{"not_picked":["RobotSpaceExplorer:ShockKick","Bomb","Bandage Up"],"picked":"RobotSpaceExplorer:FreezingShield","floor":12},{"not_picked":["RobotSpaceExplorer:ShockMissile","RobotSpaceExplorer:Scanner","RobotSpaceExplorer:Blaster"],"picked":"REME_WheelOfFate","floor":16},{"not_picked":["RobotSpaceExplorer:StunGrenade+1","RobotSpaceExplorer:MiniBoosters","ReplayTheSpireMod:Private Reserves"],"picked":"RobotSpaceExplorer:Pulsar","floor":18},{"not_picked":["RobotSpaceExplorer:MetalStrike","RobotSpaceExplorer:Reload","RobotSpaceExplorer:StunGrenade"],"picked":"REME_FirmDetermination","floor":19},{"not_picked":["RobotSpaceExplorer:ImprovisedAttack+1","RobotSpaceExplorer:Reload","Crow Ritual"],"picked":"RobotSpaceExplorer:LuckyStrike+1","floor":20},{"not_picked":["RobotSpaceExplorer:Smokescreen+1","RobotSpaceExplorer:SlimeMissile","RobotSpaceExplorer:DoubleFind+1","RobotSpaceExplorer:Pulsar"],"picked":"EpicFetus","floor":22},{"not_picked":["RobotSpaceExplorer:ScrapShield","RobotSpaceExplorer:FranticSearch+1","RobotSpaceExplorer:Electroshield","EpicFetus"],"picked":"RobotSpaceExplorer:TrailblazerForm","floor":23},{"not_picked":["RobotSpaceExplorer:MetalStrike+1","RobotSpaceExplorer:JunkDive","RobotSpaceExplorer:FranticSearch+1","RobotSpaceExplorer:MakeshiftVolley","Finesse+1"],"picked":"SKIP","floor":24},{"not_picked":["RobotSpaceExplorer:PowerGlove","RobotSpaceExplorer:GlueShot","RobotSpaceExplorer:SlimeMissile+1","Finesse"],"picked":"RobotSpaceExplorer:StarDust+1","floor":30},{"not_picked":["RobotSpaceExplorer:ScrapMissile+1","RobotSpaceExplorer:SurgingShield+1","RobotSpaceExplorer:BigMissile","RobotSpaceExplorer:LaserBurst+1"],"picked":"Sadistic Nature","floor":35},{"not_picked":["RobotSpaceExplorer:GlueShot","RobotSpaceExplorer:ShockKick+1","RobotSpaceExplorer:SwiftStep","RobotSpaceExplorer:Electroshield+1","Midas Touch"],"picked":"SKIP","floor":36},{"not_picked":["RobotSpaceExplorer:MiniDrones","RobotSpaceExplorer:ImprovisedAttack","RobotSpaceExplorer:ShockKick+1","Metamorphosis"],"picked":"RobotSpaceExplorer:PowerCollector","floor":37},{"not_picked":["RobotSpaceExplorer:Calculate","RobotSpaceExplorer:MiniBoosters+1","RobotSpaceExplorer:GlueSpray","RobotSpaceExplorer:ImprovisedAttack"],"picked":"hubris:EnhanceAbility","floor":38},{"not_picked":["RobotSpaceExplorer:MiniDrones","RobotSpaceExplorer:ImprovisedAttack+1","RobotSpaceExplorer:Reload+1","RobotSpaceExplorer:FreezeRay","PanicButton+1"],"picked":"SKIP","floor":41},{"not_picked":["RobotSpaceExplorer:SurgingStrike+1","RobotSpaceExplorer:DualCore+1","RobotSpaceExplorer:ShockKick","RobotSpaceExplorer:Jetpack"],"picked":"ReplayUltimateDefense","floor":42},{"not_picked":["RobotSpaceExplorer:IronShell","RobotSpaceExplorer:SurgingShield","RobotSpaceExplorer:Electropulse+1","RobotSpaceExplorer:SlimeMissile+1","Survey Options+1"],"picked":"SKIP","floor":46},{"not_picked":["RobotSpaceExplorer:SelfCleaning","RobotSpaceExplorer:SurgingStrike","RobotSpaceExplorer:MiniDrones","RobotSpaceExplorer:FreezeRay+1"],"picked":"REME_FirmDetermination","floor":48},{"not_picked":["RobotSpaceExplorer:ShockKick+1","RobotSpaceExplorer:Probe+1","RobotSpaceExplorer:BlastShield","RobotSpaceExplorer:BigMissile","ReplayTheSpireMod:Brewmster"],"picked":"SKIP","floor":54}],"player_experience":452026,"relics_obtained":[{"floor":0,"key":"BelialBook"},{"floor":0,"key":"aspiration:HiddenCompartment"},{"floor":6,"key":"Old Coin"},{"floor":9,"key":"Eternal Feather"},{"floor":23,"key":"aspiration:Stabinomicon"},{"floor":38,"key":"reliquary:IridiumChain"},{"floor":38,"key":"ReplayTheSpireMod:Lightbulb"},{"floor":43,"key":"Golden Egg"},{"floor":54,"key":"EdensBlessing"}],"event_choices":[{"cards_removed":["RobotSpaceExplorer:Strike"],"damage_healed":0,"gold_gain":0,"player_choice":"Card Removal","damage_taken":0,"max_hp_gain":0,"max_hp_loss":0,"event_name":"The Cleric","floor":2,"gold_loss":50},{"cards_removed":["hubris:Compulsion"],"damage_healed":0,"gold_gain":0,"player_choice":"Elegance","damage_taken":0,"max_hp_gain":0,"max_hp_loss":0,"event_name":"betterThird:BetterWriting","floor":31,"gold_loss":0},{"damage_healed":0,"gold_gain":0,"player_choice":"Fight","damage_taken":0,"max_hp_gain":0,"max_hp_loss":0,"event_name":"HidenRoomEvent","floor":38,"gold_loss":0},{"damage_healed":0,"gold_gain":0,"player_choice":"Leave","damage_taken":0,"max_hp_gain":0,"max_hp_loss":0,"event_name":"conspire:Investor","floor":45,"gold_loss":0}],"is_beta":false,"boss_relics":[{"not_picked":["Black Star","reliquary:KinkedSpring"],"picked":"Cursed Key"},{"not_picked":[]},{"not_picked":["hubris:TerracottaHorce","REME_DuelDisc"],"picked":"aspiration:SecretTechniqueScroll"},{"not_picked":[]}],"items_purged_floors":[0,11,14,21,34,47],"is_endless":false,"potions_floor_spawned":[8,16,19,22,36,41,48],"ascension_level":0}}