{"host":"szp1d6dso4pv7ddl","time":1612152951,"event":{"mods":["AchievementEnabler","Alarm Clock","BaseMod","Bestiary","Block Reminder","Colored Map","Colored Powertips","Curses Come First","Dark Map","Displayed Cursed Tome","Highlight Path","Minty Spire (QoL Compilation)","Permanent Neow","Quick Restart","Relic Sorter","Relic Stats","StSLib","Synergy Search"],"gold_per_floor":[113,129,129,54,74,74,101,118,172,172,185,206,216,216,216,309,309,325,325,37,90,90,90,111,111,137,162,176,176,176],"floor_reached":29,"language":"ENG","playtime":1885,"items_purged":["Doubt"],"score":394,"play_id":"5d3b5808-1c48-42aa-a705-0ac2b1ca3d31","local_time":"20210131201551","is_ascension_mode":true,"campfire_choices":[{"data":"Go for the Eyes","floor":6.0,"key":"SMITH"},{"floor":10.0,"key":"REST"},{"floor":15.0,"key":"REST"},{"data":"Reinforced Body","floor":23.0,"key":"SMITH"},{"data":"Conserve Battery","floor":25.0,"key":"SMITH"}],"circlet_count":0,"master_deck":["AscendersBane","Strike_B","Strike_B","Strike_B","Defend_B","Defend_B","Defend_B","Defend_B","Go for the Eyes+1","Conserve Battery+1","Reinforced Body+1","Gash","Melter","Echo Form","All For One","Go for the Eyes+1","Static Discharge+1","Loop+1","Leap","Glacier","Gash"],"relics":["Cracked Core","Unceasing Top","Happy Flower","Turnip","Question Card","Anchor","Odd Mushroom","Golden Idol","Astrolabe","MealTicket"],"acts_visited":["Exordium","TheCity"],"potions_floor_usage":[29,29],"damage_taken":[{"damage":5.0,"enemies":"Small Slimes","floor":1.0,"turns":4.0},{"damage":2.0,"enemies":"2 Louse","floor":2.0,"turns":2.0},{"damage":1.0,"enemies":"Cultist","floor":5.0,"turns":3.0},{"damage":23.0,"enemies":"Lagavulin","floor":7.0,"turns":9.0},{"damage":19.0,"enemies":"Large Slime","floor":8.0,"turns":7.0},{"damage":0.0,"enemies":"Blue Slaver","floor":11.0,"turns":3.0},{"damage":18.0,"enemies":"The Mushroom Lair","floor":12.0,"turns":6.0},{"damage":2.0,"enemies":"2 Fungi Beasts","floor":13.0,"turns":3.0},{"damage":15.0,"enemies":"The Guardian","floor":16.0,"turns":12.0},{"damage":10.0,"enemies":"Shell Parasite","floor":18.0,"turns":6.0},{"damage":16.0,"enemies":"3 Byrds","floor":24.0,"turns":5.0},{"damage":12.0,"enemies":"Snecko","floor":27.0,"turns":9.0},{"damage":0,"enemies":"Snake Plant","floor":28,"turns":6},{"damage":7,"enemies":"Colosseum Slavers","floor":29,"turns":6},{"damage":33,"enemies":"Colosseum Nobs","floor":29,"turns":4}],"seed_played":"4060191688104905376","potions_obtained":[{"floor":5.0,"key":"PowerPotion"},{"floor":7.0,"key":"Weak Potion"},{"floor":8.0,"key":"EssenceOfSteel"},{"floor":16.0,"key":"Block Potion"},{"floor":27.0,"key":"BlessingOfTheForge"}],"is_trial":false,"path_per_floor":["M","M","?","$","M","R","E","M","T","R","M","?","M","?","R","B",null,"M","?","$","T","?","R","M","R","T","M","M","?"],"character_chosen":"DEFECT","items_purchased":["Unceasing Top"],"campfire_rested":2,"item_purchase_floors":[20],"current_hp_per_floor":[59,57,62,62,61,61,38,19,19,41,41,23,21,21,41,26,58,48,48,48,48,62,62,46,46,46,34,34,0,0],"gold":176,"neow_bonus":"ONE_RARE_RELIC","is_daily":false,"chose_seed":false,"campfire_upgraded":3,"win_rate":0.0,"timestamp":1612152951,"path_taken":["M","M","?","$","M","R","E","M","T","R","M","?","M","?","R","BOSS","M","?","$","?","?","R","M","R","T","M","?","?"],"items_purchased_type":["Relic"],"build_version":"2020-12-22","purchased_purges":1,"victory":false,"max_hp_per_floor":[71,71,76,76,76,76,76,76,76,76,76,76,76,69,69,69,69,69,69,69,69,69,69,69,69,69,69,69,69,69],"relic_stats":{"Happy Flower":[10],"counters":[15,85],"Golden Idol":59,"Astrolabe":["Go for the Eyes","Static Discharge","Loop"],"MealTicket":0,"Turnip":[6],"Question Card":9,"obtain_stats":[{"Anchor":9,"Happy Flower":21,"Golden Idol":14,"Astrolabe":17,"MealTicket":26,"Turnip":0,"Odd Mushroom":12,"Cracked Core":0,"Question Card":7,"Unceasing Top":20},{"Anchor":5,"Happy Flower":10,"Golden Idol":8,"Astrolabe":9,"MealTicket":11,"Turnip":0,"Odd Mushroom":7,"Cracked Core":0,"Question Card":4,"Unceasing Top":10},{"Anchor":25,"Happy Flower":55,"Golden Idol":37,"Astrolabe":49,"MealTicket":60,"Turnip":0,"Odd Mushroom":34,"Cracked Core":0,"Question Card":18,"Unceasing Top":55}],"Unceasing Top":[4]},"card_choices":[{"not_picked":["Scrape","Conserve Battery"],"picked":"Go for the Eyes","floor":1.0},{"not_picked":["Sunder","Static Discharge","Loop"],"picked":"SKIP","floor":2.0},{"not_picked":["Steam Power","Rebound"],"picked":"Conserve Battery","floor":5.0},{"not_picked":["Rebound","Rip and Tear"],"picked":"Reinforced Body","floor":7.0},{"not_picked":["Ball Lightning","Fusion","Barrage","Turbo"],"picked":"SKIP","floor":8.0},{"not_picked":["Compile Driver","Blizzard","Loop"],"picked":"Gash","floor":11.0},{"not_picked":["Ball Lightning","Rip and Tear","Steam"],"picked":"Melter","floor":12.0},{"not_picked":["Rip and Tear","Darkness","Auto Shields"],"picked":"Echo Form","floor":13.0},{"not_picked":["Buffer","Electrodynamics","Seek"],"picked":"All For One","floor":16.0},{"not_picked":["Stack","Steam Power","Hologram"],"picked":"Leap","floor":18.0},{"not_picked":["Stack","Compile Driver","Recycle","Redo"],"picked":"SKIP","floor":24.0},{"not_picked":["Doom and Gloom","Undo","Chaos"],"picked":"Glacier","floor":27.0},{"not_picked":["Cold Snap","Capacitor","Redo"],"picked":"Gash","floor":28}],"player_experience":1337187,"relics_obtained":[{"floor":7.0,"key":"Question Card"},{"floor":9.0,"key":"Anchor"},{"floor":12.0,"key":"Odd Mushroom"},{"floor":21.0,"key":"Happy Flower"},{"floor":26.0,"key":"MealTicket"}],"event_choices":[{"damage_healed":0.0,"max_hp_gain":5.0,"max_hp_loss":0.0,"gold_gain":0.0,"event_name":"Big Fish","player_choice":"Donut","floor":3.0,"gold_loss":0.0,"damage_taken":0.0},{"damage_healed":0.0,"max_hp_gain":0.0,"max_hp_loss":0.0,"gold_gain":0.0,"event_name":"Mushrooms","player_choice":"Fought Mushrooms","floor":12.0,"gold_loss":0.0,"damage_taken":0.0},{"damage_healed":0.0,"max_hp_gain":0.0,"max_hp_loss":7.0,"gold_gain":0.0,"event_name":"Golden Idol","player_choice":"Lose Max HP","floor":14.0,"gold_loss":0.0,"damage_taken":0.0,"relics_obtained":["Golden Idol"]},{"damage_healed":0.0,"max_hp_gain":0.0,"max_hp_loss":0.0,"gold_gain":0.0,"event_name":"Match and Keep!","player_choice":"0 cards matched","floor":19.0,"gold_loss":0.0,"damage_taken":0.0,"cards_obtained":[]},{"damage_healed":14.0,"max_hp_gain":0.0,"max_hp_loss":0.0,"gold_gain":0.0,"event_name":"The Library","player_choice":"Heal","floor":22.0,"gold_loss":0.0,"damage_taken":0.0},{"damage_healed":0,"gold_gain":0,"player_choice":"Fight","damage_taken":0,"max_hp_gain":0,"max_hp_loss":0,"event_name":"Colosseum","floor":29,"gold_loss":0},{"damage_healed":0,"gold_gain":0,"player_choice":"Fought Nobs","damage_taken":0,"max_hp_gain":0,"max_hp_loss":0,"event_name":"Colosseum","floor":29,"gold_loss":0}],"is_beta":false,"boss_relics":[{"not_picked":["Inserter","SacredBark"],"picked":"Astrolabe"}],"items_purged_floors":[4],"is_endless":false,"potions_floor_spawned":[5,7,8,11,16,27],"killed_by":"Colosseum Nobs","ascension_level":15}}