{"host":"0xda83cdn4gx16er","time":1612142066,"event":{"mods":["BaseMod","Better Third Choice","BetterRewards","Colored Map","DeckTracker","Filter the Spire","Highlight Path","Minty Spire (QoL Compilation)","StSLib"],"gold_per_floor":[114,131,131,81,181,200,228,228,228,3,21,32,32,51,51,154,154,170,262,312,380,400,411,411,411],"floor_reached":24,"language":"JPN","playtime":1514,"items_purged":[],"score":365,"play_id":"05d5b617-3b65-45e0-b16b-6327c73218e8","local_time":"20210201101426","is_ascension_mode":true,"campfire_choices":[{"data":"Conclude","floor":8,"key":"SMITH"},{"floor":15,"key":"REST"}],"circlet_count":0,"master_deck":["Strike_P","Strike_P","Strike_P","Defend_P","Defend_P","Defend_P","Defend_P","Eruption","Vigilance","Judgement","InnerPeace","Conclude+1","FlurryOfBlows","Prostrate","Apotheosis","ClearTheMind","CutThroughFate","Crescendo","Wish","ThirdEye","Crescendo","SandsOfTime+1","ThirdEye"],"relics":["PureWater","Ancient Tea Set","Sundial","SsserpentHead","Snecko Eye"],"acts_visited":["Exordium","TheCity"],"potions_floor_usage":[24],"damage_taken":[{"damage":0,"enemies":"Jaw Worm","floor":1,"turns":1},{"damage":0,"enemies":"2 Louse","floor":2,"turns":1},{"damage":0,"enemies":"Cultist","floor":6,"turns":3},{"damage":29,"enemies":"Lagavulin","floor":7,"turns":7},{"damage":0,"enemies":"Looter","floor":11,"turns":1},{"damage":14,"enemies":"Gremlin Gang","floor":12,"turns":4},{"damage":4,"enemies":"Blue Slaver","floor":14,"turns":4},{"damage":0,"enemies":"Slime Boss","floor":16,"turns":4},{"damage":10,"enemies":"Shell Parasite","floor":18,"turns":5},{"damage":2,"enemies":"3 Byrds","floor":19,"turns":4},{"damage":28,"enemies":"Centurion and Healer","floor":21,"turns":5},{"damage":12,"enemies":"Snake Plant","floor":22,"turns":5},{"damage":9,"enemies":"Sentry and Sphere","floor":23,"turns":3},{"damage":4,"enemies":"Cultist and Chosen","floor":24,"turns":3}],"seed_played":"-4194188070431141593","potions_obtained":[{"floor":1,"key":"Block Potion"},{"floor":11,"key":"DistilledChaos"},{"floor":12,"key":"LiquidMemories"},{"floor":22,"key":"Dexterity Potion"}],"is_trial":false,"path_per_floor":["M","M","?","?","?","M","E","R","T","$","M","M","?","M","R","B",null,"M","M","?","M","M","M","M"],"character_chosen":"WATCHER","items_purchased":["Apotheosis","ClearTheMind"],"campfire_rested":1,"item_purchase_floors":[10,10],"current_hp_per_floor":[65,65,65,65,65,65,36,36,36,36,36,22,22,18,39,39,64,54,52,52,24,12,3,0,0],"gold":411,"neow_bonus":"ONE_RANDOM_RARE_CARD","is_daily":false,"chose_seed":false,"campfire_upgraded":1,"win_rate":0.0,"timestamp":1612142066,"path_taken":["M","M","?","?","?","?","E","R","T","$","M","M","?","M","R","BOSS","M","?","?","?","M","M","M"],"items_purchased_type":["Card","Card"],"build_version":"2020-12-22","purchased_purges":0,"victory":false,"max_hp_per_floor":[72,72,72,72,72,72,72,72,72,72,72,72,72,72,72,72,72,72,72,72,72,72,72,72,72],"card_choices":[{"not_picked":["JustLucky","SashWhip"],"picked":"InnerPeace","floor":1},{"not_picked":["ClearTheMind","Crescendo"],"picked":"Conclude","floor":2},{"not_picked":["Worship","FlyingSleeves"],"picked":"FlurryOfBlows","floor":6},{"not_picked":["Wireheading","Weave"],"picked":"Prostrate","floor":7},{"not_picked":["SashWhip","EmptyBody"],"picked":"CutThroughFate","floor":11},{"not_picked":["SashWhip","JustLucky","FollowUp"],"picked":"SKIP","floor":12},{"not_picked":["Halt","EmptyFist"],"picked":"Crescendo","floor":14},{"not_picked":["Omniscience","Scrawl"],"picked":"Wish","floor":16},{"not_picked":["Vengeance","Wireheading+1"],"picked":"ThirdEye","floor":18},{"not_picked":["FollowUp","CrushJoints"],"picked":"Crescendo","floor":19},{"not_picked":["PathToVictory+1","Prostrate","FollowUp"],"picked":"SKIP","floor":21},{"not_picked":["FlurryOfBlows","CutThroughFate"],"picked":"SandsOfTime+1","floor":22},{"not_picked":["Halt","SashWhip"],"picked":"ThirdEye","floor":23}],"player_experience":548774,"relics_obtained":[{"floor":7,"key":"Ancient Tea Set"},{"floor":9,"key":"Sundial"}],"event_choices":[{"damage_healed":0,"gold_gain":0,"player_choice":"Ignored","damage_taken":131,"max_hp_gain":0,"max_hp_loss":0,"event_name":"betterThird:BetterSerpent","floor":3,"gold_loss":0},{"cards_removed":["Strike_P"],"damage_healed":0,"gold_gain":0,"player_choice":"Card Removal","damage_taken":0,"max_hp_gain":0,"max_hp_loss":0,"event_name":"The Cleric","floor":4,"gold_loss":50},{"damage_healed":0,"gold_gain":100,"player_choice":"Pray","damage_taken":0,"max_hp_gain":0,"max_hp_loss":0,"event_name":"Golden Shrine","floor":5,"gold_loss":0},{"damage_healed":0,"gold_gain":0,"player_choice":"Trade","damage_taken":0,"relics_obtained":["SsserpentHead"],"max_hp_gain":0,"max_hp_loss":0,"event_name":"FaceTrader","floor":13,"gold_loss":0},{"damage_healed":0,"gold_gain":0,"player_choice":"Bought 0 Potions","damage_taken":0,"max_hp_gain":0,"max_hp_loss":0,"event_name":"The Woman in Blue","floor":20,"gold_loss":0}],"is_beta":false,"boss_relics":[{"not_picked":["Pandora\u0027s Box","Coffee Dripper"],"picked":"Snecko Eye"}],"items_purged_floors":[],"is_endless":false,"potions_floor_spawned":[1,11,12,21,22,23],"killed_by":"Cultist and Chosen","ascension_level":9}}