{"host":"6r762osam2bvfm66","time":1612140577,"event":{"mods":["BaseMod","Colored Map","Minty Spire (QoL Compilation)"],"gold_per_floor":[115,129,143,163,163,163,191,191,191,191,205,231,249,277,277,375,375,393,393,57,77,88,123,135,166,178,201,239,251,283,310,322,434,446,470,442,470,501,513,525,562,592,604,632,660,672,714,742,754,766],"floor_reached":51,"language":"ENG","playtime":3026,"items_purged":["Strike_R"],"score":864,"play_id":"fdc3a5d3-ab65-4e0b-aa8f-e65dc2bb2ece","local_time":"20210131184937","is_ascension_mode":true,"campfire_choices":[{"data":"True Grit","floor":6.0,"key":"SMITH"},{"data":"Uppercut","floor":8.0,"key":"SMITH"},{"data":"Inflame","floor":10.0,"key":"SMITH"},{"data":"Heavy Blade","floor":15.0,"key":"SMITH"},{"data":"Heavy Blade","floor":24.0,"key":"SMITH"},{"data":"Clothesline","floor":29.0,"key":"SMITH"},{"floor":32.0,"key":"REST"},{"floor":40.0,"key":"RECALL"},{"data":"Reaper","floor":46.0,"key":"SMITH"},{"floor":49.0,"key":"REST"}],"circlet_count":0,"master_deck":["Defend_R","Defend_R","Defend_R","Defend_R","Bash","Corruption","Clothesline+1","Uppercut+1","Inflame+1","True Grit+1","Shrug It Off","Dropkick","Armaments+1","Heavy Blade+1","Feel No Pain+1","Demon Form+1","Thunderclap","Finesse+1","Limit Break+1","Inflame+1","Heavy Blade+1","Battle Trance+1","Feel No Pain+1","Flame Barrier+1","Disarm+1","Reaper+1","Fiend Fire+1","Searing Blow+1","Pummel+1","True Grit+1","Mayhem+1","Spot Weakness+1"],"relics":["Burning Blood","Anchor","Toxic Egg 2","Gremlin Horn","Frozen Egg 2","Velvet Choker","MawBank","Nunchaku","Strawberry","Astrolabe","Juzu Bracelet","Ice Cream","Boot"],"acts_visited":["Exordium","TheCity","TheBeyond"],"potions_floor_usage":[50,50],"damage_taken":[{"damage":6.0,"enemies":"Cultist","floor":1.0,"turns":3.0},{"damage":0.0,"enemies":"2 Louse","floor":2.0,"turns":3.0},{"damage":3.0,"enemies":"Jaw Worm","floor":3.0,"turns":4.0},{"damage":17.0,"enemies":"Exordium Thugs","floor":4.0,"turns":5.0},{"damage":19.0,"enemies":"Gremlin Nob","floor":7.0,"turns":5.0},{"damage":0.0,"enemies":"Lots of Slimes","floor":11.0,"turns":6.0},{"damage":14.0,"enemies":"3 Sentries","floor":12.0,"turns":9.0},{"damage":2.0,"enemies":"Looter","floor":13.0,"turns":3.0},{"damage":0.0,"enemies":"Lagavulin","floor":14.0,"turns":7.0},{"damage":36.0,"enemies":"Hexaghost","floor":16.0,"turns":10.0},{"damage":4.0,"enemies":"2 Thieves","floor":18.0,"turns":4.0},{"damage":18.0,"enemies":"3 Byrds","floor":21.0,"turns":4.0},{"damage":10.0,"enemies":"Sentry and Sphere","floor":22.0,"turns":4.0},{"damage":16.0,"enemies":"Book of Stabbing","floor":23.0,"turns":5.0},{"damage":3.0,"enemies":"Centurion and Healer","floor":25.0,"turns":5.0},{"damage":8.0,"enemies":"Shelled Parasite and Fungi","floor":27.0,"turns":4.0},{"damage":10.0,"enemies":"Slavers","floor":28.0,"turns":5.0},{"damage":9.0,"enemies":"Cultist and Chosen","floor":30.0,"turns":8.0},{"damage":16.0,"enemies":"3 Cultists","floor":31.0,"turns":4.0},{"damage":54.0,"enemies":"Collector","floor":33.0,"turns":7.0},{"damage":0.0,"enemies":"Orb Walker","floor":35.0,"turns":4.0},{"damage":20.0,"enemies":"3 Darklings","floor":37.0,"turns":5.0},{"damage":13.0,"enemies":"Spire Growth","floor":38.0,"turns":3.0},{"damage":9.0,"enemies":"Giant Head","floor":41.0,"turns":5.0},{"damage":17.0,"enemies":"Maw","floor":42.0,"turns":7.0},{"damage":6.0,"enemies":"3 Darklings","floor":44.0,"turns":4.0},{"damage":1.0,"enemies":"4 Shapes","floor":45.0,"turns":3.0},{"damage":78.0,"enemies":"Reptomancer","floor":47.0,"turns":9.0},{"damage":21.0,"enemies":"Transient","floor":48.0,"turns":5.0},{"damage":74,"enemies":"Awakened One","floor":50,"turns":6}],"seed_played":"2972746948928836855","potions_obtained":[{"floor":2.0,"key":"Block Potion"},{"floor":3.0,"key":"EssenceOfSteel"},{"floor":4.0,"key":"Weak Potion"},{"floor":11.0,"key":"AttackPotion"},{"floor":18.0,"key":"AttackPotion"},{"floor":22.0,"key":"Energy Potion"},{"floor":27.0,"key":"Block Potion"},{"floor":28.0,"key":"SteroidPotion"},{"floor":33.0,"key":"DuplicationPotion"},{"floor":36.0,"key":"DuplicationPotion"},{"floor":36.0,"key":"ElixirPotion"}],"is_trial":false,"path_per_floor":["M","M","M","M","?","R","E","R","T","R","M","E","M","E","R","B",null,"M","?","$","M","M","E","R","M","T","M","E","R","M","M","R","B",null,"M","?","M","M","?","R","E","M","T","M","M","R","E","M","R","B",null],"character_chosen":"IRONCLAD","items_purchased":["Limit Break+1","Inflame+1","Heavy Blade","Battle Trance+1"],"campfire_rested":2,"item_purchase_floors":[20,20,20,20],"current_hp_per_floor":[80,80,80,69,69,69,56,56,56,56,62,54,58,64,64,34,80,80,80,80,68,64,54,54,57,57,55,58,58,55,45,71,23,87,87,87,87,80,80,80,77,87,87,87,87,87,50,46,72,61],"gold":778,"neow_bonus":"ONE_RANDOM_RARE_CARD","is_daily":false,"chose_seed":false,"campfire_upgraded":7,"win_rate":0.0,"timestamp":1612140577,"path_taken":["M","M","?","M","?","R","E","R","T","R","M","E","?","E","R","BOSS","M","?","?","M","M","E","R","?","T","M","E","R","M","M","R","BOSS","M","?","?","M","?","R","E","M","T","M","M","R","E","M","R","BOSS"],"items_purchased_type":["Card","Card","Card","Card"],"build_version":"2020-12-22","purchased_purges":1,"victory":true,"max_hp_per_floor":[80,80,80,80,80,80,80,80,80,80,80,80,80,80,80,80,80,80,80,80,80,80,80,80,80,80,80,87,87,87,87,87,87,87,87,87,87,87,87,87,87,87,87,87,87,87,87,87,87,87],"card_choices":[{"not_picked":["Flame Barrier","Headbutt"],"picked":"Clothesline","floor":1.0},{"not_picked":["Flex","Cleave"],"picked":"Uppercut","floor":2.0},{"not_picked":["Ghostly Armor","Dual Wield"],"picked":"Inflame","floor":3.0},{"not_picked":["Pommel Strike","Entrench"],"picked":"True Grit","floor":4.0},{"not_picked":["Thunderclap","Iron Wave"],"picked":"Shrug It Off","floor":7.0},{"not_picked":["Anger","Searing Blow"],"picked":"Dropkick","floor":11.0},{"not_picked":["Power Through+1","Brutality"],"picked":"Armaments+1","floor":12.0},{"not_picked":["Anger","True Grit+1"],"picked":"Heavy Blade","floor":13.0},{"not_picked":["Rage+1","Thunderclap"],"picked":"Feel No Pain+1","floor":14.0},{"not_picked":["Brutality+1","Fiend Fire"],"picked":"Demon Form+1","floor":16.0},{"not_picked":["Fire Breathing+1","Blood for Blood"],"picked":"Thunderclap","floor":18.0},{"not_picked":["Flex+1","Armaments+1"],"picked":"Feel No Pain+1","floor":21.0},{"not_picked":["Dark Embrace+1","True Grit+1","Pommel Strike"],"picked":"SKIP","floor":22.0},{"not_picked":["Cleave","Burning Pact+1","Feel No Pain+1"],"picked":"SKIP","floor":23.0},{"not_picked":["Thunderclap","Clash"],"picked":"Flame Barrier+1","floor":25.0},{"not_picked":["Flex+1","Twin Strike","Brutality+1"],"picked":"SKIP","floor":27.0},{"not_picked":["Thunderclap","Pummel","Clash"],"picked":"SKIP","floor":28.0},{"not_picked":["Clothesline","Rage+1","Iron Wave"],"picked":"SKIP","floor":30.0},{"not_picked":["Uppercut","Twin Strike"],"picked":"Disarm+1","floor":31.0},{"not_picked":["Corruption+1","Offering+1"],"picked":"Reaper","floor":33.0},{"not_picked":["Warcry+1","Twin Strike","Disarm+1"],"picked":"SKIP","floor":35.0},{"not_picked":["Iron Wave+1","Power Through+1","Rage+1"],"picked":"SKIP","floor":37.0},{"not_picked":["Sever Soul","Cleave"],"picked":"True Grit+1","floor":38.0},{"not_picked":["Panacea+1","Finesse+1"],"picked":"Mayhem+1","floor":39.0},{"not_picked":["Carnage+1","Disarm+1","Headbutt"],"picked":"SKIP","floor":41.0},{"not_picked":["Pommel Strike+1","Hemokinesis+1"],"picked":"Spot Weakness+1","floor":42.0},{"not_picked":["Clash+1","Clothesline","Seeing Red+1"],"picked":"SKIP","floor":44.0},{"not_picked":["Burning Pact+1","Thunderclap+1","Intimidate+1"],"picked":"SKIP","floor":45.0},{"not_picked":["Anger+1","Seeing Red+1","Clash"],"picked":"SKIP","floor":47.0},{"not_picked":["Inflame+1","Headbutt","Iron Wave+1"],"picked":"SKIP","floor":48.0}],"player_experience":10607,"relics_obtained":[{"floor":7.0,"key":"Anchor"},{"floor":9.0,"key":"Toxic Egg 2"},{"floor":12.0,"key":"Gremlin Horn"},{"floor":14.0,"key":"Frozen Egg 2"},{"floor":23.0,"key":"MawBank"},{"floor":26.0,"key":"Nunchaku"},{"floor":28.0,"key":"Strawberry"},{"floor":41.0,"key":"Juzu Bracelet"},{"floor":43.0,"key":"Ice Cream"},{"floor":47.0,"key":"Boot"}],"event_choices":[{"cards_removed":["Strike_R"],"damage_healed":0.0,"max_hp_gain":0.0,"max_hp_loss":0.0,"gold_gain":0.0,"event_name":"Purifier","player_choice":"Purged","floor":5.0,"gold_loss":0.0,"damage_taken":0.0},{"damage_healed":0.0,"max_hp_gain":0.0,"max_hp_loss":0.0,"gold_gain":0.0,"event_name":"Match and Keep!","player_choice":"1 cards matched","floor":19.0,"gold_loss":0.0,"damage_taken":0.0,"cards_obtained":["Finesse"]},{"damage_healed":0.0,"max_hp_gain":0.0,"max_hp_loss":0.0,"gold_gain":0.0,"event_name":"The Woman in Blue","player_choice":"Bought 3 Potions","floor":36.0,"gold_loss":0.0,"damage_taken":0.0},{"damage_healed":0.0,"max_hp_gain":0.0,"max_hp_loss":0.0,"gold_gain":0.0,"event_name":"SensoryStone","player_choice":"Memory 1","floor":39.0,"gold_loss":0.0,"damage_taken":0.0}],"is_beta":false,"boss_relics":[{"not_picked":["SlaversCollar","Cursed Key"],"picked":"Velvet Choker"},{"not_picked":["Tiny House","Empty Cage"],"picked":"Astrolabe"}],"items_purged_floors":[20],"is_endless":false,"potions_floor_spawned":[2,3,4,11,12,18,22,27,28,33,37,41,44,45],"ascension_level":1}}