{"host":"p7cjtxxrilhp4dw7","time":1612213646,"event":{"mods":["BaseMod","Block Reminder","Colored Map","Curses Come First","Highlight Path","Minty Spire (QoL Compilation)","Replay The Spire","StSLib","The Hierophant"],"gold_per_floor":[117,132,180,190,190,190,219,219,246,281,281,281,281,61,61,159,159,177,65,78,78,0,0,0],"floor_reached":23,"language":"ENG","playtime":1680,"items_purged":["ReplayTheSpireMod:Splinters"],"score":293,"play_id":"8392a726-4368-43f1-8751-8a9399c4b108","local_time":"20210201140726","is_ascension_mode":true,"campfire_choices":[{"data":"Dualcast","floor":6,"key":"SMITH"},{"floor":8,"key":"REST"},{"floor":15,"key":"REST"}],"circlet_count":0,"master_deck":["AscendersBane","Strike_B","Strike_B+1","Strike_B","Strike_B+1","Defend_B+1","Defend_B","Defend_B","Defend_B","Zap+1","Dualcast+1","Rip and Tear+1","Ball Lightning","Chaos+1","Panic Button","Parasite","Fission","BasicCrystalCard+1","Core Surge+1","Panic Button"],"relics":["Cracked Core","Gremlin Horn","Art of War","Replay:Wax Seal","Calipers","Whetstone"],"acts_visited":["Exordium","TheCity"],"potions_floor_usage":[7,10,16,16],"damage_taken":[{"damage":1,"enemies":"Cultist","floor":1,"turns":4},{"damage":2,"enemies":"Jaw Worm","floor":2,"turns":2},{"damage":0,"enemies":"Small Slimes","floor":4,"turns":2},{"damage":25,"enemies":"Lagavulin","floor":7,"turns":5},{"damage":15,"enemies":"3 Sentries","floor":10,"turns":3},{"damage":20,"enemies":"Hexaghost","floor":16,"turns":9},{"damage":27,"enemies":"3 Byrds","floor":18,"turns":5},{"damage":12,"enemies":"Chosen","floor":20,"turns":3},{"damage":63,"enemies":"Slavers","floor":23,"turns":4}],"seed_played":"-332522032409062979","potions_obtained":[{"floor":2,"key":"FocusPotion"},{"floor":3,"key":"Adrenaline Potion"},{"floor":7,"key":"Explosive Potion"},{"floor":10,"key":"ColorlessPotion"}],"is_trial":false,"path_per_floor":["M","M","?","M","?","R","E","R","T","E","?","?","?","$","R","B",null,"M","$","M","?","?","E"],"character_chosen":"DEFECT","items_purchased":["Whetstone","Core Surge+1"],"campfire_rested":2,"item_purchase_floors":[14,19],"current_hp_per_floor":[67,65,65,65,65,65,40,62,62,47,32,50,50,50,72,52,69,42,42,30,55,55,0,0],"gold":0,"neow_bonus":"UPGRADE_CARD","is_daily":false,"chose_seed":false,"campfire_upgraded":1,"win_rate":0.0,"timestamp":1612213646,"path_taken":["M","?","?","M","?","R","E","R","T","E","?","?","?","$","R","BOSS","M","$","M","?","?","E"],"items_purchased_type":["Relic","Card"],"build_version":"2020-12-22","purchased_purges":1,"victory":false,"max_hp_per_floor":[75,75,75,75,75,75,75,75,75,75,75,75,75,75,75,75,75,75,75,75,75,75,75,75],"card_choices":[{"not_picked":["Go for the Eyes","Loop"],"picked":"Rip and Tear","floor":1},{"not_picked":["Time Bomb","Reprogram","BasicCrystalCard"],"picked":"SKIP","floor":2},{"not_picked":["Go for the Eyes","Skim"],"picked":"Ball Lightning","floor":3},{"not_picked":["ReplayTheSpireMod:System Scan","Steam Power"],"picked":"Chaos","floor":4},{"not_picked":["Undo","Gash"],"picked":"Panic Button","floor":7},{"not_picked":["Sweeping Beam","ReplayTheSpireMod:System Scan","Hello World"],"picked":"SKIP","floor":10},{"not_picked":["Creative AI","Core Surge"],"picked":"Fission","floor":16},{"not_picked":["Sweeping Beam+1","Beam Cell"],"picked":"BasicCrystalCard+1","floor":18},{"not_picked":["Rebound+1","Streamline"],"picked":"Panic Button","floor":20}],"player_experience":615806,"relics_obtained":[{"floor":3,"key":"Gremlin Horn"},{"floor":7,"key":"Art of War"},{"floor":9,"key":"Replay:Wax Seal"},{"floor":10,"key":"Calipers"}],"event_choices":[{"damage_healed":0,"gold_gain":0,"player_choice":"Ignored","damage_taken":0,"max_hp_gain":0,"max_hp_loss":0,"event_name":"Liars Game","floor":5,"gold_loss":0},{"damage_healed":0,"gold_gain":0,"player_choice":"Entered Light","damage_taken":15,"max_hp_gain":0,"max_hp_loss":0,"event_name":"Shining Light","floor":11,"gold_loss":0,"cards_upgraded":["Strike_B","Chaos"]},{"damage_healed":18,"gold_gain":0,"player_choice":"Healed and dodged fight","damage_taken":0,"max_hp_gain":0,"max_hp_loss":0,"event_name":"Mushrooms","floor":12,"gold_loss":0,"cards_obtained":["Parasite"]},{"damage_healed":25,"gold_gain":0,"player_choice":"Heal","damage_taken":0,"max_hp_gain":0,"max_hp_loss":0,"event_name":"The Library","floor":21,"gold_loss":0},{"damage_healed":0,"gold_gain":0,"player_choice":"Paid Fearfully","damage_taken":0,"max_hp_gain":0,"max_hp_loss":0,"event_name":"Masked Bandits","floor":22,"gold_loss":78}],"is_beta":false,"boss_relics":[{"not_picked":["Honey Jar","Replay:Drink Me","Velvet Choker"]}],"items_purged_floors":[14],"is_endless":false,"potions_floor_spawned":[2,7,10],"killed_by":"Slavers","ascension_level":10}}