{"host":"w6ebodudjlk2jwu4","time":1612154196,"event":{"mods":["Act Like it!","Bard","BaseMod","Beaked The Cultist","Colored Map","Glutton Mod","Hermit","Highlight Path","Infinite Spire","Jorbs\u0027s Wanderer Trilogy","Koishi","Mad Scientist","Marisa????????","Minty Spire (QoL Compilation)","Relic Stats","Replay The Spire","Robot Space Explorer","StSLib","The Administrix","The Blue Laboratory","The Bug Knight","The Construct","The Cursed","The Marked","The Mystic","The Servant 0.9.4","The Witch","Wandering Minibosses"],"gold_per_floor":[113,288,288,288,41,41,75,87,138,156,6,6,19,34,34,130,130,150,150,2,12,12,12,38,50,50,69,69,69],"floor_reached":28,"language":"ENG","playtime":3214,"items_purged":["Doubt"],"score":263,"play_id":"fd0930d3-3ef7-4c11-bea9-ef844b9bf89e","local_time":"20210131203636","is_ascension_mode":false,"campfire_choices":[{"data":"mysticmod:Shield","floor":6,"key":"SMITH"},{"data":"mysticmod:Disengage","floor":12,"key":"SMITH"},{"data":"mysticmod:PreparedCaster","floor":15,"key":"SMITH"},{"data":"mysticmod:CureLightWounds","floor":23,"key":"SMITH"}],"circlet_count":0,"master_deck":["mysticmod:Defend_Mystic","mysticmod:Defend_Mystic","mysticmod:Defend_Mystic+1","mysticmod:Defend_Mystic","mysticmod:ArcaneDodge","mysticmod:ShockingGrasp+1","mysticmod:Disengage+1","mysticmod:Shield+1","mysticmod:EarthenWall","mysticmod:TomeOfSpells","mysticmod:ChargedParry+1","mysticmod:Riposte","mysticmod:PreparedCaster+1","mysticmod:Discipline+1","mysticmod:BladedDash+1","Bite","Bite","Bite","Bite","Bite+1","mysticmod:CureLightWounds+1","ReplayTheSpireMod:Whispers of Evil","mysticmod:ChargedParry+1","mysticmod:ShockingGrasp","mysticmod:EnchantedMoulinet+1","mysticmod:PureInstinct+1","mysticmod:HeavyStrike"],"relics":["mysticmod:SpellBook","Anchor","Golden Egg","Bag of Preparation","Lee\u0027s Waffle","Velvet Choker","Whetstone","War Paint","CaptainsWheel"],"acts_visited":["Exordium","TheCity"],"potions_floor_usage":[16,16,16,24,28,28,28],"damage_taken":[{"damage":1,"enemies":"Cultist","floor":1,"turns":5},{"damage":4,"enemies":"3 Sentries","floor":7,"turns":12},{"damage":0,"enemies":"Jaw Worm","floor":8,"turns":3},{"damage":0,"enemies":"2 Louse","floor":10,"turns":3},{"damage":0,"enemies":"Red Slaver","floor":13,"turns":3},{"damage":0,"enemies":"Looter","floor":14,"turns":3},{"damage":84,"enemies":"Slime Boss","floor":16,"turns":26},{"damage":33,"enemies":"3 Byrds","floor":18,"turns":10},{"damage":0,"enemies":"Shell Parasite","floor":21,"turns":9},{"damage":37,"enemies":"Book of Stabbing","floor":24,"turns":8},{"damage":14,"enemies":"Centurion and Healer","floor":25,"turns":6},{"damage":0,"enemies":"Snecko","floor":27,"turns":6},{"damage":91,"enemies":"Chosen and Byrds","floor":28,"turns":13}],"seed_played":"-1663174146105937536","potions_obtained":[{"floor":7,"key":"ColorlessPotion"},{"floor":13,"key":"blueLaboratory:NullPotion"},{"floor":14,"key":"blueLaboratory:FrostheartPotion"},{"floor":16,"key":"blueLaboratory:AbyssPotion"},{"floor":18,"key":"Fire Potion"},{"floor":24,"key":"Explosive Potion"},{"floor":25,"key":"Strength Potion"}],"is_trial":false,"path_per_floor":["M","?","?","?","$","R","E","M","T","M","$","R","M","M","R","B",null,"M","?","$","M","?","R","E","M","T","M","M"],"character_chosen":"MYSTIC_CLASS","items_purchased":["mysticmod:Shield","Anchor","Lee\u0027s Waffle","Whetstone"],"campfire_rested":0,"item_purchase_floors":[5,5,11,20],"current_hp_per_floor":[83,83,66,66,66,66,62,62,62,62,91,91,91,91,91,7,91,58,58,58,63,63,63,38,44,44,63,0,0],"gold":69,"neow_bonus":"TEN_PERCENT_HP_BONUS","is_daily":false,"chose_seed":false,"campfire_upgraded":4,"win_rate":0.0,"timestamp":1612154196,"path_taken":["M","?","?","?","$","R","E","M","T","?","?","R","M","M","R","BOSS","M","?","$","M","?","R","E","?","T","M","M"],"items_purchased_type":["Card","Relic","Relic","Relic"],"build_version":"2020-12-22","purchased_purges":1,"victory":false,"max_hp_per_floor":[84,84,84,84,84,84,84,84,84,84,91,91,91,91,91,91,91,91,63,63,63,63,63,63,63,63,63,63,63],"relic_stats":{"Lee\u0027s Waffle":29,"counters":[13,107],"Bag of Preparation":[20],"Whetstone":["Bite","mysticmod:ShockingGrasp"],"War Paint":["mysticmod:ChargedParry","mysticmod:ChargedParry"],"obtain_stats":[{"Golden Egg":7,"Anchor":5,"Lee\u0027s Waffle":11,"CaptainsWheel":26,"Velvet Choker":17,"mysticmod:SpellBook":0,"Bag of Preparation":9,"Whetstone":20,"War Paint":24},{"Golden Egg":2,"Anchor":1,"Lee\u0027s Waffle":4,"CaptainsWheel":11,"Velvet Choker":7,"mysticmod:SpellBook":0,"Bag of Preparation":3,"Whetstone":8,"War Paint":10},{"Golden Egg":17,"Anchor":5,"Lee\u0027s Waffle":23,"CaptainsWheel":88,"Velvet Choker":55,"mysticmod:SpellBook":0,"Bag of Preparation":20,"Whetstone":65,"War Paint":82}]},"card_choices":[{"not_picked":["mysticmod:BulkUp","mysticmod:Flourish"],"picked":"mysticmod:Disengage","floor":1},{"not_picked":["mysticmod:Flourish","mysticmod:VorpalThrust"],"picked":"mysticmod:EarthenWall","floor":7},{"not_picked":["mysticmod:Disengage","mysticmod:Alacrity"],"picked":"mysticmod:TomeOfSpells","floor":8},{"not_picked":["mysticmod:Fireball","mysticmod:AllIn"],"picked":"mysticmod:ChargedParry","floor":10},{"not_picked":["mysticmod:PreparedCaster","mysticmod:LightningBolt"],"picked":"mysticmod:Riposte","floor":13},{"not_picked":["mysticmod:BulkUp","mysticmod:Sideswipe"],"picked":"mysticmod:PreparedCaster","floor":14},{"not_picked":["mysticmod:Doublecast","mysticmod:EnchantedMoulinet"],"picked":"mysticmod:Discipline","floor":16},{"not_picked":["mysticmod:PowerSlash","mysticmod:ComponentsPouch"],"picked":"mysticmod:BladedDash+1","floor":18},{"not_picked":["mysticmod:Daze","mysticmod:TomeOfSpells"],"picked":"mysticmod:CureLightWounds","floor":21},{"not_picked":["mysticmod:Riposte","mysticmod:PureInstinct+1"],"picked":"mysticmod:EnchantedMoulinet","floor":24},{"not_picked":["mysticmod:FloatingDisk","mysticmod:CorrosiveTouch"],"picked":"mysticmod:PureInstinct+1","floor":25},{"not_picked":["mysticmod:IllusionOfCalm","mysticmod:Snowball+1"],"picked":"mysticmod:HeavyStrike","floor":27}],"player_experience":134789,"relics_obtained":[{"floor":7,"key":"Golden Egg"},{"floor":9,"key":"Bag of Preparation"},{"floor":24,"key":"War Paint"},{"floor":26,"key":"CaptainsWheel"}],"event_choices":[{"damage_healed":0,"gold_gain":175,"player_choice":"AGREE","damage_taken":0,"max_hp_gain":0,"max_hp_loss":0,"event_name":"Liars Game","floor":2,"gold_loss":0,"cards_obtained":["Doubt"]},{"damage_healed":0,"gold_gain":0,"player_choice":"Entered Light","damage_taken":17,"max_hp_gain":0,"max_hp_loss":0,"event_name":"Shining Light","floor":3,"gold_loss":0,"cards_upgraded":["mysticmod:Strike_Mystic","mysticmod:Defend_Mystic"]},{"damage_healed":0,"gold_gain":0,"player_choice":"Ignored","damage_taken":0,"max_hp_gain":0,"max_hp_loss":0,"event_name":"NoteForYourself","floor":4,"gold_loss":0},{"damage_healed":0,"gold_gain":0,"player_choice":"Became a vampire","damage_taken":0,"max_hp_gain":0,"max_hp_loss":28,"event_name":"Vampires","floor":19,"gold_loss":0,"cards_obtained":["Bite","Bite","Bite","Bite","Bite"]},{"damage_healed":0,"gold_gain":0,"player_choice":"3 cards matched","damage_taken":0,"max_hp_gain":0,"max_hp_loss":0,"event_name":"Match and Keep!","floor":22,"gold_loss":0,"cards_obtained":["ReplayTheSpireMod:Whispers of Evil","mysticmod:ChargedParry","mysticmod:ShockingGrasp"]}],"is_beta":false,"boss_relics":[{"not_picked":["SacredBark","Philosopher\u0027s Stone"],"picked":"Velvet Choker"}],"items_purged_floors":[5],"is_endless":false,"potions_floor_spawned":[7,13,14,16,18,24,25],"killed_by":"Chosen and Byrds","ascension_level":0}}