{"host":"g6a9gfzrk472u7l9","time":1612188511,"event":{"mods":["BaseMod","Downfall","Minty Spire (QoL Compilation)","StSLib"],"gold_per_floor":[99,117,117,133,148,183,183,19,49,69,54,69,98,112,124,221,221,121,136,150,169,184,19,67,67,67,80,114,130,146,180,196,196,196,196],"floor_reached":33,"language":"ENG","playtime":2686,"items_purged":["Guardian:Strike_Guardian"],"score":331,"play_id":"b138b4c1-b62b-47b5-b790-235e8b367293","local_time":"20210201150831","is_ascension_mode":true,"campfire_choices":[{"data":"Guardian:TwinSlam","floor":1,"key":"SMITH"},{"data":"Guardian:PiercingHide","floor":18,"key":"SMITH"},{"floor":25,"key":"REST"}],"circlet_count":0,"master_deck":["Guardian:Strike_Guardian","Guardian:Strike_Guardian","Guardian:Defend_Guardian","Guardian:Defend_Guardian","Guardian:Defend_Guardian","Guardian:Defend_Guardian","Guardian:CurlUp","Guardian:TwinSlam+1","Guardian:GemFire","Guardian:PrimingBeam","Guardian:ChargeCore","Guardian:FierceBash","Guardian:ChargeUp","Guardian:BronzeArmor","Guardian:Orbwalk","Guardian:PiercingHide+1","Guardian:EvasiveProtocol","Guardian:Recover","Guardian:SphericShield","Guardian:EvasiveProtocol+1","Guardian:ArmoredProtocol","Guardian:Gem_Green","Guardian:BodySlam"],"relics":["Guardian:ModeShifter","Incense Burner","CaptainsWheel","Anchor","Eternal Feather","Matryoshka","Black Star","downfall:HeartBlessingGreen","Orichalcum","Guardian:PickAxe","Turnip","Strawberry","Du-Vu Doll","Bag of Preparation"],"acts_visited":["Exordium","TheCity"],"potions_floor_usage":[16,21,30,33,33,33],"damage_taken":[{"damage":1,"enemies":"Jaw Worm","floor":2,"turns":3},{"damage":1,"enemies":"Cultist","floor":4,"turns":4},{"damage":2,"enemies":"2 Louse","floor":5,"turns":2},{"damage":27,"enemies":"Gremlin Nob","floor":6,"turns":4},{"damage":0,"enemies":"downfall:FleeingMerchant","floor":8,"turns":4},{"damage":1,"enemies":"Lagavulin","floor":9,"turns":5},{"damage":0,"enemies":"Red Slaver","floor":10,"turns":4},{"damage":10,"enemies":"downfall:FleeingMerchant","floor":11,"turns":4},{"damage":11,"enemies":"Large Slime","floor":12,"turns":5},{"damage":9,"enemies":"3 Sentries","floor":13,"turns":7},{"damage":0,"enemies":"Exordium Thugs","floor":14,"turns":4},{"damage":0,"enemies":"3 Louse","floor":15,"turns":3},{"damage":15,"enemies":"SI_SHIV_ARCHETYPE","floor":16,"turns":12},{"damage":0,"enemies":"Spheric Guardian","floor":19,"turns":6},{"damage":6,"enemies":"Shelled Parasite and Fungi","floor":20,"turns":9},{"damage":40,"enemies":"Centurion and Healer","floor":21,"turns":12},{"damage":28,"enemies":"Chosen and Byrds","floor":22,"turns":10},{"damage":0,"enemies":"downfall:FleeingMerchant","floor":23,"turns":4},{"damage":4,"enemies":"Snake Plant","floor":27,"turns":8},{"damage":23,"enemies":"Slavers","floor":28,"turns":12},{"damage":5,"enemies":"Sentry and Sphere","floor":29,"turns":15},{"damage":0,"enemies":"Shelled Parasite and Fungi","floor":30,"turns":9},{"damage":15,"enemies":"Book of Stabbing","floor":31,"turns":9},{"damage":0,"enemies":"Centurion and Healer","floor":32,"turns":7},{"damage":11,"enemies":"DF_ARCHETYPE_CLAW","floor":33,"turns":12}],"seed_played":"-6244658113308353420","potions_obtained":[{"floor":2,"key":"Guardian:StasisDiscoveryPotion"},{"floor":5,"key":"EssenceOfSteel"},{"floor":6,"key":"Guardian:AcceleratePotion"},{"floor":16,"key":"SteroidPotion"},{"floor":20,"key":"Fruit Juice"},{"floor":27,"key":"Guardian:DefensiveModePotion"},{"floor":28,"key":"DistilledChaos"},{"floor":31,"key":"SpeedPotion"}],"is_trial":false,"path_per_floor":["R","M","?","M","M","E","T","$","E","M","$","M","E","M","M","B",null,"R","M","M","M","M","$","T","R","?","M","E","M","M","E","M","B"],"character_chosen":"GUARDIAN","items_purchased":["Anchor","Guardian:ArmoredProtocol"],"campfire_rested":1,"item_purchase_floors":[8,23],"current_hp_per_floor":[80,79,79,78,76,49,49,49,48,48,38,27,18,18,18,3,80,80,80,74,39,11,11,11,48,48,44,28,23,23,8,8,0,0,0],"gold":196,"neow_bonus":"ONE_RANDOM_RARE_CARD","is_daily":false,"chose_seed":false,"campfire_upgraded":2,"win_rate":0.0,"timestamp":1612188511,"path_taken":["R","M","?","?","M","E","T","$","E","M","?","M","E","M","M","BOSS","R","M","M","M","M","$","T","R","?","M","E","M","M","E","M","BOSS"],"items_purchased_type":["Relic","Card"],"build_version":"2020-12-22","purchased_purges":1,"victory":false,"max_hp_per_floor":[80,80,80,80,80,80,80,80,80,80,80,80,80,80,80,80,80,80,80,80,85,85,85,85,85,85,85,92,92,92,92,92,92,92,92],"card_choices":[{"not_picked":["Guardian:Gem_Purple","Guardian:TemporalShield"],"picked":"Guardian:PrimingBeam","floor":2},{"not_picked":["Guardian:Incinerate","Guardian:Gem_Cyan"],"picked":"Guardian:ChargeCore","floor":4},{"not_picked":["Guardian:Gem_Purple","Guardian:RollAttack"],"picked":"Guardian:FierceBash","floor":5},{"not_picked":["Guardian:Gem_Lightblue","Guardian:PrismaticBarrier"],"picked":"Guardian:ChargeUp","floor":6},{"not_picked":["Guardian:FierceBash","Guardian:CrystalBeam"],"picked":"Guardian:BronzeArmor","floor":8},{"not_picked":["Guardian:Planning","Guardian:TemporalShield","Guardian:RefractedBeam"],"picked":"SKIP","floor":9},{"not_picked":["Guardian:ShieldCharger","Guardian:VentSteam","Guardian:Reroute"],"picked":"SKIP","floor":10},{"not_picked":["Guardian:PrismaticBeam","Guardian:MultiBeam"],"picked":"Guardian:Orbwalk","floor":11},{"not_picked":["Guardian:CrystalBeam","Guardian:ConstructionForm"],"picked":"Guardian:Gem_Green","floor":12},{"not_picked":["Guardian:ChargeUp","Guardian:Suspension"],"picked":"Guardian:PiercingHide","floor":13},{"not_picked":["Guardian:ChargeCore","Guardian:Incinerate"],"picked":"Guardian:EvasiveProtocol","floor":14},{"not_picked":["Guardian:SentryBeam","Guardian:GuardianWhirl"],"picked":"Guardian:Recover","floor":15},{"not_picked":["Guardian:GemFire","Guardian:FierceBash"],"picked":"Guardian:SphericShield","floor":16},{"not_picked":["Guardian:MultiBeam+1","Guardian:PiercingHide","Guardian:Reroute"],"picked":"SKIP","floor":19},{"not_picked":["Guardian:PiercingHide","Guardian:RollAttack","Guardian:VentSteam+1"],"picked":"SKIP","floor":20},{"not_picked":["Guardian:RollAttack+1","Guardian:Gem_Red","Guardian:Reroute"],"picked":"SKIP","floor":21},{"not_picked":["Guardian:DonusPower","Guardian:ChargeCore","Guardian:WalkerClaw"],"picked":"SKIP","floor":22},{"not_picked":["Guardian:AncientConstruct","Guardian:Reroute"],"picked":"Guardian:EvasiveProtocol+1","floor":23},{"not_picked":["Guardian:VentSteam","Guardian:Gem_Red"],"picked":"Guardian:Gem_Green","floor":27},{"not_picked":["Guardian:FastForward","Guardian:PolyBeam","Guardian:DecasProtection"],"picked":"SKIP","floor":28},{"not_picked":["Guardian:ChargeCore+1","Guardian:Reroute","Guardian:Recover"],"picked":"SKIP","floor":29},{"not_picked":["Guardian:Recover","Guardian:Gem_Cyan","Guardian:Planning+1"],"picked":"SKIP","floor":30},{"not_picked":["Guardian:CrystalBeam","Guardian:Planning+1"],"picked":"Guardian:BodySlam","floor":31},{"not_picked":["Guardian:Gem_Green","Guardian:CrystalBeam+1","Guardian:WalkerClaw"],"picked":"SKIP","floor":32}],"player_experience":115012,"relics_obtained":[{"floor":6,"key":"Incense Burner"},{"floor":7,"key":"CaptainsWheel"},{"floor":9,"key":"Eternal Feather"},{"floor":13,"key":"Matryoshka"},{"floor":24,"key":"Orichalcum"},{"floor":24,"key":"Guardian:PickAxe"},{"floor":28,"key":"Turnip"},{"floor":28,"key":"Strawberry"},{"floor":31,"key":"Du-Vu Doll"},{"floor":31,"key":"Bag of Preparation"}],"event_choices":[{"cards_removed":["Guardian:Strike_Guardian"],"damage_healed":0,"gold_gain":0,"player_choice":"Offered Basic","damage_taken":0,"max_hp_gain":0,"max_hp_loss":0,"event_name":"Bonfire Elementals","floor":3,"gold_loss":0},{"damage_healed":0,"gold_gain":0,"player_choice":"Got Potions","damage_taken":0,"max_hp_gain":0,"max_hp_loss":0,"event_name":"Lab","floor":26,"gold_loss":0}],"is_beta":false,"boss_relics":[{"not_picked":["Coffee Dripper","Busted Crown"],"picked":"Black Star"}],"items_purged_floors":[23],"is_endless":false,"potions_floor_spawned":[2,5,6,12,15,16,20,27,28,31],"killed_by":"DF_ARCHETYPE_CLAW","ascension_level":1}}