{"host":"rb2p2z6v6vieend5","time":1612207186,"event":{"mods":["BaseMod","Block Reminder","Colored Map","DeckTracker","Highlight Path","Minty Spire (QoL Compilation)","Random Character Button","Relic Stats"],"gold_per_floor":[99,99,99,99,99,99,99,99,99,99,99,99,99,99,99,99,99,99,99,99,99,99,99,99,99,99,99,99,99,26,26,26,26,26,26,26,0,0,0,0,0,0,0,0,0,0,0,0,0,0],"floor_reached":51,"language":"ENG","playtime":3162,"items_purged":[],"score":1191,"play_id":"53e8ee56-8c29-4ee0-bb3c-f482d122a1cd","local_time":"20210201201946","is_ascension_mode":true,"campfire_choices":[{"floor":7,"key":"REST"},{"data":"Leg Sweep","floor":10,"key":"SMITH"},{"data":"Footwork","floor":13,"key":"SMITH"},{"floor":15,"key":"REST"},{"data":"Dagger Spray","floor":23,"key":"SMITH"},{"floor":25,"key":"REST"},{"data":"Noxious Fumes","floor":32,"key":"SMITH"},{"data":"Noxious Fumes","floor":40,"key":"SMITH"},{"floor":44,"key":"DIG"},{"floor":46,"key":"DIG"},{"floor":49,"key":"DIG"}],"circlet_count":0,"master_deck":["AscendersBane","Strike_G+1","Strike_G+1","Strike_G+1","Defend_G+1","Defend_G+1","Defend_G+1","Defend_G+1","Defend_G+1","Survivor","Neutralize","Leg Sweep+1","Footwork+1","Quick Slash","Venomology","Dagger Spray+1","Escape Plan","Envenom","Deflect+1","Quick Slash","Backstab","Dodge and Roll","Dagger Spray+1","Crippling Poison+1","Poisoned Stab+1","Noxious Fumes+1","Noxious Fumes+1","Writhe","Deflect+1","Terror+1"],"relics":["Ectoplasm","Ice Cream","Paper Crane","Toy Ornithopter","Matryoshka","Tiny House","Eternal Feather","Molten Egg 2","Regal Pillow","Blue Candle","Black Star","Red Mask","Mango","Snake Skull","Shovel","Bird Faced Urn","Pen Nib","Nunchaku","CeramicFish","Tingsha","Unceasing Top","TungstenRod"],"acts_visited":["Exordium","TheCity","TheBeyond"],"potions_floor_usage":[6,12,14,14,16,18,19,24,27,28,31,31,33,36,41,41,42,45,47,50,50,50],"damage_taken":[{"damage":0,"enemies":"Small Slimes","floor":1,"turns":4},{"damage":0,"enemies":"Cultist","floor":2,"turns":5},{"damage":0,"enemies":"Jaw Worm","floor":4,"turns":6},{"damage":48,"enemies":"Gremlin Nob","floor":6,"turns":6},{"damage":0,"enemies":"2 Fungi Beasts","floor":8,"turns":4},{"damage":25,"enemies":"3 Sentries","floor":12,"turns":14},{"damage":20,"enemies":"Gremlin Nob","floor":14,"turns":5},{"damage":19,"enemies":"Slime Boss","floor":16,"turns":20},{"damage":22,"enemies":"Spheric Guardian","floor":18,"turns":6},{"damage":7,"enemies":"Shell Parasite","floor":19,"turns":7},{"damage":1,"enemies":"Snecko","floor":21,"turns":10},{"damage":41,"enemies":"Gremlin Leader","floor":24,"turns":8},{"damage":5,"enemies":"Centurion and Healer","floor":27,"turns":7},{"damage":14,"enemies":"Slavers","floor":28,"turns":7},{"damage":6,"enemies":"Snake Plant","floor":31,"turns":4},{"damage":43,"enemies":"Champ","floor":33,"turns":12},{"damage":6,"enemies":"3 Shapes","floor":35,"turns":6},{"damage":2,"enemies":"Orb Walker","floor":36,"turns":5},{"damage":5,"enemies":"Mind Bloom Boss Battle","floor":41,"turns":10},{"damage":5,"enemies":"Writhing Mass","floor":42,"turns":8},{"damage":22,"enemies":"Nemesis","floor":45,"turns":7},{"damage":1,"enemies":"Reptomancer","floor":47,"turns":7},{"damage":13,"enemies":"Maw","floor":48,"turns":6},{"damage":14,"enemies":"Awakened One","floor":50,"turns":16}],"seed_played":"170713552737719278","potions_obtained":[{"floor":1,"key":"DuplicationPotion"},{"floor":2,"key":"Regen Potion"},{"floor":17,"key":"Weak Potion"},{"floor":21,"key":"BlessingOfTheForge"},{"floor":27,"key":"SkillPotion"},{"floor":33,"key":"Poison Potion"},{"floor":35,"key":"LiquidBronze"}],"is_trial":false,"path_per_floor":["M","M","?","M","$","E","R","M","T","R","$","E","R","E","R","B",null,"M","M","?","M","?","R","E","R","T","M","E","$","$","M","R","B",null,"M","M","?","?","$","R","?","M","T","R","E","R","E","M","R","B",null],"character_chosen":"THE_SILENT","items_purchased":["Noxious Fumes"],"campfire_rested":3,"item_purchase_floors":[30],"current_hp_per_floor":[63,63,63,63,63,15,36,36,36,36,36,26,26,16,37,23,63,46,44,44,43,43,43,7,41,41,41,32,32,32,36,51,13,60,54,57,57,75,75,75,89,89,89,89,73,89,89,77,89,89],"gold":0,"neow_bonus":"BOSS_RELIC","is_daily":false,"chose_seed":false,"campfire_upgraded":5,"win_rate":0.0,"timestamp":1612207186,"path_taken":["M","M","?","M","?","E","R","M","T","R","$","E","R","E","R","BOSS","M","M","?","M","?","R","E","R","T","M","E","?","$","M","R","BOSS","M","M","?","?","$","R","?","M","T","R","E","R","E","M","R","BOSS"],"items_purchased_type":["Card"],"build_version":"2020-12-22","purchased_purges":0,"victory":true,"max_hp_per_floor":[70,70,70,70,70,70,70,70,70,70,70,70,70,70,70,70,75,75,75,75,75,75,75,75,75,75,75,75,75,75,75,75,75,75,75,75,75,75,75,75,89,89,89,89,89,89,89,89,89,89],"relic_stats":{"Regal Pillow":0,"counters":[24,190],"Blue Candle":[6],"CeramicFish":0,"Eternal Feather":55,"Tingsha":[3],"Snake Skull":[102],"Pen Nib":[5],"Nunchaku":[5],"Shovel":3,"Bird Faced Urn":[5],"Ectoplasm":805,"Black Star":2,"obtain_stats":[{"Ice Cream":6,"Regal Pillow":26,"Tiny House":17,"Blue Candle":28,"CeramicFish":46,"Eternal Feather":24,"Mango":41,"Tingsha":47,"Snake Skull":43,"Pen Nib":45,"Paper Crane":9,"Nunchaku":45,"Matryoshka":14,"Shovel":43,"Bird Faced Urn":44,"Molten Egg 2":26,"Ectoplasm":0,"Black Star":34,"Red Mask":37,"Toy Ornithopter":12,"Unceasing Top":47,"TungstenRod":49,"Ring of the Snake":0},{"Ice Cream":4,"Regal Pillow":12,"Tiny House":8,"Blue Candle":14,"CeramicFish":21,"Eternal Feather":12,"Mango":19,"Tingsha":22,"Snake Skull":20,"Pen Nib":21,"Paper Crane":5,"Nunchaku":21,"Matryoshka":7,"Shovel":20,"Bird Faced Urn":20,"Molten Egg 2":12,"Ectoplasm":0,"Black Star":16,"Red Mask":18,"Toy Ornithopter":6,"Unceasing Top":22,"TungstenRod":23,"Ring of the Snake":0},{"Ice Cream":21,"Regal Pillow":95,"Tiny House":64,"Blue Candle":109,"CeramicFish":161,"Eternal Feather":95,"Mango":146,"Tingsha":168,"Snake Skull":154,"Pen Nib":161,"Paper Crane":25,"Nunchaku":161,"Matryoshka":44,"Shovel":154,"Bird Faced Urn":154,"Molten Egg 2":95,"Ectoplasm":0,"Black Star":125,"Red Mask":136,"Toy Ornithopter":39,"Unceasing Top":168,"TungstenRod":174,"Ring of the Snake":0}],"Toy Ornithopter":87,"Unceasing Top":[9],"TungstenRod":5},"card_choices":[{"not_picked":["Poisoned Stab","Deadly Poison"],"picked":"Leg Sweep","floor":1},{"not_picked":["Dodge and Roll","Sucker Punch"],"picked":"Footwork","floor":2},{"not_picked":["Bane","Deadly Poison"],"picked":"Quick Slash","floor":4},{"not_picked":["Concentrate","Acrobatics"],"picked":"Venomology","floor":6},{"not_picked":["Acrobatics","PiercingWail","Prepared"],"picked":"SKIP","floor":8},{"not_picked":["Distraction","Heel Hook"],"picked":"Dagger Spray","floor":12},{"not_picked":["Dodge and Roll","Slice"],"picked":"Escape Plan","floor":14},{"not_picked":["Grand Finale","Burst"],"picked":"Envenom","floor":16},{"not_picked":["Riddle With Holes","Dash"],"picked":"Deflect+1","floor":18},{"not_picked":["Reflex","Acrobatics"],"picked":"Quick Slash","floor":19},{"not_picked":["Expertise","Skewer"],"picked":"Dagger Spray+1","floor":21},{"not_picked":["Deflect","Poisoned Stab"],"picked":"Crippling Poison+1","floor":24},{"not_picked":["Slice+1","Setup"],"picked":"Poisoned Stab+1","floor":27},{"not_picked":["Riddle With Holes+1","Flechettes+1"],"picked":"Noxious Fumes","floor":28},{"not_picked":["Slice+1","Deflect","Outmaneuver"],"picked":"SKIP","floor":31},{"not_picked":["Slice+1","Flying Knee+1","Blur"],"picked":"SKIP","floor":35},{"not_picked":["Underhanded Strike+1","Bane+1","Cloak And Dagger+1"],"picked":"SKIP","floor":36},{"not_picked":["Endless Agony+1","Dagger Spray+1"],"picked":"Deflect+1","floor":41},{"not_picked":["Dagger Throw+1","Prepared+1"],"picked":"Terror+1","floor":42},{"not_picked":["Flying Knee+1","Calculated Gamble","Dodge and Roll"],"picked":"SKIP","floor":45},{"not_picked":["Poisoned Stab+1","Prepared","Dagger Throw+1"],"picked":"SKIP","floor":47},{"not_picked":["Cloak And Dagger+1","Prepared","Well Laid Plans"],"picked":"SKIP","floor":48}],"player_experience":664804,"relics_obtained":[{"floor":6,"key":"Ice Cream"},{"floor":9,"key":"Paper Crane"},{"floor":12,"key":"Toy Ornithopter"},{"floor":14,"key":"Matryoshka"},{"floor":24,"key":"Eternal Feather"},{"floor":26,"key":"Molten Egg 2"},{"floor":26,"key":"Regal Pillow"},{"floor":28,"key":"Blue Candle"},{"floor":41,"key":"Mango"},{"floor":43,"key":"Snake Skull"},{"floor":43,"key":"Shovel"},{"floor":44,"key":"Bird Faced Urn"},{"floor":45,"key":"Pen Nib"},{"floor":45,"key":"Nunchaku"},{"floor":46,"key":"CeramicFish"},{"floor":47,"key":"Tingsha"},{"floor":47,"key":"Unceasing Top"},{"floor":49,"key":"TungstenRod"}],"event_choices":[{"damage_healed":0,"gold_gain":0,"player_choice":"Got Potions","damage_taken":0,"max_hp_gain":0,"max_hp_loss":0,"event_name":"Lab","floor":3,"gold_loss":0},{"damage_healed":0,"gold_gain":0,"cards_transformed":["Strike_G","Strike_G"],"player_choice":"Became Test Subject","damage_taken":0,"max_hp_gain":0,"max_hp_loss":0,"event_name":"Drug Dealer","floor":20,"gold_loss":0,"cards_obtained":["Backstab","Dodge and Roll"]},{"damage_healed":0,"gold_gain":0,"player_choice":"Simplicity","damage_taken":0,"max_hp_gain":0,"max_hp_loss":0,"event_name":"Back to Basics","floor":22,"gold_loss":0,"cards_upgraded":["Strike_G","Strike_G","Strike_G","Defend_G","Defend_G","Defend_G","Defend_G"]},{"damage_healed":0,"gold_gain":0,"player_choice":"Paid","damage_taken":0,"relics_obtained":["Red Mask"],"max_hp_gain":0,"max_hp_loss":0,"event_name":"Tomb of Lord Red Mask","floor":37,"gold_loss":26},{"damage_healed":19,"gold_gain":0,"player_choice":"Writhe","damage_taken":0,"max_hp_gain":0,"max_hp_loss":0,"event_name":"Winding Halls","floor":38,"gold_loss":0,"cards_obtained":["Writhe"]},{"damage_healed":0,"gold_gain":0,"player_choice":"Fight","damage_taken":0,"max_hp_gain":0,"max_hp_loss":0,"event_name":"MindBloom","floor":41,"gold_loss":0}],"is_beta":false,"boss_relics":[{"not_picked":["Sozu","Coffee Dripper"],"picked":"Tiny House"},{"not_picked":["WristBlade","Philosopher\u0027s Stone"],"picked":"Black Star"}],"items_purged_floors":[],"is_endless":false,"potions_floor_spawned":[1,2,19,21,27,28,33,35,36,48],"ascension_level":11}}