{"host":"kkntor5wdjky96yl","time":1612196868,"event":{"mods":["AchievementEnabler","BaseMod","Colored Map","KOR Keyword Fix","Minty Spire (QoL Compilation)","Shop Mod","StSLib","SuperFastMode","Swap Starting Deck Mod"],"gold_per_floor":[119,136,136,146,162,197,197,197,197,197,225,257,269,291,303,418,430,456,30,43,61,61,61],"floor_reached":22,"language":"KOR","playtime":643,"items_purged":["Strike_R"],"score":257,"play_id":"d1b2ce61-adce-478c-9ba5-c19443d55f86","local_time":"20210202012748","is_ascension_mode":true,"campfire_choices":[{"floor":8,"key":"REST"},{"floor":10,"key":"REST"},{"data":"Seeing Red","floor":15,"key":"SMITH"}],"circlet_count":0,"master_deck":["Strike_R","Strike_R+1","Strike_R","Defend_R+1","Defend_R","Defend_R","Defend_R","Bash","Sword Boomerang+1","Perfected Strike","Rage","Bloodletting+1","Demon Form","Seeing Red+1","Spot Weakness","Feed","Uppercut+1"],"relics":["Burning Blood","NeowsBlessing","War Paint","Dead Branch","Question Card","Sozu","Paper Frog","MerchantsRug"],"acts_visited":["Exordium","TheCity"],"potions_floor_usage":[16],"damage_taken":[{"damage":0,"enemies":"Small Slimes","floor":1,"turns":1},{"damage":0,"enemies":"Jaw Worm","floor":2,"turns":1},{"damage":0,"enemies":"2 Louse","floor":4,"turns":1},{"damage":8,"enemies":"Blue Slaver","floor":5,"turns":3},{"damage":43,"enemies":"Lagavulin","floor":6,"turns":6},{"damage":32,"enemies":"Gremlin Nob","floor":11,"turns":4},{"damage":0,"enemies":"Exordium Wildlife","floor":12,"turns":3},{"damage":11,"enemies":"Looter","floor":14,"turns":3},{"damage":34,"enemies":"Hexaghost","floor":16,"turns":8},{"damage":7,"enemies":"Chosen","floor":18,"turns":4},{"damage":22,"enemies":"2 Thieves","floor":20,"turns":3},{"damage":21,"enemies":"Centurion and Healer","floor":21,"turns":4},{"damage":46,"enemies":"Sentry and Sphere","floor":22,"turns":5}],"seed_played":"4361018975688758792","potions_obtained":[{"floor":5,"key":"Regen Potion"},{"floor":6,"key":"BloodPotion"},{"floor":12,"key":"Swift Potion"},{"floor":16,"key":"FearPotion"}],"is_trial":false,"path_per_floor":["M","M","?","M","M","E","?","R","T","R","E","M","?","M","R","B",null,"M","$","M","M","M"],"character_chosen":"IRONCLAD","items_purchased":["Paper Frog","MerchantsRug"],"campfire_rested":2,"item_purchase_floors":[19,19],"current_hp_per_floor":[78,80,64,70,68,31,31,55,55,79,53,59,52,47,47,34,69,68,68,55,40,0,0],"gold":61,"neow_bonus":"THREE_ENEMY_KILL","is_daily":false,"chose_seed":false,"campfire_upgraded":1,"win_rate":0.0,"timestamp":1612196868,"path_taken":["M","M","?","M","M","E","?","R","T","R","E","M","?","?","R","BOSS","M","$","M","M","M"],"items_purchased_type":["Relic","Relic"],"build_version":"2020-12-22","purchased_purges":1,"victory":false,"max_hp_per_floor":[80,80,80,80,80,80,80,80,80,80,80,80,80,80,80,80,80,80,80,83,83,83,83],"card_choices":[{"not_picked":["Warcry","Iron Wave"],"picked":"Sword Boomerang","floor":1},{"not_picked":["Sever Soul","Ghostly Armor"],"picked":"Perfected Strike","floor":2},{"not_picked":["Body Slam","Cleave"],"picked":"Rage","floor":4},{"not_picked":["Hemokinesis","Clash"],"picked":"Bloodletting","floor":5},{"not_picked":["Seeing Red","Iron Wave","Feel No Pain"],"picked":"SKIP","floor":6},{"not_picked":["Infernal Blade","Double Tap","Cleave"],"picked":"Demon Form","floor":11},{"not_picked":["Headbutt","Twin Strike","Carnage"],"picked":"Seeing Red","floor":12},{"not_picked":["Thunderclap","Bloodletting","True Grit"],"picked":"Spot Weakness","floor":14},{"not_picked":["Offering","Reaper","Immolate"],"picked":"Feed","floor":16},{"not_picked":["Iron Wave+1","Shrug It Off","Clothesline+1"],"picked":"Uppercut+1","floor":18},{"not_picked":["True Grit","Berserk","Pummel","Blood for Blood"],"picked":"SKIP","floor":20},{"not_picked":["Rupture","Hemokinesis","Disarm","Sword Boomerang+1"],"picked":"SKIP","floor":21}],"player_experience":129542,"relics_obtained":[{"floor":6,"key":"War Paint"},{"floor":9,"key":"Question Card"},{"floor":11,"key":"MawBank"}],"event_choices":[{"damage_healed":0,"gold_gain":0,"player_choice":"Entered Light","damage_taken":16,"max_hp_gain":0,"max_hp_loss":0,"event_name":"Shining Light","floor":3,"gold_loss":0,"cards_upgraded":["Strike_R","Sword Boomerang"]},{"damage_healed":0,"gold_gain":0,"player_choice":"Searched \u00271\u0027 times","damage_taken":0,"relics_obtained":["Dead Branch"],"max_hp_gain":0,"max_hp_loss":0,"event_name":"Dead Adventurer","floor":7,"gold_loss":0},{"cards_removed":["Strike_R"],"damage_healed":0,"gold_gain":0,"player_choice":"Card Removal","damage_taken":7,"max_hp_gain":0,"max_hp_loss":0,"event_name":"Golden Wing","floor":13,"gold_loss":0}],"is_beta":false,"boss_relics":[{"not_picked":["Calling Bell","Mark of Pain"],"picked":"Sozu"}],"items_purged_floors":[19],"is_endless":false,"potions_floor_spawned":[5,6,12,16,20,21],"killed_by":"Sentry and Sphere","ascension_level":6}}