{"host":"mw3dmj42qtkbha4b","time":1612204610,"event":{"mods":["BaseMod","Colored Map","Colored Powertips","DeckTracker","Minty Spire (QoL Compilation)","StSLib","SuperFastMode"],"gold_per_floor":[114,127,127,127,127,127,160,160,185,195,212,8,33,51,51,130,180,197,147,72,88,88,114,114,147,147,160,179,209,67,83,83,83,83],"floor_reached":33,"language":"KOR","playtime":946,"items_purged":["Defend_P","Strike_P"],"score":830,"play_id":"8c2e5a7c-3d4c-4c62-bb8a-1f151001ccd5","local_time":"20210202033650","is_ascension_mode":true,"campfire_choices":[{"data":"Vigilance","floor":6.0,"key":"SMITH"},{"data":"Strike_P","floor":8.0,"key":"SMITH"},{"data":"BattleHymn","floor":15.0,"key":"SMITH"},{"floor":24.0,"key":"REST"},{"data":"Indignation","floor":32.0,"key":"SMITH"}],"circlet_count":0,"master_deck":["AscendersBane","Strike_P+1","Strike_P+1","Defend_P+1","Eruption+1","Vigilance+1","BattleHymn+1","Ragnarok+1","MentalFortress+1","Indignation+1"],"relics":["PureWater","NeowsBlessing","Question Card","Membership Card","Prayer Wheel","Tiny House","Bag of Preparation","Meat on the Bone","Shuriken","Frozen Egg 2","Pear"],"acts_visited":["Exordium","TheCity"],"potions_floor_usage":[],"damage_taken":[{"damage":0.0,"enemies":"Cultist","floor":1.0,"turns":2.0},{"damage":0.0,"enemies":"2 Louse","floor":2.0,"turns":1.0},{"damage":0.0,"enemies":"3 Sentries","floor":7.0,"turns":2.0},{"damage":0.0,"enemies":"Small Slimes","floor":10.0,"turns":2.0},{"damage":0.0,"enemies":"2 Fungi Beasts","floor":11.0,"turns":2.0},{"damage":0.0,"enemies":"Lagavulin","floor":13.0,"turns":3.0},{"damage":15.0,"enemies":"Exordium Wildlife","floor":14.0,"turns":3.0},{"damage":9.0,"enemies":"Hexaghost","floor":16.0,"turns":6.0},{"damage":4.0,"enemies":"Shell Parasite","floor":18.0,"turns":2.0},{"damage":0.0,"enemies":"Chosen","floor":21.0,"turns":3.0},{"damage":30.0,"enemies":"Slavers","floor":23.0,"turns":2.0},{"damage":0.0,"enemies":"Book of Stabbing","floor":25.0,"turns":2.0},{"damage":0.0,"enemies":"Snecko","floor":27.0,"turns":2.0},{"damage":9.0,"enemies":"Shelled Parasite and Fungi","floor":28.0,"turns":2.0},{"damage":0.0,"enemies":"Gremlin Leader","floor":29.0,"turns":4.0},{"damage":0.0,"enemies":"Cultist and Chosen","floor":31.0,"turns":5.0},{"damage":57,"enemies":"Collector","floor":33,"turns":3}],"seed_played":"3551216476863314295","potions_obtained":[{"floor":10.0,"key":"FearPotion"},{"floor":11.0,"key":"BlessingOfTheForge"},{"floor":14.0,"key":"AttackPotion"},{"floor":17.0,"key":"StancePotion"},{"floor":18.0,"key":"AttackPotion"},{"floor":21.0,"key":"Energy Potion"},{"floor":23.0,"key":"EntropicBrew"}],"is_trial":false,"path_per_floor":["M","M","?","?","?","R","E","R","T","M","M","$","E","M","R","B",null,"M","$","?","M","?","E","R","E","T","M","M","E","$","M","R","B"],"character_chosen":"WATCHER","items_purchased":["Membership Card","Pear"],"campfire_rested":1,"item_purchase_floors":[12,30],"current_hp_per_floor":[61,61,54,34,34,34,34,34,34,34,34,34,34,19,19,10,59,55,55,55,55,55,25,46,46,46,46,37,37,47,47,47,0,0],"gold":83,"neow_bonus":"THREE_ENEMY_KILL","is_daily":false,"chose_seed":false,"campfire_upgraded":4,"win_rate":0.0,"timestamp":1612204610,"path_taken":["M","?","?","?","?","R","E","R","T","M","M","$","E","M","R","BOSS","M","$","?","M","?","E","R","E","T","?","M","E","?","M","R","BOSS"],"items_purchased_type":["Relic","Relic"],"build_version":"2020-12-22","purchased_purges":2,"victory":false,"max_hp_per_floor":[68,68,68,68,68,68,68,68,68,68,68,68,68,68,68,68,73,73,73,73,73,73,73,73,73,73,73,73,73,83,83,83,83,83],"card_choices":[{"not_picked":["BowlingBash","JustLucky","ReachHeaven"],"picked":"SKIP","floor":1.0},{"not_picked":["CrushJoints","ClearTheMind","PathToVictory"],"picked":"SKIP","floor":2.0},{"not_picked":["Halt","FearNoEvil","BowlingBash"],"picked":"SKIP","floor":7.0},{"not_picked":["CutThroughFate","Weave","FollowUp","ClearTheMind"],"picked":"SKIP","floor":10.0},{"not_picked":["ThirdEye","LikeWater","FlyingSleeves","PathToVictory"],"picked":"SKIP","floor":11.0},{"not_picked":["BowlingBash","EmptyFist","ThirdEye","CarveReality"],"picked":"SKIP","floor":13.0},{"not_picked":["SashWhip","ClearTheMind","PathToVictory"],"picked":"BattleHymn","floor":14.0},{"not_picked":["Halt","FearNoEvil","Weave","Perseverance"],"picked":"SKIP","floor":14.0},{"not_picked":["Brilliance","LessonLearned","Blasphemy"],"picked":"Ragnarok","floor":16.0},{"not_picked":["JustLucky","Protect","Evaluate","PathToVictory"],"picked":"SKIP","floor":18.0},{"not_picked":["FlurryOfBlows","BowlingBash","PathToVictory+1","Wireheading"],"picked":"SKIP","floor":18.0},{"not_picked":["FlyingSleeves+1","Crescendo","Scrawl","Worship"],"picked":"SKIP","floor":21.0},{"not_picked":["Crescendo","BowlingBash","SandsOfTime+1","CrushJoints"],"picked":"SKIP","floor":21.0},{"not_picked":["JustLucky","SpiritShield","WreathOfFlame","EmptyFist"],"picked":"SKIP","floor":23.0},{"not_picked":["SashWhip","EmptyFist","Halt","Protect"],"picked":"SKIP","floor":25.0},{"not_picked":["SignatureMove","Perseverance","CutThroughFate","FlurryOfBlows"],"picked":"SKIP","floor":27.0},{"not_picked":["BowlingBash","MentalFortress","FlurryOfBlows","CrushJoints"],"picked":"SKIP","floor":27.0},{"not_picked":["BattleHymn","PathToVictory","SpiritShield","Vengeance"],"picked":"SKIP","floor":28.0},{"not_picked":["Perseverance","FlurryOfBlows","FlyingSleeves","Adaptation"],"picked":"SKIP","floor":28.0},{"not_picked":["CrushJoints","FollowUp","Ragnarok"],"picked":"MentalFortress+1","floor":29.0},{"not_picked":["ThirdEye","FollowUp","CutThroughFate"],"picked":"Indignation","floor":31.0},{"not_picked":["CutThroughFate","Wireheading+1","Tantrum","WheelKick"],"picked":"SKIP","floor":31.0}],"player_experience":1778909,"relics_obtained":[{"floor":7.0,"key":"Question Card"},{"floor":13.0,"key":"Prayer Wheel"},{"floor":23.0,"key":"Bag of Preparation"},{"floor":25.0,"key":"Meat on the Bone"},{"floor":26.0,"key":"Shuriken"},{"floor":29.0,"key":"Frozen Egg 2"}],"event_choices":[{"cards_removed":["Defend_P"],"damage_healed":0.0,"max_hp_gain":0.0,"max_hp_loss":0.0,"gold_gain":0.0,"event_name":"Golden Wing","player_choice":"Card Removal","floor":3.0,"gold_loss":0.0,"damage_taken":7.0},{"damage_healed":0.0,"max_hp_gain":0.0,"max_hp_loss":0.0,"gold_gain":0.0,"event_name":"Shining Light","player_choice":"Entered Light","floor":4.0,"gold_loss":0.0,"damage_taken":20.0,"cards_upgraded":["Eruption","Strike_P"]},{"cards_removed":["Strike_P"],"damage_healed":0.0,"max_hp_gain":0.0,"max_hp_loss":0.0,"gold_gain":0.0,"event_name":"Living Wall","player_choice":"Forget","floor":5.0,"gold_loss":0.0,"damage_taken":0.0},{"cards_removed":["Defend_P"],"damage_healed":0.0,"max_hp_gain":0.0,"max_hp_loss":0.0,"gold_gain":0.0,"event_name":"Beggar","player_choice":"Gave Gold","floor":20.0,"gold_loss":75.0,"damage_taken":0.0},{"damage_healed":0.0,"max_hp_gain":0.0,"max_hp_loss":0.0,"gold_gain":0.0,"event_name":"Accursed Blacksmith","player_choice":"Forge","floor":22.0,"gold_loss":0.0,"damage_taken":0.0,"cards_upgraded":["Ragnarok"]}],"is_beta":false,"boss_relics":[{"not_picked":["Astrolabe","Philosopher\u0027s Stone"],"picked":"Tiny House"}],"items_purged_floors":[12,19],"is_endless":false,"potions_floor_spawned":[10,11,14,18,21,23],"killed_by":"Collector","ascension_level":20}}