{"host":"y0avvqzsetgmdwfn","time":1612156707,"event":{"mods":["AchievementEnabler","BaseMod","Better Third Choice","Downfall","Minty Spire (QoL Compilation)","Red Circlet Mod","Reliquary","Replay The Spire","Spicy Shops","StSLib"],"gold_per_floor":[0,13,24,24,44,96,121,139,139,168,168,178,40,58,70,70,70,70],"floor_reached":16,"language":"ENG","playtime":674,"items_purged":["champ:Strike"],"score":109,"play_id":"c67f0f29-759f-48aa-a640-05c5fd1da47a","local_time":"20210201131827","is_ascension_mode":true,"campfire_choices":[{"data":"champ:Taunt","floor":1,"key":"SMITH"},{"floor":11,"key":"REST"}],"circlet_count":0,"master_deck":["champ:Strike","champ:Strike","champ:Defend","champ:Defend","champ:Defend","champ:Defend","champ:Execute","champ:Taunt+1","Panache","champ:EndlessRage","champ:FanOfKnives","champ:Encircle","champ:IronFortress","champ:EnragedBash","champ:Endure","champ:Duel","champ:AdrenalArmor","champ:ArenaPreparation","champ:FocusedBerserking"],"relics":["champ:ChampionCrown","reliquary:RoseTintedGlasses","reliquary:Knoch","Replay:Wax Seal"],"acts_visited":[],"potions_floor_usage":[16],"damage_taken":[{"damage":5,"enemies":"2 Louse","floor":2,"turns":4},{"damage":30,"enemies":"Jaw Worm","floor":3,"turns":7},{"damage":34,"enemies":"Cultist","floor":5,"turns":5},{"damage":10,"enemies":"Red Slaver","floor":8,"turns":3},{"damage":57,"enemies":"Gremlin Nob","floor":10,"turns":5},{"damage":30,"enemies":"Large Slime","floor":12,"turns":5},{"damage":28,"enemies":"downfall:FleeingMerchant","floor":13,"turns":4},{"damage":15,"enemies":"3 Louse","floor":14,"turns":3},{"damage":32,"enemies":"2 Fungi Beasts","floor":15,"turns":3},{"damage":33,"enemies":"WA_ARCHETYPE_RETAIN","floor":16,"turns":4}],"seed_played":"6320185998473442263","potions_obtained":[{"floor":10,"key":"sneckomod:MuddlingPotion"},{"floor":12,"key":"hexamod:SoulburnPotion"},{"floor":14,"key":"Fire Potion"}],"is_trial":false,"path_per_floor":["R","M","M","?","M","T","T","M","?","E","R","M","$","M","M","B"],"character_chosen":"THE_CHAMP","items_purchased":["champ:AdrenalArmor"],"campfire_rested":1,"item_purchase_floors":[13],"current_hp_per_floor":[90,90,75,75,66,66,66,66,61,19,46,46,43,33,32,0,0,0],"gold":70,"neow_bonus":"RANDOM_COLORLESS_2","is_daily":false,"chose_seed":false,"campfire_upgraded":1,"win_rate":0.0,"timestamp":1612156707,"path_taken":["R","M","M","?","M","?","T","M","?","E","R","?","?","M","M","BOSS"],"items_purchased_type":["Card"],"build_version":"2020-12-22","purchased_purges":1,"victory":false,"max_hp_per_floor":[90,90,90,90,90,90,90,90,90,90,90,90,90,90,90,90,90,90],"card_choices":[{"not_picked":["Metamorphosis","Thinking Ahead"],"picked":"Panache","floor":0},{"not_picked":["champ:Parry","champ:IronFortress"],"picked":"champ:EndlessRage","floor":2},{"not_picked":["champ:Circumvent","champ:Backstep"],"picked":"champ:FanOfKnives","floor":3},{"not_picked":["champ:Circumvent","champ:Haymaker"],"picked":"champ:Encircle","floor":5},{"not_picked":["champ:EndlessRage","champ:FalseCounter"],"picked":"champ:IronFortress","floor":8},{"not_picked":["champ:SkillfulDodge","champ:PreciseThrust"],"picked":"champ:EnragedBash","floor":10},{"not_picked":["champ:EnGarde","champ:Circumvent"],"picked":"champ:Endure","floor":12},{"not_picked":["champ:ViciousMockery","champ:SkillfulDodge"],"picked":"champ:Duel","floor":13},{"not_picked":["champ:FanOfKnives","champ:Circumvent"],"picked":"champ:ArenaPreparation","floor":14},{"not_picked":["champ:DefensiveShout","champ:GutPunch"],"picked":"champ:FocusedBerserking","floor":15}],"player_experience":1998033,"relics_obtained":[{"floor":6,"key":"reliquary:RoseTintedGlasses"},{"floor":7,"key":"reliquary:Knoch"},{"floor":10,"key":"Replay:Wax Seal"}],"event_choices":[{"cards_removed":["champ:Strike"],"damage_healed":0,"gold_gain":0,"player_choice":"Card Removal","damage_taken":0,"max_hp_gain":0,"max_hp_loss":0,"event_name":"The Cleric","floor":4,"gold_loss":0}],"is_beta":false,"boss_relics":[],"items_purged_floors":[13],"is_endless":false,"potions_floor_spawned":[10,12,14],"killed_by":"WA_ARCHETYPE_RETAIN","ascension_level":1}}