{"host":"f7rb14kzcw8hx1r1","time":1612199762,"event":{"mods":["BaseMod","Better Note","Better Third Choice","Colored Map","Highlight Path","Hubris","Minty Spire (QoL Compilation)","Replay The Spire","StSLib","The Forsaken"],"gold_per_floor":[109,109,121,166,180,180,195,195,195,219,12,48,67,110,110,222,222,250,279,288,316,341,341,266,22,22,47,47,77,77,112,112,228,228,271,271,271,271,271,312,43,43,43,69,69,120,155,206,206,224],"floor_reached":51,"language":"ENG","playtime":2015,"items_purged":["Strike_R","Strike_R","Strike_R"],"score":983,"play_id":"881006e3-595c-4bad-aef7-85186183c536","local_time":"20210201181602","is_ascension_mode":false,"campfire_choices":[{"data":"Bash","floor":6,"key":"SMITH"},{"data":"Metallicize","floor":8,"key":"SMITH"},{"data":"Berserk","floor":15,"key":"SMITH"},{"data":"Venomology","floor":23,"key":"SMITH"},{"data":"ReplayTheSpireMod:Limb From Limb","floor":32,"key":"SMITH"},{"data":"Metallicize","floor":42,"key":"SMITH"},{"data":"Impervious","floor":49,"key":"SMITH"}],"circlet_count":0,"master_deck":["Defend_R","Defend_R","Defend_R","Bash+1","Thunderclap","Headbutt","Metallicize+1","Spot Weakness","Inflame","Flame Barrier+1","True Grit+1","ReplayTheSpireMod:Limb From Limb+1","Berserk+1","Impervious+1","Heavy Blade+1","Battle Trance","Venomology+1","Cleave+1","Metallicize+1","Dropkick+1","Barricade+1","Clothesline+1","Shrug It Off","ReplayTheSpireMod:Muscle Training"],"relics":["Burning Blood","hubris:Towel","ReplayTheSpireMod:Spearhead","CeramicFish","Oddly Smooth Stone","War Paint","Coffee Dripper","Pen Nib","Juzu Bracelet","Toy Ornithopter","Replay:Bandana","Ring of Chaos","Replay:Rubber Ducky","ClockworkSouvenir","Mummified Hand","hubris:Icosahedron","hubris:PeanutButter","Another Sword"],"acts_visited":["Exordium","TheCity","TheBeyond"],"potions_floor_usage":[14,18,21,22,27,29,31,33,33,44,46,48,50,50,50,50],"damage_taken":[{"damage":2,"enemies":"2 Louse","floor":1,"turns":3},{"damage":3,"enemies":"Jaw Worm","floor":3,"turns":4},{"damage":6,"enemies":"Cultist","floor":5,"turns":3},{"damage":7,"enemies":"2 Fungi Beasts","floor":7,"turns":3},{"damage":27,"enemies":"Gremlin Gang","floor":10,"turns":5},{"damage":11,"enemies":"Lagavulin","floor":12,"turns":6},{"damage":2,"enemies":"Exordium Wildlife","floor":13,"turns":4},{"damage":11,"enemies":"3 Sentries","floor":14,"turns":5},{"damage":1,"enemies":"Hexaghost","floor":16,"turns":5},{"damage":4,"enemies":"3 Byrds","floor":18,"turns":4},{"damage":0,"enemies":"Chosen","floor":19,"turns":4},{"damage":12,"enemies":"Shelled Parasite and Fungi","floor":21,"turns":6},{"damage":9,"enemies":"Centurion and Healer","floor":22,"turns":5},{"damage":0,"enemies":"Cultist and Chosen","floor":27,"turns":5},{"damage":6,"enemies":"Replay:Snechameleon","floor":29,"turns":5},{"damage":5,"enemies":"Gremlin Leader","floor":31,"turns":5},{"damage":3,"enemies":"Champ","floor":33,"turns":5},{"damage":18,"enemies":"3 Shapes","floor":35,"turns":5},{"damage":6,"enemies":"R_Hoarder","floor":40,"turns":9},{"damage":0,"enemies":"Orb Walker","floor":44,"turns":3},{"damage":0,"enemies":"Giant Head","floor":46,"turns":8},{"damage":0,"enemies":"Sphere and 2 Shapes","floor":47,"turns":6},{"damage":0,"enemies":"R_Hoarder","floor":48,"turns":6},{"damage":0,"enemies":"Donu and Deca","floor":50,"turns":9}],"seed_played":"4254165512172968716","potions_obtained":[{"floor":7,"key":"PowerPotion"},{"floor":10,"key":"SpeedPotion"},{"floor":12,"key":"Ancient Potion"},{"floor":14,"key":"AttackPotion"},{"floor":18,"key":"Adrenaline Potion"},{"floor":19,"key":"BloodPotion"},{"floor":27,"key":"CultistPotion"}],"is_trial":false,"path_per_floor":["M","?","M","T","M","R","M","R","T","M","$","E","M","E","R","B",null,"M","M","?","M","M","R","?","$","T","M","?","E","$","E","R","B",null,"M","?","?","?","?","E","$","R","T","M","?","E","M","E","R","B",null],"character_chosen":"IRONCLAD","items_purchased":["Inflame","Flame Barrier","Pen Nib","ClockworkSouvenir"],"campfire_rested":0,"item_purchase_floors":[11,11,25,41],"current_hp_per_floor":[72,72,72,72,72,72,71,71,71,50,50,45,49,44,44,49,72,72,72,72,66,63,63,63,63,63,69,56,71,71,77,77,77,77,65,65,65,65,65,65,65,65,65,73,73,73,73,73,73,73],"gold":224,"neow_bonus":"REMOVE_TWO","is_daily":false,"chose_seed":false,"campfire_upgraded":7,"win_rate":0.0,"timestamp":1612199762,"path_taken":["M","?","M","?","M","R","M","R","T","M","$","E","?","E","R","BOSS","M","M","?","M","M","R","?","$","T","M","?","E","$","E","R","BOSS","M","?","?","?","?","E","$","R","T","M","?","E","M","E","R","BOSS"],"items_purchased_type":["Card","Card","Relic","Relic"],"build_version":"2020-12-22","purchased_purges":3,"victory":true,"max_hp_per_floor":[72,72,72,72,72,72,72,72,72,72,72,72,72,72,72,72,72,72,72,72,72,72,72,72,72,72,72,77,77,77,77,77,77,77,77,73,73,73,73,73,73,73,73,73,73,73,73,73,73,73],"card_choices":[{"not_picked":["Armaments","ReplayReversal"],"picked":"Thunderclap","floor":1},{"not_picked":["Seeing Red","Corruption"],"picked":"Headbutt","floor":3},{"not_picked":["Hemogenesis","Sword Boomerang"],"picked":"Metallicize","floor":5},{"not_picked":["Wild Strike","Twin Strike","Heavy Blade"],"picked":"SKIP","floor":7},{"not_picked":["Clothesline","Heavy Blade"],"picked":"Spot Weakness","floor":10},{"not_picked":["Exhume","Headbutt"],"picked":"True Grit","floor":12},{"not_picked":["Clothesline","hubris:SharpeningStone","ReplayTheSpireMod:Limb From Limb"],"picked":"SKIP","floor":13},{"not_picked":["Clothesline","hubris:SharpeningStone"],"picked":"ReplayTheSpireMod:Limb From Limb","floor":13},{"not_picked":["True Grit","Replay:Undeath\u0027s Touch"],"picked":"Berserk","floor":14},{"not_picked":["Juggernaut","Exhume"],"picked":"Impervious","floor":16},{"not_picked":["Pommel Strike","Body Slam"],"picked":"Heavy Blade+1","floor":18},{"not_picked":["Iron Wave","Twin Strike"],"picked":"Battle Trance","floor":19},{"not_picked":["Corruption","Combust"],"picked":"Cleave+1","floor":21},{"not_picked":["Sword Boomerang","Dropkick"],"picked":"Metallicize","floor":22},{"not_picked":["Pommel Strike+1","Twin Strike+1"],"picked":"Dropkick+1","floor":27},{"not_picked":["Heavy Blade","True Grit","Clothesline+1"],"picked":"SKIP","floor":29},{"not_picked":["Run Through+1","Corruption","Body Slam"],"picked":"SKIP","floor":31},{"not_picked":["Eclipse","Double Tap"],"picked":"Barricade","floor":33},{"not_picked":["Feel No Pain+1","Headbutt+1"],"picked":"Clothesline+1","floor":35},{"not_picked":["hubris:SharpeningStone+1","Warcry+1","Infernal Blade"],"picked":"SKIP","floor":40},{"not_picked":["Rampage","Bludgeon","Body Slam+1"],"picked":"SKIP","floor":44},{"not_picked":["hubris:ReadiedAction","Body Slam"],"picked":"Shrug It Off","floor":46},{"not_picked":["Thunderclap+1","Armaments+1","hubris:ReadiedAction+1"],"picked":"SKIP","floor":47},{"not_picked":["Headbutt+1","Wild Strike+1"],"picked":"ReplayTheSpireMod:Muscle Training","floor":48}],"player_experience":945370,"relics_obtained":[{"floor":4,"key":"ReplayTheSpireMod:Spearhead"},{"floor":9,"key":"CeramicFish"},{"floor":12,"key":"Oddly Smooth Stone"},{"floor":14,"key":"War Paint"},{"floor":26,"key":"Juzu Bracelet"},{"floor":29,"key":"Toy Ornithopter"},{"floor":31,"key":"Replay:Bandana"},{"floor":40,"key":"Replay:Rubber Ducky"},{"floor":43,"key":"Mummified Hand"},{"floor":46,"key":"hubris:PeanutButter"},{"floor":48,"key":"Another Sword"}],"event_choices":[{"cards_removed":["Berserk"],"damage_healed":0,"gold_gain":0,"player_choice":"Take \u0026 Give","damage_taken":0,"max_hp_gain":0,"max_hp_loss":0,"event_name":"betterNote:BetterNote","floor":20,"gold_loss":0,"cards_obtained":["Venomology"]},{"cards_removed":["Strike_R"],"damage_healed":0,"gold_gain":0,"player_choice":"Gave Gold","damage_taken":0,"max_hp_gain":0,"max_hp_loss":0,"event_name":"Beggar","floor":24,"gold_loss":75},{"damage_healed":0,"gold_gain":0,"player_choice":"Shed Blood","damage_taken":18,"max_hp_gain":5,"max_hp_loss":0,"event_name":"Forgotten Altar","floor":28,"gold_loss":0},{"damage_healed":0,"gold_gain":0,"player_choice":"Max HP","damage_taken":0,"max_hp_gain":0,"max_hp_loss":4,"event_name":"Winding Halls","floor":36,"gold_loss":0},{"damage_healed":0,"gold_gain":0,"player_choice":"Ignored","damage_taken":0,"max_hp_gain":0,"max_hp_loss":0,"event_name":"betterThird:BetterPortal","floor":37,"gold_loss":0},{"damage_healed":0,"gold_gain":0,"player_choice":"Ignored","damage_taken":0,"max_hp_gain":0,"max_hp_loss":0,"event_name":"Tomb of Lord Red Mask","floor":38,"gold_loss":0},{"damage_healed":0,"gold_gain":0,"player_choice":"Upgraded","damage_taken":0,"max_hp_gain":0,"max_hp_loss":0,"event_name":"Upgrade Shrine","floor":39,"gold_loss":0,"cards_upgraded":["Barricade"]}],"is_beta":false,"boss_relics":[{"not_picked":["ChewingGum","hubris:BlackHole"],"picked":"Coffee Dripper"},{"not_picked":["hubris:HollowSoul","Replay:Drink Me"],"picked":"Ring of Chaos"}],"items_purged_floors":[11,25,41],"is_endless":false,"potions_floor_spawned":[7,10,12,14,18,19,27,29,40,46,47],"ascension_level":0}}