{"host":"d90cr1o5b5equuq8","time":1612169582,"event":{"mods":["BaseMod","Colored Powertips","Downfall","Minty Spire (QoL Compilation)","StSLib"],"gold_per_floor":[99,111,130,130,130,130,156,166,184,194,24,34,34,57,67,168,168,168,168,168,468,32,63,63,63,13,13,37,57,17,34,34,130,130,130,149,149,14,34,53,53,73,223,223,238,238,22,38,49,49],"floor_reached":51,"language":"ENG","playtime":7802,"items_purged":[],"score":659,"play_id":"48d485dd-28a4-4764-bb64-ff13c13e4060","local_time":"20210201035302","is_ascension_mode":false,"campfire_choices":[{"floor":1.0,"key":"RECALL"},{"floor":6.0,"key":"REST"},{"floor":13,"key":"REST"},{"data":"Guardian:SentryBeam","floor":18,"key":"SMITH"},{"floor":25,"key":"REST"},{"data":"expansioncontent:Chronoboost","floor":35,"key":"SMITH"},{"data":"Guardian:ConstructionForm","floor":44,"key":"SMITH"},{"floor":46,"key":"REST"}],"circlet_count":0,"master_deck":["Guardian:Strike_Guardian","Guardian:Strike_Guardian","Guardian:Strike_Guardian","Guardian:Defend_Guardian","Guardian:Defend_Guardian","Guardian:Defend_Guardian","Guardian:Defend_Guardian","Guardian:CurlUp+1","Guardian:TwinSlam","Guardian:ChargeCore","Guardian:Preprogram","Guardian:PiercingHide","Guardian:PrimingBeam","Guardian:BronzeArmor+1","Guardian:ShieldCharger","Guardian:SentryBeam+1","Guardian:TimeSifter","expansioncontent:Chronoboost+1","Guardian:ConstructionForm+1","Guardian:Reroute","Guardian:PolyBeam+1","Guardian:PiercingHide","Guardian:PrimingBeam","Guardian:HyperBeam_Guardian","Guardian:Reroute","Guardian:ChargeCore","Guardian:ChargeCore","Guardian:CrystalBeam+1","Guardian:VentSteam+1","Guardian:WalkerClaw+1","Guardian:RollAttack+1","expansioncontent:StudyTheSpire","Guardian:VentSteam+1","Guardian:PiercingHide+1","Guardian:EvasiveProtocol+1"],"relics":["Guardian:ModeShifter","Tiny Chest","Odd Mushroom","SlaversCollar","Enchiridion","Old Coin","Guardian:BottledStasis","Lantern","PreservedInsect","Regal Pillow","War Paint","Runic Dome","Torii","Anchor","DollysMirror"],"acts_visited":["Exordium","TheCity","TheBeyond"],"potions_floor_usage":[16,16,16,23,32,33,42,45,50,50,50],"damage_taken":[{"damage":6.0,"enemies":"Cultist","floor":2.0,"turns":3.0},{"damage":10.0,"enemies":"Jaw Worm","floor":3.0,"turns":4.0},{"damage":20.0,"enemies":"Jaw Worm","floor":4.0,"turns":7.0},{"damage":0.0,"enemies":"2 Louse","floor":8.0,"turns":3.0},{"damage":6.0,"enemies":"Large Slime","floor":9.0,"turns":9.0},{"damage":7.0,"enemies":"3 Louse","floor":10.0,"turns":2.0},{"damage":0.0,"enemies":"downfall:FleeingMerchant","floor":11.0,"turns":4.0},{"damage":5,"enemies":"2 Fungi Beasts","floor":12,"turns":4},{"damage":7,"enemies":"The Mushroom Lair","floor":14,"turns":5},{"damage":12,"enemies":"Blue Slaver","floor":15,"turns":4},{"damage":32,"enemies":"SI_SHIV_ARCHETYPE","floor":16,"turns":9},{"damage":0,"enemies":"downfall:FleeingMerchant","floor":22,"turns":4},{"damage":44,"enemies":"Gremlin Leader","floor":23,"turns":8},{"damage":0,"enemies":"Shell Parasite","floor":29,"turns":5},{"damage":0,"enemies":"downfall:FleeingMerchant","floor":30,"turns":4},{"damage":7,"enemies":"3 Cultists","floor":31,"turns":5},{"damage":0,"enemies":"Centurion and Healer","floor":32,"turns":1},{"damage":2,"enemies":"WA_ARCHETYPE_CALM","floor":33,"turns":9},{"damage":10,"enemies":"Orb Walker","floor":36,"turns":3},{"damage":0,"enemies":"downfall:FleeingMerchant","floor":38,"turns":4},{"damage":0,"enemies":"3 Shapes","floor":39,"turns":5},{"damage":0,"enemies":"Spire Growth","floor":40,"turns":4},{"damage":2,"enemies":"Jaw Worm Horde","floor":42,"turns":3},{"damage":9,"enemies":"Maw","floor":45,"turns":8},{"damage":0,"enemies":"downfall:FleeingMerchant","floor":47,"turns":2},{"damage":0,"enemies":"Spire Growth","floor":48,"turns":5},{"damage":0,"enemies":"Writhing Mass","floor":49,"turns":5},{"damage":37,"enemies":"DF_ARCHETYPE_ORBS","floor":50,"turns":8}],"seed_played":"7788417509501694257","potions_obtained":[{"floor":2.0,"key":"Energy Potion"},{"floor":10.0,"key":"hexamod:SoulburnPotion"},{"floor":14,"key":"PowerPotion"},{"floor":15,"key":"champ:CounterPotion"},{"floor":16,"key":"hexamod:SoulburnPotion"},{"floor":23,"key":"EssenceOfSteel"},{"floor":29,"key":"SmokeBomb"},{"floor":36,"key":"EssenceOfSteel"},{"floor":42,"key":"Fruit Juice"}],"is_trial":false,"path_per_floor":["R","M","M","?","?","R","T","M","M","M","$","M","R","?","M","B",null,"R","?","?","T","$","E","T","R","?","?","T","M","$","M","M","B",null,"R","M","?","$","M","M","T","M","?","R","M","R","$","M","M","B",null],"character_chosen":"GUARDIAN","items_purchased":["Tiny Chest","Guardian:BottledStasis","Lantern","Guardian:Gem_Red","expansioncontent:Chronoboost","Guardian:PiercingHide","Slimebound:ThreeZeroPotion","Guardian:ChargeCore","Anchor","expansioncontent:StudyTheSpire","PowerPotion","Fire Potion","DollysMirror"],"campfire_rested":4,"item_purchase_floors":[11,22,22,22,22,30,38,38,47,47,47,47,47],"current_hp_per_floor":[88,82,72,52,52,78,78,78,72,65,65,60,86,79,67,35,88,88,72,72,72,72,28,28,69,88,88,88,88,88,81,81,79,88,88,78,78,78,78,78,78,76,76,76,72,93,93,93,93,56],"gold":49,"neow_bonus":"TEN_PERCENT_HP_BONUS","is_daily":false,"chose_seed":false,"campfire_upgraded":3,"win_rate":0.0,"timestamp":1612169582,"path_taken":["R","M","M","?","?","R","T","M","M","M","$","M","R","?","M","BOSS","R","?","?","?","?","E","T","R","?","?","?","M","$","M","M","BOSS","R","M","?","$","M","M","T","M","?","R","M","R","$","?","M","BOSS"],"items_purchased_type":["Relic","Relic","Relic","Card","Card","Card","Potion","Card","Relic","Card","Potion","Potion","Relic"],"build_version":"2020-12-22","purchased_purges":0,"victory":true,"max_hp_per_floor":[88,88,88,88,88,88,88,88,88,88,88,88,88,88,88,88,88,88,88,88,88,88,88,88,88,88,88,88,88,88,88,88,88,88,88,88,88,88,88,88,88,88,88,88,93,93,93,93,93,93],"card_choices":[{"not_picked":["Guardian:Clone","Guardian:TimeCapacitor"],"picked":"Guardian:ChargeCore","floor":2.0},{"not_picked":["Guardian:BronzeArmor","Guardian:VentSteam"],"picked":"Guardian:Preprogram","floor":3.0},{"not_picked":["Guardian:TimeCapacitor","Guardian:Incinerate"],"picked":"Guardian:PiercingHide","floor":8.0},{"not_picked":["Guardian:DonusPower","Guardian:BronzeOrb"],"picked":"Guardian:PrimingBeam","floor":9.0},{"not_picked":["Guardian:Clone","Guardian:Preprogram"],"picked":"Guardian:BronzeArmor","floor":10.0},{"not_picked":["Guardian:Reroute","Guardian:BodySlam"],"picked":"Guardian:Gem_White","floor":11.0},{"not_picked":["Guardian:WalkerClaw","Guardian:Suspension"],"picked":"Guardian:Gem_Fragmented","floor":12},{"not_picked":["Guardian:DecasProtection","Guardian:Repulse"],"picked":"Guardian:ShieldCharger","floor":14},{"not_picked":["Guardian:TemporalShield","Guardian:DecasProtection"],"picked":"Guardian:SentryBeam","floor":15},{"not_picked":["Guardian:FastForward","Guardian:Gem_Synthetic"],"picked":"Guardian:TimeSifter","floor":16},{"not_picked":["Guardian:ArmoredProtocol","Guardian:GuardianWhirl"],"picked":"Guardian:Gem_Yellow","floor":22},{"not_picked":["Guardian:FastForward","Guardian:RollAttack"],"picked":"Guardian:ConstructionForm","floor":23},{"not_picked":["Guardian:TemporalShield","Guardian:Gem_Fragmented"],"picked":"Guardian:Reroute","floor":29},{"not_picked":["Guardian:RollAttack","Guardian:ShieldCharger"],"picked":"Guardian:PolyBeam+1","floor":30},{"not_picked":["Guardian:RollAttack","Guardian:ShieldCharger"],"picked":"Guardian:PrimingBeam","floor":31},{"not_picked":["Guardian:RevengeProtocol","Guardian:Gem_Orange"],"picked":"Guardian:HyperBeam_Guardian","floor":33},{"not_picked":["Guardian:Gem_Green","Guardian:Gem_Lightblue"],"picked":"Guardian:Reroute","floor":36},{"not_picked":["Guardian:FloatingOrbs","Guardian:Suspension+1"],"picked":"Guardian:Gem_Purple","floor":38},{"not_picked":["Guardian:ShieldCharger","Guardian:DonusPower"],"picked":"Guardian:ChargeCore","floor":39},{"not_picked":["Guardian:Gem_Purple","Guardian:TemporalShield"],"picked":"Guardian:CrystalBeam+1","floor":40},{"not_picked":["Guardian:Incinerate","Guardian:Reroute"],"picked":"Guardian:VentSteam+1","floor":42},{"not_picked":["Guardian:Suspension+1","Guardian:TemporalStrike"],"picked":"Guardian:WalkerClaw+1","floor":45},{"not_picked":["Guardian:Preprogram+1","Guardian:HyperBeam_Guardian"],"picked":"Guardian:RollAttack+1","floor":47},{"not_picked":["Guardian:ShieldCharger+1","Guardian:Recover+1"],"picked":"Guardian:PiercingHide+1","floor":48},{"not_picked":["Guardian:Gem_Fragmented","Guardian:DonusPower"],"picked":"Guardian:EvasiveProtocol+1","floor":49}],"player_experience":82643,"relics_obtained":[{"floor":14,"key":"Odd Mushroom"},{"floor":19,"key":"Enchiridion"},{"floor":21,"key":"Old Coin"},{"floor":23,"key":"PreservedInsect"},{"floor":24,"key":"Regal Pillow"},{"floor":28,"key":"War Paint"},{"floor":41,"key":"Torii"}],"event_choices":[{"damage_healed":0,"gold_gain":0,"player_choice":"Fought Mushrooms","damage_taken":0,"max_hp_gain":0,"max_hp_loss":0,"event_name":"Mushrooms","floor":14,"gold_loss":0},{"damage_healed":0,"gold_gain":0,"player_choice":"Ignored","damage_taken":0,"max_hp_gain":0,"max_hp_loss":0,"event_name":"Vampires","floor":20,"gold_loss":0}],"is_beta":false,"boss_relics":[{"not_picked":["Empty Cage","Guardian:ModeShifterPlus"],"picked":"SlaversCollar"},{"not_picked":["Cursed Key","Runic Pyramid"],"picked":"Runic Dome"}],"items_purged_floors":[],"is_endless":false,"potions_floor_spawned":[2,4,10,14,15,16,23,29,36,42,49],"ascension_level":0}}