{"host":"jbw470l122a0du6q","time":1612215944,"event":{"mods":["BaseMod","Better Altar","Better Match","Better Note","Better Sensory Stone","Better Skull","Better Third Choice","Dark Map","Downfall","Duelist Mod","GifTheSpireLib","Hermit","MarisaÅiñ∂âJÅ@ñÇóùçπÅj","Minty Spire (QoL Compilation)","StSLib","The Construct","The Cursed","The Disciple","The Marked","The Runesmith","The Servant 0.9.4"],"gold_per_floor":[144,21,21,33,52,84,104,115,195,205,219,219,254,254,254,355,355,365,365,434,434,504,504,535,554,554,554,574,574,349,369,369,464,464,480,76,88,88,106,106,116,116,116,131,161,161,193,206,206,206],"floor_reached":51,"language":"ENG","playtime":3597,"items_purged":["theDuelist:CastleWalls"],"score":865,"play_id":"59a373e2-11c8-4f4b-86ae-ec3404ad8cc9","local_time":"20210201164544","is_ascension_mode":true,"campfire_choices":[{"floor":12.0,"key":"REST"},{"data":"theDuelist:HammerShot","floor":15.0,"key":"SMITH"},{"floor":23,"key":"REST"},{"floor":27,"key":"REST"},{"floor":32,"key":"REST"},{"floor":40,"key":"REST"},{"data":"theDuelist:SwordsBurning","floor":42,"key":"SMITH"},{"data":"theDuelist:Yami","floor":46,"key":"SMITH"},{"floor":49,"key":"REST"}],"circlet_count":0,"master_deck":["theDuelist:CastleWalls","theDuelist:DarkMagician+1","theDuelist:MysticalElf","theDuelist:MysticalElf","theDuelist:NeoMagic","theDuelist:NeoMagic+1","theDuelist:Sparks","theDuelist:Sparks","theDuelist:Sparks","Madness","theDuelist:AltarTribute","theDuelist:BadReaction","theDuelist:SwordsBurning+1","theDuelist:SkilledDarkMagician","theDuelist:Kuribohrn","theDuelist:HammerShot+1","theDuelist:LegendaryFlameLord","theDuelist:RadiantMirrorForce+1","theDuelist:AncientElf","theDuelist:DokiDoki","theDuelist:RainbowKuriboh","theDuelist:AltarTribute+1","theDuelist:Yami+1","theDuelist:IcyCrevasse+1","theDuelist:ApprenticeIllusionMagician+1","theDuelist:RainbowMagician+1","theDuelist:GiantTrapHole","theDuelist:ApprenticeIllusionMagician+2","theDuelist:IcyCrevasse+1","theDuelist:BlizzardPrincess+1","theDuelist:Graverobber+1","theDuelist:CircleFireKings","theDuelist:IcyCrevasse+1"],"relics":["theDuelist:MillenniumPuzzle","theDuelist:CardPoolRelic","theDuelist:CardPoolBasicRelic","theDuelist:BoosterPackPoolRelic","theDuelist:CardPoolAddRelic","theDuelist:CardPoolMinusRelic","theDuelist:CardPoolSaveRelic","theDuelist:CardPoolOptionsRelic","NeowsBlessing","Whetstone","theDuelist:BoosterPackTrapEgg","Unceasing Top","theDuelist:DuelistTeaSet","Molten Egg 2","theDuelist:SpellcasterStone","Self Forming Clay","Bronze Scales","PreservedInsect","Mark of Pain","Incense Burner","theDuelist:MillenniumPrayerbook","construct:FoamFinger","theDuelist:SummonAnchor"],"acts_visited":["Exordium","TheCity","TheBeyond"],"potions_floor_usage":[33,33,33,50],"damage_taken":[{"damage":0.0,"enemies":"Jaw Worm","floor":1.0,"turns":1.0},{"damage":0.0,"enemies":"Cultist","floor":4.0,"turns":1.0},{"damage":0.0,"enemies":"Small Slimes","floor":5.0,"turns":1.0},{"damage":22.0,"enemies":"Gremlin Nob","floor":6.0,"turns":5.0},{"damage":15.0,"enemies":"2 Fungi Beasts","floor":7.0,"turns":5.0},{"damage":16.0,"enemies":"Exordium Wildlife","floor":8.0,"turns":4.0},{"damage":2.0,"enemies":"Looter","floor":10.0,"turns":3.0},{"damage":3.0,"enemies":"Red Slaver","floor":11.0,"turns":4.0},{"damage":7.0,"enemies":"3 Sentries","floor":13.0,"turns":5.0},{"damage":49.0,"enemies":"Slime Boss","floor":16.0,"turns":11.0},{"damage":45,"enemies":"Shell Parasite","floor":18,"turns":8},{"damage":35,"enemies":"theDuelist:KaibaA2","floor":24,"turns":9},{"damage":23,"enemies":"Chosen","floor":25,"turns":7},{"damage":6,"enemies":"Snecko","floor":28,"turns":5},{"damage":21,"enemies":"Centurion and Healer","floor":31,"turns":9},{"damage":36,"enemies":"Automaton","floor":33,"turns":10},{"damage":25,"enemies":"3 Darklings","floor":35,"turns":5},{"damage":23,"enemies":"3 Shapes","floor":37,"turns":4},{"damage":0,"enemies":"Spire Growth","floor":39,"turns":6},{"damage":0,"enemies":"Sphere and 2 Shapes","floor":41,"turns":5},{"damage":7,"enemies":"Maw","floor":44,"turns":9},{"damage":0,"enemies":"Giant Head","floor":45,"turns":8},{"damage":0,"enemies":"Nemesis","floor":47,"turns":7},{"damage":21,"enemies":"Jaw Worm Horde","floor":48,"turns":4},{"damage":22,"enemies":"Time Eater","floor":50,"turns":9}],"seed_played":"-1815618968811947466","potions_obtained":[{"floor":1.0,"key":"theDuelist:BottledKuriboh"},{"floor":4.0,"key":"SneckoOil"},{"floor":10.0,"key":"SteroidPotion"},{"floor":13.0,"key":"construct:ShiftPotion"},{"floor":18,"key":"theDuelist:VampireVial"},{"floor":25,"key":"Strength Potion"},{"floor":45,"key":"theDuelist:CoolBottle"},{"floor":47,"key":"theDuelist:VoidBottle"},{"floor":48,"key":"sneckomod:MuddlingPotion"}],"is_trial":false,"path_per_floor":["M","$","?","M","M","E","M","M","T","M","M","R","E","?","R","B",null,"M","?","T","?","T","R","E","M","T","R","M","?","$","M","R","B",null,"M","$","M","?","M","R","M","R","T","M","E","R","E","M","R","B",null],"character_chosen":"THE_DUELIST","items_purchased":["theDuelist:AltarTribute","theDuelist:BadReaction","PreservedInsect","Incense Burner","theDuelist:GiantTrapHole"],"campfire_rested":6,"item_purchase_floors":[2,2,30,36,36],"current_hp_per_floor":[80,80,80,80,80,58,50,41,41,39,36,60,53,53,53,4,80,46,40,40,40,40,64,37,14,14,38,46,46,46,25,49,13,80,55,55,44,44,44,68,68,68,68,80,80,80,80,59,80,70],"gold":206,"neow_bonus":"THREE_ENEMY_KILL","is_daily":false,"chose_seed":false,"campfire_upgraded":3,"win_rate":0.0,"timestamp":1612215944,"path_taken":["M","$","?","M","?","E","M","M","T","M","M","R","E","?","R","BOSS","M","?","?","?","?","R","E","M","T","R","?","?","$","M","R","BOSS","M","$","M","?","M","R","M","R","T","M","E","R","E","M","R","BOSS"],"items_purchased_type":["Card","Card","Relic","Relic","Card"],"build_version":"2020-12-22","purchased_purges":1,"victory":true,"max_hp_per_floor":[80,80,80,80,80,80,80,80,80,80,80,80,80,80,80,80,80,80,80,80,80,80,80,80,80,80,80,80,80,80,80,80,80,80,80,80,80,80,80,80,80,80,80,80,80,80,80,80,80,80],"card_choices":[{"not_picked":["theDuelist:DragonOrbCard","theDuelist:StormOrbCard","theDuelist:GadgetOrbCard","theDuelist:SmokeOrbCard"],"picked":"theDuelist:EarthOrbCard","floor":1.0},{"not_picked":["theDuelist:ExodiaHead","theDuelist:RainbowDarkDragon"],"picked":"theDuelist:SwordsBurning","floor":4.0},{"not_picked":["theDuelist:SpellShatteringArrow","theDuelist:SangaThunder","theDuelist:ExodiaLL","theDuelist:FlyingSaucer"],"picked":"theDuelist:SkilledDarkMagician","floor":5.0},{"not_picked":["theDuelist:DarklordSuperbia","theDuelist:MagicHoleGolem","theDuelist:GaiaMidNightSun","theDuelist:BlackPendant"],"picked":"theDuelist:Kuribohrn","floor":6.0},{"not_picked":["theDuelist:MudragonSwamp","theDuelist:PowerGiant","theDuelist:RainbowOverdragon","theDuelist:BattleguardKing"],"picked":"theDuelist:HammerShot","floor":7.0},{"not_picked":["theDuelist:CosmicHorrorGangiel","theDuelist:FogKing"],"picked":"theDuelist:LegendaryFlameLord","floor":8.0},{"not_picked":["theDuelist:MillenniumGolem","theDuelist:RainbowLife+1","theDuelist:GreenGraveOni","theDuelist:Reload"],"picked":"theDuelist:RadiantMirrorForce+1","floor":10.0},{"not_picked":["theDuelist:NeoMagic","theDuelist:ThousandEyesIdol","theDuelist:WhiteMagicalHat","theDuelist:FogKing"],"picked":"theDuelist:AncientElf","floor":11.0},{"not_picked":["theDuelist:GraniteLoyalist","theDuelist:DianKeto","theDuelist:AttackTheMoon","theDuelist:EarthGiant"],"picked":"theDuelist:DokiDoki","floor":13.0},{"not_picked":["theDuelist:RainbowDarkDragon","theDuelist:IrisEarthMother","theDuelist:RainbowMagician","theDuelist:RainbowOverdragon"],"picked":"theDuelist:RainbowKuriboh","floor":16.0},{"not_picked":["theDuelist:DarkMagician","theDuelist:ThousandEyesIdol+1","theDuelist:InjectionFairy","theDuelist:SpiritHarp","theDuelist:VoidExpansion"],"picked":"SKIP","floor":18},{"not_picked":["theDuelist:SangaThunder+1","theDuelist:OnslaughtFireKings","theDuelist:DarkMagician+1","theDuelist:CallAtlanteans"],"picked":"theDuelist:AltarTribute+1","floor":24},{"not_picked":["theDuelist:SilentDoom+1","theDuelist:CircleFireKings","theDuelist:VoidExpansion","theDuelist:InfernoFireBlast+1"],"picked":"theDuelist:Yami","floor":25},{"not_picked":["theDuelist:MythicalBeast+1","theDuelist:NeoMagic+1","theDuelist:FairyBox+1","theDuelist:BookSecret"],"picked":"theDuelist:IcyCrevasse+1","floor":28},{"not_picked":["theDuelist:FogKing+1","theDuelist:InvitationDarkSleep","theDuelist:MythicalBeast+1","theDuelist:LordD"],"picked":"theDuelist:ApprenticeIllusionMagician+1","floor":31},{"not_picked":["theDuelist:IrisEarthMother","theDuelist:RainbowDarkDragon+1","theDuelist:RainbowKuriboh","theDuelist:RainbowOverdragon+1"],"picked":"theDuelist:RainbowMagician+1","floor":33},{"not_picked":["theDuelist:RainbowMagician+1","theDuelist:IrisEarthMother+1","theDuelist:RainbowDarkDragon","theDuelist:RainbowKuriboh","theDuelist:RainbowOverdragon+1"],"picked":"SKIP","floor":35},{"not_picked":["theDuelist:InfernoFireBlast+1","theDuelist:SilentDoom+1","theDuelist:ExodiaHead","theDuelist:Wildfire+1"],"picked":"theDuelist:ApprenticeIllusionMagician+2","floor":37},{"not_picked":["theDuelist:BadReaction+1","theDuelist:DarkHorizon+1","theDuelist:StatueAnguishPattern+1","theDuelist:WhiteHowling+1"],"picked":"theDuelist:IcyCrevasse+1","floor":38},{"not_picked":["theDuelist:NeoMagic+1","theDuelist:OnslaughtFireKings","theDuelist:GeminiElf","theDuelist:SpiritHarp+1"],"picked":"theDuelist:BlizzardPrincess+1","floor":38},{"not_picked":["theDuelist:ClearKuriboh+2","theDuelist:DarklordSuperbia+1","theDuelist:Mudora+1","theDuelist:PowerGiant+1","theDuelist:MudGolem+1"],"picked":"SKIP","floor":39},{"not_picked":["theDuelist:RainbowMagician+1","theDuelist:IrisEarthMother","theDuelist:RainbowDarkDragon+1","theDuelist:RainbowKuriboh","theDuelist:RainbowOverdragon+1"],"picked":"SKIP","floor":41},{"not_picked":["theDuelist:DestroyerGolem+1","theDuelist:GauntletWarrior+1","theDuelist:GemElephant+1","theDuelist:PurplePainOni+1","theDuelist:GaiaMidNightSun+1"],"picked":"SKIP","floor":44},{"not_picked":["theDuelist:DestroyerGolem+1","theDuelist:GauntletWarrior+1","theDuelist:GemElephant+1","theDuelist:PurplePainOni+1","theDuelist:GaiaMidNightSun+1"],"picked":"SKIP","floor":44},{"not_picked":["theDuelist:BadReaction+1","theDuelist:FairyBox+1","theDuelist:AltarTribute+1","theDuelist:DarkHorizon+1"],"picked":"theDuelist:Graverobber+1","floor":45},{"not_picked":["theDuelist:SpellShatteringArrow+1","theDuelist:MysticalElf","theDuelist:ApprenticeIllusionMagician+1","theDuelist:MagiciansRobe"],"picked":"theDuelist:CircleFireKings","floor":47},{"not_picked":["theDuelist:AltarTribute+1","theDuelist:StatueAnguishPattern+1","theDuelist:WhiteHowling+1","theDuelist:Graverobber+1"],"picked":"theDuelist:IcyCrevasse+1","floor":48}],"player_experience":80334,"relics_obtained":[{"floor":6.0,"key":"Whetstone"},{"floor":9.0,"key":"theDuelist:BoosterPackTrapEgg"},{"floor":13.0,"key":"Unceasing Top"},{"floor":20,"key":"Molten Egg 2"},{"floor":22,"key":"theDuelist:SpellcasterStone"},{"floor":24,"key":"Self Forming Clay"},{"floor":26,"key":"Bronze Scales"},{"floor":43,"key":"theDuelist:MillenniumPrayerbook"},{"floor":45,"key":"construct:FoamFinger"},{"floor":47,"key":"theDuelist:SummonAnchor"}],"event_choices":[{"damage_healed":0.0,"max_hp_gain":0.0,"max_hp_loss":0.0,"gold_gain":0.0,"event_name":"Wheel of Change","player_choice":"Full Heal","floor":3.0,"gold_loss":0.0,"damage_taken":0.0},{"damage_healed":0.0,"max_hp_gain":0.0,"max_hp_loss":0.0,"gold_gain":0.0,"event_name":"The Cleric","player_choice":"Leave","floor":14.0,"gold_loss":0.0,"damage_taken":0.0},{"damage_healed":0,"gold_gain":0,"player_choice":"Dig - random Duelist relic","duelist":true,"damage_taken":0,"max_hp_gain":0,"max_hp_loss":0,"event_name":"Aknamkanon\u0027s Tomb","floor":19,"gold_loss":0},{"damage_healed":0,"gold_gain":0,"player_choice":"Ignored","damage_taken":0,"max_hp_gain":0,"max_hp_loss":0,"event_name":"Ghosts","floor":21,"gold_loss":0},{"damage_healed":0,"gold_gain":0,"player_choice":"Leave","duelist":true,"damage_taken":0,"max_hp_gain":0,"max_hp_loss":0,"event_name":"Egyptian Village","floor":29,"gold_loss":0},{"damage_healed":0,"gold_gain":0,"player_choice":"Random: Blue","damage_taken":0,"max_hp_gain":0,"max_hp_loss":0,"event_name":"betterThird:BetterPortal","floor":38,"gold_loss":0},{"damage_healed":0,"gold_gain":3,"player_choice":"1","damage_taken":0,"max_hp_gain":0,"max_hp_loss":0,"event_name":"betterStone:BetterStone","floor":38,"gold_loss":0}],"is_beta":false,"boss_relics":[{"not_picked":["theDuelist:MillenniumKey","Runesmith:UraniumAnvil","Velvet Choker"]},{"not_picked":["HoveringKite","Runic Cube"],"picked":"Mark of Pain"}],"items_purged_floors":[30],"is_endless":false,"potions_floor_spawned":[1,4,10,13,18,25,45,47,48],"ascension_level":2}}