{"host":"9b7hrp48q3pna783","time":1612222011,"event":{"mods":["BaseMod","Colored Map","Colored Powertips","Highlight Path","Minty Spire (QoL Compilation)","Relic Stats"],"gold_per_floor":[119,134,150,170,170,170,182,182,264,264,264],"floor_reached":10,"language":"ENG","playtime":641,"items_purged":[],"score":66,"play_id":"a726f183-693c-4258-98a4-3f758fcbac2b","local_time":"20210201182651","is_ascension_mode":true,"campfire_choices":[{"data":"Backflip","floor":6,"key":"SMITH"},{"data":"Bullet Time","floor":8,"key":"SMITH"}],"circlet_count":0,"master_deck":["Strike_G","Strike_G","Strike_G","Strike_G","Defend_G","Defend_G","Defend_G","Defend_G","Defend_G","Survivor","Neutralize","Dagger Throw","Slice","Backflip+1","Bullet Time+1"],"relics":["Ring of the Snake","Mummified Hand"],"acts_visited":["Exordium"],"potions_floor_usage":[10,10],"damage_taken":[{"damage":6,"enemies":"2 Louse","floor":1,"turns":4},{"damage":0,"enemies":"Small Slimes","floor":2,"turns":3},{"damage":2,"enemies":"Jaw Worm","floor":3,"turns":6},{"damage":4,"enemies":"2 Fungi Beasts","floor":4,"turns":3},{"damage":5,"enemies":"Exordium Wildlife","floor":7,"turns":5},{"damage":47,"enemies":"Gremlin Nob","floor":10,"turns":4}],"seed_played":"5577881914265915865","potions_obtained":[{"floor":1,"key":"LiquidMemories"},{"floor":3,"key":"Energy Potion"}],"is_trial":false,"path_per_floor":["M","M","M","M","?","R","M","R","T","E"],"character_chosen":"THE_SILENT","items_purchased":[],"campfire_rested":0,"item_purchase_floors":[],"current_hp_per_floor":[64,64,62,58,51,51,46,46,46,0,0],"gold":264,"neow_bonus":"THREE_CARDS","is_daily":false,"chose_seed":false,"campfire_upgraded":2,"win_rate":0.0,"timestamp":1612222011,"path_taken":["M","M","M","M","?","R","M","R","T","E"],"items_purchased_type":[],"build_version":"2020-12-22","purchased_purges":0,"victory":false,"max_hp_per_floor":[70,70,70,70,70,70,70,70,70,70,70],"relic_stats":{"counters":[6,25],"Mummified Hand":[0],"obtain_stats":[{"Mummified Hand":9,"Ring of the Snake":0},{"Mummified Hand":5,"Ring of the Snake":0},{"Mummified Hand":21,"Ring of the Snake":0}],"Ring of the Snake":[12]},"card_choices":[{"not_picked":["Outmaneuver","Flying Knee"],"picked":"Dagger Throw","floor":0},{"not_picked":["Choke","Quick Slash"],"picked":"Slice","floor":1},{"not_picked":["Dagger Throw","PiercingWail","Bane"],"picked":"SKIP","floor":2},{"not_picked":["Underhanded Strike","Acrobatics","Dagger Throw"],"picked":"SKIP","floor":3},{"not_picked":["Dagger Throw","Deflect"],"picked":"Backflip","floor":4},{"not_picked":["Acrobatics","Deadly Poison"],"picked":"Bullet Time","floor":7}],"player_experience":132873,"relics_obtained":[{"floor":9,"key":"Mummified Hand"}],"event_choices":[{"cards_removed":["Strike_G"],"damage_healed":0,"gold_gain":0,"player_choice":"Card Removal","damage_taken":7,"max_hp_gain":0,"max_hp_loss":0,"event_name":"Golden Wing","floor":5,"gold_loss":0}],"is_beta":false,"boss_relics":[],"items_purged_floors":[],"is_endless":false,"potions_floor_spawned":[1,3],"killed_by":"Gremlin Nob","ascension_level":2}}