{"host":"ixpjvd0r4p7lnmut","time":1612157374,"event":{"mods":["Act Like it!","BaseMod","Block Reminder","Colored Map","Colored Powertips","Hallownest","Minty Spire (QoL Compilation)","Rare Cards Sparkle","Relic Stats","StSLib","The Bug Knight"],"gold_per_floor":[112,122,48,63,73,73,73],"floor_reached":6,"language":"ENG","playtime":300,"items_purged":[],"score":38,"play_id":"891f8927-2e7f-45ef-bf9e-3dab1a276b07","local_time":"20210131212934","is_ascension_mode":false,"campfire_choices":[],"circlet_count":0,"master_deck":["HollowMod:NailStrikeStart","HollowMod:NailStrikeStart","HollowMod:NailStrikeStart","HollowMod:NailStrikeStart","HollowMod:QuickDashStart","HollowMod:QuickDashStart","HollowMod:QuickDashStart","HollowMod:QuickDashStart","HollowMod:FocusHealStart","HollowMod:PogoStrike","HollowMod:theNailsmith","HollowMod:ChannelNail","HollowMod:CycloneSlash","HollowMod:Grubsong","HollowMod:GrimmsGift","HollowMod:ShapeofUnn"],"relics":["HollowMod:VesselMask"],"acts_visited":["Exordium"],"potions_floor_usage":[2,5,5],"damage_taken":[{"damage":5,"enemies":"Cultist","floor":1,"turns":4},{"damage":11,"enemies":"Jaw Worm","floor":2,"turns":3},{"damage":0,"enemies":"2 Louse","floor":4,"turns":2},{"damage":4,"enemies":"2 Fungi Beasts","floor":5,"turns":3},{"damage":52,"enemies":"Gremlin Nob","floor":6,"turns":5}],"seed_played":"-1206515969628317495","potions_obtained":[{"floor":1,"key":"Strength Potion"},{"floor":2,"key":"EssenceOfSteel"},{"floor":4,"key":"Fire Potion"}],"is_trial":false,"path_per_floor":["M","M","$","M","M","E"],"character_chosen":"THE_BUGKNIGHT","items_purchased":["HollowMod:Grubsong"],"campfire_rested":0,"item_purchase_floors":[3],"current_hp_per_floor":[55,50,50,50,52,0,0],"gold":73,"neow_bonus":"THREE_RARE_CARDS","is_daily":false,"chose_seed":false,"campfire_upgraded":0,"win_rate":0.0,"timestamp":1612157374,"path_taken":["M","M","$","M","M","E"],"items_purchased_type":["Card"],"build_version":"2020-12-22","purchased_purges":0,"victory":false,"max_hp_per_floor":[75,75,75,75,75,75,75],"relic_stats":{"counters":[5,17],"obtain_stats":[{"HollowMod:VesselMask":0},{"HollowMod:VesselMask":0},{"HollowMod:VesselMask":0}]},"card_choices":[{"not_picked":["HollowMod:ElderbugsWisdom","HollowMod:AwokenDreamNail"],"picked":"HollowMod:theNailsmith","floor":0},{"not_picked":["HollowMod:RecoilStrike","HollowMod:DreamGate"],"picked":"HollowMod:ChannelNail","floor":1},{"not_picked":["HollowMod:VengefulVoid","HollowMod:ShadowDash"],"picked":"HollowMod:CycloneSlash","floor":2},{"not_picked":["HollowMod:LifebloodCocoon","HollowMod:SiblingsSouls"],"picked":"HollowMod:GrimmsGift","floor":4},{"not_picked":["HollowMod:CloakDash","HollowMod:DescendingDark"],"picked":"HollowMod:ShapeofUnn","floor":5}],"player_experience":136614,"relics_obtained":[],"event_choices":[],"is_beta":false,"boss_relics":[],"items_purged_floors":[],"is_endless":false,"potions_floor_spawned":[1,2,4],"killed_by":"Gremlin Nob","ascension_level":0}}