{"host":"6rz02yiipefhcw4r","time":1612202063,"event":{"mods":["2.2 Compatiblity","Arknights","BaseMod","Better Match","Better Third Choice","Better Vampires","BetterRewards","Block Reminder","Colored Map","Curses Come First","DeckTracker","Googly Eyes","Hubris","Minty Spire (QoL Compilation)","Quick Restart","Rare Cards Sparkle","Reliquary","Replay The Spire","Shade Mod","Spicy Shops","StSLib","The Bladedancer","The Cursed","The Marked","The Necromancer","The Runesmith"],"gold_per_floor":[115,115,132,132,132,165,165,165,190,190,220,240,240,315,315,393,393,412,383,185,185,197,197,228,245,268,299,34,34,46,62,62,134,134,149,58,58,72,82,107,107,141,141,156,175,202,215,11,11,11,11],"floor_reached":50,"language":"ENG","playtime":3371,"items_purged":["Injury","Pride"],"score":1535,"play_id":"db6433fb-db28-42e3-9db8-95d05950bf22","local_time":"20210201155423","is_ascension_mode":true,"campfire_choices":[{"data":"Apotheosis","floor":10.0,"key":"SMITH"},{"data":"ReplayTheSpireMod:Corrosion Curse","floor":13.0,"key":"SMITH"},{"data":"ReplayReversal","floor":23.0,"key":"SMITH"},{"floor":32,"key":"REST"},{"data":"ReplayTheSpireMod:Stacked","floor":41,"key":"SMITH"},{"floor":49,"key":"RECALL"}],"circlet_count":0,"master_deck":["AscendersBane","Strike_R","Strike_R+1","Strike_R","Strike_R","Defend_R","Defend_R+1","Defend_R","Defend_R","Bash","Cleave","Thunderclap","ReplayTheSpireMod:Corrosion Curse+1","Apotheosis+1","ReplayReversal+1","ReplayTheSpireMod:Stacked+1","Immolate","Replay:Undeath\u0027s Touch","Shrug It Off","True Grit+1","Heavy Blade","Dark Embrace+1","Warcry","Replay:Undeath\u0027s Touch","Offering","Bandage Up","Sever Soul","Abandon","Fire Breathing","Sword Boomerang","Flex+1","Warcry+1","True Grit+1","Havoc+1","Shockwave","Rupture+1"],"relics":["Burning Blood","NeowsBlessing","hubris:CrystalStatue","FaceOfCleric","Nunchaku","Omamori","Replay:Ancient Bell","Bag of Marbles","hubris:PeanutButter","Dead Branch","Counterbalance","betterThird:NestCultRelic","MealTicket","Centennial Puzzle","Runesmith:Locket","Onion Ring","ReplayTheSpireMod:Ring of Addiction","White Beast Statue","Toy Ornithopter","hubris:ScarierMask","BargainBundle","Simple Rune","Replay:Bottled Steam","StrikeDummy","Bottled Flame"],"acts_visited":["Exordium","TheCity","TheBeyond"],"potions_floor_usage":[39,46,47,50],"damage_taken":[{"damage":0.0,"enemies":"Jaw Worm","floor":1.0,"turns":1.0},{"damage":0.0,"enemies":"Cultist","floor":3.0,"turns":1.0},{"damage":0.0,"enemies":"Lagavulin","floor":6.0,"turns":1.0},{"damage":10.0,"enemies":"3 Sentries","floor":11.0,"turns":5.0},{"damage":8.0,"enemies":"2 Louse","floor":12.0,"turns":2.0},{"damage":50.0,"enemies":"Slime Boss","floor":16.0,"turns":10.0},{"damage":0.0,"enemies":"3 Byrds","floor":18.0,"turns":4.0},{"damage":0.0,"enemies":"2 Thieves","floor":19.0,"turns":4.0},{"damage":1.0,"enemies":"Centurion and Healer","floor":22.0,"turns":6.0},{"damage":2.0,"enemies":"Gremlin Leader","floor":24.0,"turns":5.0},{"damage":15.0,"enemies":"Sentry and Sphere","floor":25.0,"turns":6.0},{"damage":40.0,"enemies":"Slavers","floor":27.0,"turns":4.0},{"damage":10.0,"enemies":"Snake Plant","floor":30.0,"turns":4.0},{"damage":0.0,"enemies":"Centurion and Healer","floor":31.0,"turns":6.0},{"damage":0,"enemies":"hubris:MusketHawk","floor":33,"turns":2},{"damage":2,"enemies":"3 Shapes","floor":35,"turns":2},{"damage":4,"enemies":"3 Darklings","floor":38,"turns":3},{"damage":0,"enemies":"Jaw Worm Horde","floor":39,"turns":3},{"damage":23,"enemies":"Giant Head","floor":40,"turns":5},{"damage":0,"enemies":"Reptomancer","floor":42,"turns":2},{"damage":0,"enemies":"Writhing Mass","floor":44,"turns":3},{"damage":23,"enemies":"Sphere and 2 Shapes","floor":45,"turns":4},{"damage":11,"enemies":"Giant Head","floor":46,"turns":4},{"damage":11,"enemies":"Transient","floor":47,"turns":6},{"damage":98,"enemies":"Time Eater","floor":50,"turns":10}],"seed_played":"8393446753283226138","potions_obtained":[{"floor":2.0,"key":"Toxic Potion"},{"floor":2.0,"key":"Doom Potion"},{"floor":3.0,"key":"Swift Potion"},{"floor":11.0,"key":"ElixirPotion"},{"floor":16.0,"key":"ElixirPotion"},{"floor":24.0,"key":"Dexterity Potion"},{"floor":29.0,"key":"LifebloodPotion"},{"floor":31.0,"key":"Adrenaline Potion"},{"floor":39,"key":"Swift Potion"},{"floor":45,"key":"Reflective Coating"},{"floor":46,"key":"Adrenaline Potion"},{"floor":47,"key":"Strength Potion"}],"is_trial":false,"path_per_floor":["M","?","M","?","$","E","?","?","T","R","E","M","R","?","R_BF","B",null,"M","M","$","?","M","R","E","M","T","E","$","?","M","M","R","B",null,"M","$","?","M","M","E","R","E","T","M","M","E","M","$","R","B"],"character_chosen":"IRONCLAD","items_purchased":["Counterbalance","Shrug It Off","Onion Ring","Warcry","BargainBundle","Bandage Up","Sever Soul","Abandon","Fire Breathing","Bottled Flame","Rupture+1"],"campfire_rested":1,"item_purchase_floors":[20,20,28,28,36,36,36,36,36,48,48],"current_hp_per_floor":[74,74,75,75,75,75,75,75,75,75,72,71,71,60,60,17,63,70,77,77,77,81,81,82,74,74,41,56,56,53,65,86,87,87,86,86,86,85,86,70,70,81,81,87,77,84,85,88,88,0,0],"gold":11,"neow_bonus":"THREE_ENEMY_KILL","is_daily":false,"chose_seed":false,"campfire_upgraded":4,"win_rate":0.0,"timestamp":1612202063,"path_taken":["M","?","?","?","?","E","?","?","T","R","E","?","R","?","R_BF","BOSS","M","M","$","?","M","R","E","M","T","E","$","?","M","M","R","BOSS","M","$","?","M","M","E","R","E","T","?","M","E","M","?","R","BOSS"],"items_purchased_type":["Relic","Card","Relic","Card","Relic","Card","Card","Card","Card","Relic","Card"],"build_version":"2020-12-22","purchased_purges":2,"victory":false,"max_hp_per_floor":[75,75,75,75,75,75,75,75,75,75,76,77,77,77,77,78,78,79,80,80,80,81,81,82,83,83,84,84,84,85,86,86,87,87,86,86,86,85,86,87,87,88,86,87,88,87,88,88,88,88,88],"card_choices":[{"not_picked":["hubris:ReadiedAction","Entrench"],"picked":"Cleave","floor":1.0},{"not_picked":["Havoc","Perfected Strike"],"picked":"Thunderclap","floor":3.0},{"not_picked":["Replay:Undeath\u0027s Touch","Bloodletting","Headbutt"],"picked":"SKIP","floor":6.0},{"not_picked":["Replay:Undeath\u0027s Touch","Bloodletting","Headbutt"],"picked":"SKIP","floor":6.0},{"not_picked":["Sever Soul","Sword Boomerang"],"picked":"ReplayReversal","floor":11.0},{"not_picked":["Pommel Strike","Havoc"],"picked":"ReplayTheSpireMod:Stacked","floor":12.0},{"not_picked":["hubris:StunningStrike","Brutality"],"picked":"Immolate","floor":16.0},{"not_picked":["Amnesia","ReplayTheSpireMod:Splinters"],"picked":"hubris:Sloth","floor":17.0},{"not_picked":["Doubt","blademaster:WrongfulFootwork"],"picked":"TheCursedMod:Dregs","floor":17.0},{"not_picked":["ReplayTheSpireMod:Doomed","Languid"],"picked":"Injury","floor":17.0},{"not_picked":["Clash","Anger","Run Through"],"picked":"SKIP","floor":18.0},{"not_picked":["Flex","Dual Wield"],"picked":"Replay:Undeath\u0027s Touch","floor":19.0},{"not_picked":["Demonic Infusion","Heavy Blade"],"picked":"True Grit+1","floor":22.0},{"not_picked":["ReplayTheSpireMod:Limb From Limb","Shrug It Off"],"picked":"Heavy Blade","floor":24.0},{"not_picked":["Iron Wave","Dropkick","Uppercut"],"picked":"SKIP","floor":25.0},{"not_picked":["Spot Weakness","Wild Strike"],"picked":"Dark Embrace","floor":27.0},{"not_picked":["Battle Trance","Havoc"],"picked":"Replay:Undeath\u0027s Touch","floor":30.0},{"not_picked":["Headbutt","Anger","Armaments"],"picked":"SKIP","floor":31.0},{"not_picked":["Juggernaut","Hemogenesis"],"picked":"Offering","floor":33},{"not_picked":["Flex","Perfected Strike","Iron Wave"],"picked":"SKIP","floor":35},{"not_picked":["Pommel Strike","ReplayTheSpireMod:Strike From Hell"],"picked":"Sword Boomerang","floor":38},{"not_picked":["Hemokinesis+1","Iron Wave"],"picked":"Flex+1","floor":39},{"not_picked":["Body Slam","Thunderclap"],"picked":"Warcry+1","floor":40},{"not_picked":["Entrench","Shrug It Off"],"picked":"True Grit+1","floor":42},{"not_picked":["Run Through","Abandon"],"picked":"Havoc+1","floor":44},{"not_picked":["Twin Strike","Clothesline","Hemokinesis+1"],"picked":"SKIP","floor":45},{"not_picked":["Battle Trance","Uppercut"],"picked":"Shockwave","floor":46},{"not_picked":["Pommel Strike","Abandon","Massacre+1"],"picked":"SKIP","floor":47}],"player_experience":789390,"relics_obtained":[{"floor":6.0,"key":"hubris:CrystalStatue"},{"floor":9.0,"key":"Nunchaku"},{"floor":11.0,"key":"Omamori"},{"floor":24.0,"key":"MealTicket"},{"floor":26.0,"key":"Centennial Puzzle"},{"floor":27.0,"key":"Runesmith:Locket"},{"floor":29.0,"key":"ReplayTheSpireMod:Ring of Addiction"},{"floor":29.0,"key":"White Beast Statue"},{"floor":29.0,"key":"Toy Ornithopter"},{"floor":40,"key":"Simple Rune"},{"floor":42,"key":"Replay:Bottled Steam"},{"floor":46,"key":"StrikeDummy"}],"event_choices":[{"damage_healed":0.0,"max_hp_gain":0.0,"max_hp_loss":0.0,"gold_gain":0.0,"event_name":"Lab","player_choice":"Got Potions","floor":2.0,"gold_loss":0.0,"damage_taken":0.0},{"damage_healed":0.0,"max_hp_gain":0.0,"max_hp_loss":0.0,"gold_gain":0.0,"cards_transformed":["Strike_R"],"event_name":"Transmorgrifier","player_choice":"Transformed","floor":4.0,"gold_loss":0.0,"damage_taken":0.0,"cards_obtained":["ReplayTheSpireMod:Corrosion Curse"]},{"damage_healed":75.0,"max_hp_gain":0.0,"max_hp_loss":75.0,"gold_gain":0.0,"event_name":"betterThird:BetterShining","player_choice":"Embrace","floor":7.0,"gold_loss":0.0,"damage_taken":0.0},{"damage_healed":0.0,"max_hp_gain":0.0,"max_hp_loss":0.0,"gold_gain":0.0,"event_name":"FaceTrader","player_choice":"Trade","floor":8.0,"gold_loss":0.0,"damage_taken":0.0,"relics_obtained":["FaceOfCleric"]},{"damage_healed":0.0,"max_hp_gain":0.0,"max_hp_loss":0.0,"gold_gain":75.0,"event_name":"betterThird:BetterGoop","player_choice":"Gold","floor":14.0,"gold_loss":0.0,"damage_taken":11.0},{"damage_healed":0.0,"max_hp_gain":0.0,"max_hp_loss":0.0,"gold_gain":0.0,"event_name":"The Cleric","player_choice":"Leave","floor":15.0,"gold_loss":0.0,"damage_taken":0.0},{"damage_healed":0.0,"max_hp_gain":0.0,"max_hp_loss":0.0,"gold_gain":0.0,"event_name":"betterThird:BetterNest","player_choice":"Madness","floor":21.0,"gold_loss":0.0,"damage_taken":0.0,"relics_obtained":["betterThird:NestCultRelic"]},{"damage_healed":0,"gold_gain":0,"player_choice":"Forge","damage_taken":0,"max_hp_gain":0,"max_hp_loss":0,"event_name":"Accursed Blacksmith","floor":37,"gold_loss":0,"cards_upgraded":["Dark Embrace"]}],"is_beta":false,"boss_relics":[{"not_picked":["reliquary:RedCape","Abe\u0027s Treasure"],"picked":"Replay:Ancient Bell"},{"not_picked":["Happy Flower","MawBank"],"picked":"Bag of Marbles"},{"not_picked":["Darkstone Periapt","Toxic Egg 2"],"picked":"hubris:PeanutButter"},{"not_picked":["Unceasing Top","Girya"],"picked":"Dead Branch"},{"not_picked":["hubris:CrackedHourglass","SacredBark"],"picked":"hubris:ScarierMask"}],"items_purged_floors":[28,36],"is_endless":false,"potions_floor_spawned":[3,6,11,16,22,24,25,30,31,33,35,38,39,40,42,44,45,46,47],"killed_by":"Time Eater","ascension_level":20}}