{"host":"4e3fxqp5hzyqu39k","time":1612159413,"event":{"mods":["BaseMod","Minty Spire (QoL Compilation)"],"gold_per_floor":[112,123,123,123,140,140,154,192,217,234,269,344,344,361,361,458,458,468,455,465,390,390,390,63,63,63,63,75,88,100,113,113,217,217,232,157,208,224,224,224],"floor_reached":39,"language":"ENG","playtime":2673,"items_purged":["Strike_P"],"score":379,"play_id":"60b89418-85ad-4803-a084-4fefbd6d45a9","local_time":"20210201010333","is_ascension_mode":false,"campfire_choices":[{"data":"ClearTheMind","floor":6.0,"key":"SMITH"},{"floor":13.0,"key":"REST"},{"data":"Wish","floor":15.0,"key":"SMITH"},{"data":"Vault","floor":23.0,"key":"SMITH"},{"data":"Apotheosis","floor":25.0,"key":"SMITH"},{"data":"Eruption","floor":27.0,"key":"SMITH"},{"floor":32.0,"key":"REST"}],"circlet_count":0,"master_deck":["Strike_P","Strike_P","Defend_P","Defend_P","Defend_P+1","Defend_P+1","Eruption+1","Vigilance+1","Tantrum","ClearTheMind+1","FollowUp","Wish+1","EmptyFist","BattleHymn","Consecrate","Vault+1","CurseOfTheBell","EmptyBody+1","Judgement","WreathOfFlame+1","Indignation","Apotheosis+1","Wallop","Halt","Omniscience","Adaptation","FlurryOfBlows","Protect"],"relics":["PureWater","NeowsBlessing","Ancient Tea Set","Calling Bell","Centennial Puzzle","White Beast Statue","Ginger","HandDrill","InkBottle","Fusion Hammer","Thread and Needle"],"acts_visited":["Exordium","TheCity","TheBeyond"],"potions_floor_usage":[37,37,38],"damage_taken":[{"damage":0.0,"enemies":"Jaw Worm","floor":1.0,"turns":1.0},{"damage":0.0,"enemies":"Small Slimes","floor":2.0,"turns":1.0},{"damage":0.0,"enemies":"2 Louse","floor":5.0,"turns":1.0},{"damage":0.0,"enemies":"Blue Slaver","floor":7.0,"turns":6.0},{"damage":10.0,"enemies":"Looter","floor":8.0,"turns":3.0},{"damage":3.0,"enemies":"Lots of Slimes","floor":10.0,"turns":7.0},{"damage":10.0,"enemies":"Exordium Thugs","floor":11.0,"turns":5.0},{"damage":0.0,"enemies":"Large Slime","floor":14.0,"turns":5.0},{"damage":21.0,"enemies":"The Guardian","floor":16.0,"turns":12.0},{"damage":2.0,"enemies":"Shell Parasite","floor":18.0,"turns":6.0},{"damage":7.0,"enemies":"2 Thieves","floor":19.0,"turns":6.0},{"damage":0.0,"enemies":"Centurion and Healer","floor":20.0,"turns":4.0},{"damage":2.0,"enemies":"Chosen and Byrds","floor":28.0,"turns":5.0},{"damage":6.0,"enemies":"Snake Plant","floor":29.0,"turns":3.0},{"damage":0.0,"enemies":"3 Cultists","floor":30.0,"turns":5.0},{"damage":13.0,"enemies":"Shelled Parasite and Fungi","floor":31.0,"turns":4.0},{"damage":26.0,"enemies":"Automaton","floor":33.0,"turns":11.0},{"damage":14.0,"enemies":"3 Darklings","floor":35.0,"turns":4.0},{"damage":54,"enemies":"2 Orb Walkers","floor":37,"turns":6},{"damage":0,"enemies":"Orb Walker","floor":38,"turns":5},{"damage":9,"enemies":"Writhing Mass","floor":39,"turns":1}],"seed_played":"-7838930030446770326","potions_obtained":[{"floor":2.0,"key":"Dexterity Potion"},{"floor":7.0,"key":"Fire Potion"},{"floor":10.0,"key":"GamblersBrew"},{"floor":16.0,"key":"Block Potion"},{"floor":18.0,"key":"AttackPotion"},{"floor":19.0,"key":"Weak Potion"},{"floor":20.0,"key":"PowerPotion"},{"floor":31.0,"key":"PowerPotion"},{"floor":37,"key":"StancePotion"},{"floor":38,"key":"BottledMiracle"}],"is_trial":false,"path_per_floor":["M","M","?","?","M","R","M","M","T","M","M","?","R","M","R","B",null,"M","M","M","?","?","R","$","R","T","R","M","M","M","M","R","B",null,"M","$","?","M","M"],"character_chosen":"WATCHER","items_purchased":["Apotheosis","HandDrill"],"campfire_rested":2,"item_purchase_floors":[24,24],"current_hp_per_floor":[72,72,72,58,58,58,58,48,48,45,35,24,45,45,45,24,72,70,63,63,63,63,63,63,63,63,63,61,55,55,42,63,37,72,58,58,4,4,0,0],"gold":224,"neow_bonus":"THREE_ENEMY_KILL","is_daily":false,"chose_seed":false,"campfire_upgraded":5,"win_rate":0.0,"timestamp":1612159413,"path_taken":["M","M","?","?","M","R","M","M","T","M","M","?","R","M","R","BOSS","M","M","M","?","?","R","$","R","T","R","M","M","M","M","R","BOSS","M","$","?","M","M"],"items_purchased_type":["Card","Relic"],"build_version":"2020-12-22","purchased_purges":1,"victory":false,"max_hp_per_floor":[72,72,72,72,72,72,72,72,72,72,72,72,72,72,72,72,72,72,72,72,72,72,72,72,72,72,72,72,72,72,72,72,72,72,72,72,72,72,72,72],"card_choices":[{"not_picked":["Evaluate","ThirdEye"],"picked":"Tantrum","floor":1.0},{"not_picked":["Crescendo","JustLucky"],"picked":"ClearTheMind","floor":2.0},{"not_picked":["SashWhip","Crescendo"],"picked":"FollowUp","floor":5.0},{"not_picked":["Nirvana","Crescendo"],"picked":"Wish","floor":7.0},{"not_picked":["TalkToTheHand","Consecrate"],"picked":"EmptyFist","floor":8.0},{"not_picked":["FlurryOfBlows","CrushJoints"],"picked":"BattleHymn","floor":10.0},{"not_picked":["Pray","Study","FollowUp"],"picked":"SKIP","floor":11.0},{"not_picked":["EmptyFist","Halt"],"picked":"Consecrate","floor":14.0},{"not_picked":["Scrawl","Omniscience"],"picked":"Vault","floor":16.0},{"not_picked":["WheelKick+1","Crescendo"],"picked":"EmptyBody+1","floor":18.0},{"not_picked":["CutThroughFate","Prostrate"],"picked":"Judgement","floor":19.0},{"not_picked":["CutThroughFate+1","Evaluate"],"picked":"WreathOfFlame+1","floor":20.0},{"not_picked":["Evaluate","Halt"],"picked":"Wallop","floor":28.0},{"not_picked":["Consecrate","Collect","Conclude+1"],"picked":"SKIP","floor":29.0},{"not_picked":["BowlingBash","SashWhip","ThirdEye"],"picked":"SKIP","floor":30.0},{"not_picked":["Swivel","ConjureBlade"],"picked":"Halt","floor":31.0},{"not_picked":["ConjureBlade","SpiritShield"],"picked":"Omniscience","floor":33.0},{"not_picked":["ThirdEye","Perseverance+1"],"picked":"Adaptation","floor":35.0},{"not_picked":["SignatureMove+1","WheelKick"],"picked":"FlurryOfBlows","floor":37},{"not_picked":["WreathOfFlame+1","CutThroughFate"],"picked":"Protect","floor":38}],"player_experience":259859,"relics_obtained":[{"floor":9.0,"key":"Ancient Tea Set"},{"floor":17.0,"key":"Centennial Puzzle"},{"floor":17.0,"key":"White Beast Statue"},{"floor":17.0,"key":"Ginger"},{"floor":26.0,"key":"InkBottle"},{"floor":37,"key":"Thread and Needle"}],"event_choices":[{"damage_healed":0.0,"max_hp_gain":0.0,"max_hp_loss":0.0,"gold_gain":0.0,"event_name":"Living Wall","player_choice":"Grow","floor":3.0,"gold_loss":0.0,"damage_taken":0.0,"cards_upgraded":["Vigilance"]},{"damage_healed":0.0,"max_hp_gain":0.0,"max_hp_loss":0.0,"gold_gain":0.0,"event_name":"Shining Light","player_choice":"Entered Light","floor":4.0,"gold_loss":0.0,"damage_taken":14.0,"cards_upgraded":["Defend_P","Defend_P"]},{"damage_healed":0.0,"max_hp_gain":0.0,"max_hp_loss":0.0,"gold_gain":75.0,"event_name":"World of Goop","player_choice":"Gather Gold","floor":12.0,"gold_loss":0.0,"damage_taken":11.0},{"cards_removed":["Strike_P"],"damage_healed":0.0,"max_hp_gain":0.0,"max_hp_loss":0.0,"gold_gain":0.0,"event_name":"Beggar","player_choice":"Gave Gold","floor":21.0,"gold_loss":75.0,"damage_taken":0.0},{"damage_healed":0.0,"max_hp_gain":0.0,"max_hp_loss":0.0,"gold_gain":0.0,"event_name":"The Library","player_choice":"Read","floor":22.0,"gold_loss":0.0,"damage_taken":0.0,"cards_obtained":["Indignation"]},{"damage_healed":0,"gold_gain":0,"player_choice":"Fight","damage_taken":0,"max_hp_gain":0,"max_hp_loss":0,"event_name":"Mysterious Sphere","floor":37,"gold_loss":0}],"is_beta":false,"boss_relics":[{"not_picked":["Black Star","SacredBark"],"picked":"Calling Bell"},{"not_picked":["Runic Pyramid","SlaversCollar"],"picked":"Fusion Hammer"}],"items_purged_floors":[36],"is_endless":false,"potions_floor_spawned":[2,7,10,16,18,19,20,28,29,30,31,33,35,37,38],"killed_by":"Writhing Mass","ascension_level":0}}