{"host":"xbdmg2vm5yvm04q9","time":1612156326,"event":{"mods":["Act Like it!","Aspiration","BaseMod","Colored Map","Colored Powertips","Conspire","Downfall","Gensokyo","Marisa（F雨　魔理沙）","Minty Spire (QoL Compilation)","Remilia（蕾米莉亚）","Replay The Spire","RumiaBox-露米娅的神秘盒子","StSLib","The Servant 0.9.4","UnlockEverythingMod","Waifu the Spire","【功能Mod】聪明的最终Boss"],"gold_per_floor":[116,116,128,140,160,190,190,200,200,200,37,69,81,81,81,179,179,192,192,292,311,331,360,360,376,376,389,22,39,73,88,145,249,249,263,167,167,185,203,203,217,217,299,315,331,436,468,1,1,1],"floor_reached":51,"language":"ZHS","playtime":5021,"items_purged":["Pain","ReplayTheSpireMod:Splinters"],"score":908,"play_id":"bcceb332-4f6d-418c-964c-e79b34a87a29","local_time":"20210201131206","is_ascension_mode":false,"campfire_choices":[{"data":"BloodHunter","floor":7.0,"key":"SMITH"},{"data":"LeisurelyOfLord","floor":15.0,"key":"SMITH"},{"data":"BatForm","floor":24.0,"key":"SMITH"},{"data":"UnstableMagic","floor":24.0,"key":"SMITH"},{"data":"conspire:Banana","floor":40,"key":"SMITH"},{"data":"conspire:Banana+1","floor":40,"key":"SMITH"},{"data":"conspire:Banana+2","floor":42,"key":"SMITH"},{"data":"conspire:Banana+3","floor":42,"key":"SMITH"},{"data":"Apotheosis","floor":49,"key":"SMITH"},{"data":"BatForm+1","floor":49,"key":"SMITH"}],"circlet_count":0,"master_deck":["Strike_RM","Strike_RM","Strike_RM","Strike_RM","Defend_RM","Defend_RM","Defend_RM","Defend_RM","RedMoon","ScarletShoot","AfternoonTea+1","Gensokyo:CrescentMoonSlash","BloodHunter+1","LeisurelyOfLord+1","TwelveNightmare+1","BloodAndWine","MastersStateliness","ReplayTheSpireMod:Private Reserves","UnstableMagic+1","BloodyTrap","BatForm+2","Stigmanizer","Maim","ScarletImprint","CharismaGuard","MiserableFate+1","CharismaGuard","Septette","TwelveNightmare","BloodHunter+1","DiffusionOfMisfortune","Stigmanizer","GlobalNightmare","ForecastOfChange","BombardNight","GlobalNightmare","conspire:Banana+4","BombardNight","RedRainbow","RedRainbow+1","MastersStateliness","BadLadyScramble+1","MiserableFate+1","Pot Of Greed","Pot Of Greed","Pot Of Greed","Pot Of Greed","StarOfDavid+1","Specialist","Apotheosis+1","Enlightenment","Pot Of Greed","ReplayTheSpireMod:Private Reserves"],"relics":["ScarletHat","Lantern","Divine Protection","Gensokyo:LunaticRedEyes","ReplayTheSpireMod:Ninjato","Akabeko","Replay:Grab Bag","Coffee Dripper","ChewingGum","conspire:SpecialSausage","Replay:Arrowhead","Mango","GodSword4","Centennial Puzzle","Guide Book","Medical Kit","Dream Catcher","Blood Vial","Simple Rune","conspire:InfiniteJournal","APieceOfRedMist","Gensokyo:TheCrow","Replay:WaspNest","ReplayTheSpireMod:TigerMarble","Grinning Jar","ReplayTheSpireMod:ShopPack","Replay:Baseball"],"acts_visited":["Gensokyo:Gensokyo","Gensokyo:Gensokyoer","Gensokyo:Gensokyoest"],"potions_floor_usage":[30,33,33,47],"damage_taken":[{"damage":0.0,"enemies":"Gensokyo:Gryphon","floor":1.0,"turns":5.0},{"damage":0.0,"enemies":"Gensokyo:Python","floor":3.0,"turns":5.0},{"damage":0.0,"enemies":"Gensokyo:2_Kodama","floor":4.0,"turns":3.0},{"damage":6.0,"enemies":"Gensokyo:LivingMonolith","floor":5.0,"turns":6.0},{"damage":14.0,"enemies":"Gensokyo:Aya","floor":6.0,"turns":6.0},{"damage":7.0,"enemies":"Gensokyo:Python_and_Kodama","floor":8.0,"turns":8.0},{"damage":2.0,"enemies":"Gensokyo:Mamizou","floor":12.0,"turns":9.0},{"damage":0.0,"enemies":"Gensokyo:2_Rabbits","floor":13.0,"turns":4.0},{"damage":54.0,"enemies":"Gensokyo:Yukari","floor":16.0,"turns":16.0},{"damage":0.0,"enemies":"Gensokyo:AngelMirror","floor":18.0,"turns":3.0},{"damage":7.0,"enemies":"Gensokyo:AngelMirror","floor":20.0,"turns":10.0},{"damage":0.0,"enemies":"Gensokyo:CosmicMonolith","floor":21.0,"turns":6.0},{"damage":0.0,"enemies":"Gensokyo:Chomper_and_Gloop","floor":22.0,"turns":3.0},{"damage":0.0,"enemies":"Gensokyo:Tenshi","floor":23.0,"turns":5.0},{"damage":0.0,"enemies":"Gensokyo:Wraith","floor":25.0,"turns":5.0},{"damage":0.0,"enemies":"Gensokyo:Slime_Group","floor":27.0,"turns":5.0},{"damage":0,"enemies":"Gensokyo:Monolith_and_Dog","floor":29,"turns":6},{"damage":0,"enemies":"Gensokyo:Koishi","floor":30,"turns":8},{"damage":0,"enemies":"Gensokyo:Chomper_and_Gloop","floor":31,"turns":3},{"damage":79,"enemies":"Gensokyo:Eternal_Rivals","floor":33,"turns":9},{"damage":0,"enemies":"Gensokyo:3_Boulders","floor":35,"turns":6},{"damage":0,"enemies":"Gensokyo:AncientGuardian","floor":38,"turns":2},{"damage":0,"enemies":"Gensokyo:4_Bats","floor":39,"turns":3},{"damage":33,"enemies":"Gensokyo:SeedOfUnknown","floor":41,"turns":6},{"damage":24,"enemies":"Gensokyo:Sharpion","floor":44,"turns":1},{"damage":19,"enemies":"Gensokyo:Rafflesia","floor":45,"turns":6},{"damage":20,"enemies":"Gensokyo:Marisa","floor":47,"turns":5},{"damage":63,"enemies":"Gensokyo:Yuyuko","floor":50,"turns":8}],"seed_played":"7893001229281674351","potions_obtained":[{"floor":1.0,"key":"FearPotion"},{"floor":5.0,"key":"CultistPotion"},{"floor":13.0,"key":"Elixir"},{"floor":21.0,"key":"Block Potion"},{"floor":22.0,"key":"DuplicationPotion"},{"floor":23.0,"key":"Toxic Potion"},{"floor":30,"key":"Energy Potion"},{"floor":32,"key":"Venom Potion"},{"floor":32,"key":"Dexterity Potion"},{"floor":39,"key":"Swift Potion"},{"floor":41,"key":"SteroidPotion"},{"floor":44,"key":"Weak Potion"}],"is_trial":false,"path_per_floor":["M","?","M","M","M","E","R","M","T","?","$","E","M","T","R","B",null,"M","?","?","M","M","E","R","M","T","M","COS","M","E","M","R_BF","B",null,"M","$","?","M","M","R","M","R","T","M","M","?","E","$","R","B",null],"character_chosen":"REMILIA","items_purchased":["ReplayTheSpireMod:Private Reserves","conspire:Banana","ReplayTheSpireMod:ShopPack","Specialist","Replay:Baseball"],"campfire_rested":0,"item_purchase_floors":[11,36,48,48,48],"current_hp_per_floor":[82,70,70,70,66,59,59,57,57,57,57,63,66,66,66,32,82,82,82,93,93,93,96,96,96,96,96,96,96,96,96,96,64,96,96,96,96,96,97,97,80,80,80,66,74,74,76,76,76,76],"gold":1,"neow_bonus":"TEN_PERCENT_HP_BONUS","is_daily":false,"chose_seed":false,"campfire_upgraded":10,"win_rate":0.0,"timestamp":1612156326,"path_taken":["M","?","M","?","?","E","R","M","T","?","?","E","M","?","R","BOSS","M","?","?","M","M","E","R","M","T","?","COS","M","E","M","R_BF","BOSS","M","?","?","M","M","R","M","R","T","M","M","?","E","?","R","BOSS"],"items_purchased_type":["Card","Card","Relic","Card","Relic"],"build_version":"2020-12-22","purchased_purges":2,"victory":true,"max_hp_per_floor":[82,82,82,82,82,82,82,82,82,82,82,82,82,82,82,82,82,82,82,96,96,96,96,96,96,96,96,96,96,96,96,96,96,96,96,96,96,96,97,97,100,100,100,100,105,105,110,110,110,115],"card_choices":[{"not_picked":["DevilSight","ScarletDream"],"picked":"AfternoonTea","floor":1.0},{"not_picked":["StarOfDavid","UnstableMagic"],"picked":"BloodHunter","floor":3.0},{"not_picked":["VampireSweep","ForbiddenFruit"],"picked":"LeisurelyOfLord","floor":4.0},{"not_picked":["NightDance","EndlessAdversity"],"picked":"TwelveNightmare","floor":5.0},{"not_picked":["GlobalNightmare","ScarletDream"],"picked":"BloodAndWine","floor":6.0},{"not_picked":["ScarletSymphony","ScarletNetherworld"],"picked":"MastersStateliness","floor":8.0},{"not_picked":["UnderTheZenith","Ultimatum"],"picked":"UnstableMagic","floor":12.0},{"not_picked":["ScarletDevilSign","RedNightlessCastle"],"picked":"BloodyTrap","floor":13.0},{"not_picked":["TransientEternity","QueenOfMidnight"],"picked":"BatForm","floor":16.0},{"not_picked":["NightLord+1","StarOfDavid"],"picked":"Stigmanizer","floor":18.0},{"not_picked":["NightLord","MastersStateliness"],"picked":"Maim","floor":20.0},{"not_picked":["ScarletSymphony","DevilSight"],"picked":"ScarletImprint","floor":21.0},{"not_picked":["UltimateOffering+1","UnderTheZenith"],"picked":"CharismaGuard","floor":22.0},{"not_picked":["RedRainbow","ScarletImprint"],"picked":"MiserableFate+1","floor":22.0},{"not_picked":["Stigmanizer","ReincarnationDial+1"],"picked":"CharismaGuard","floor":23.0},{"not_picked":["ScarletDevil","FavorOfDestiny"],"picked":"Septette","floor":25.0},{"not_picked":["Ultimatum","CurseOfVladTepes"],"picked":"TwelveNightmare","floor":27},{"not_picked":["UltimateOffering+1","StarOfDavid"],"picked":"BloodHunter+1","floor":29},{"not_picked":["VampirishNight","ChainGang+1"],"picked":"DiffusionOfMisfortune","floor":30},{"not_picked":["Maim+1","NightDance"],"picked":"Stigmanizer","floor":31},{"not_picked":["ScarletImprint","CharismaGuard"],"picked":"GlobalNightmare","floor":32},{"not_picked":["QueenOfMidnight","KillingBlow"],"picked":"ForecastOfChange","floor":33},{"not_picked":["MiserableFate","BloodyTrap+1"],"picked":"BombardNight","floor":35},{"not_picked":["RedMagic","ScarletNetherworld+1"],"picked":"GlobalNightmare","floor":35},{"not_picked":["CharismaGuard+1","UnstableMagic"],"picked":"BombardNight","floor":38},{"not_picked":["VampireFantasy","ScarletDevil","ReincarnationDial"],"picked":"SKIP","floor":39},{"not_picked":["ScarletImprint","ReincarnationDial"],"picked":"RedRainbow","floor":41},{"not_picked":["StarOfDavid+1","ScarletDream+1"],"picked":"RedRainbow+1","floor":44},{"not_picked":["NightDance+1","RedRainbow"],"picked":"MastersStateliness","floor":45},{"not_picked":["MastersStateliness","DiffusionOfMisfortune"],"picked":"BadLadyScramble+1","floor":46},{"not_picked":["Stigmanizer+1","RedRainbow+1"],"picked":"MiserableFate+1","floor":46},{"not_picked":["Stigmanizer+1","RedRainbow"],"picked":"StarOfDavid+1","floor":47},{"not_picked":["Mayhem","Midas Touch"],"picked":"Apotheosis","floor":48},{"not_picked":["Replay:BasicMightCard","Impatience"],"picked":"Enlightenment","floor":48},{"not_picked":["Dramatic Entrance","Enlightenment"],"picked":"ReplayTheSpireMod:Private Reserves","floor":48}],"player_experience":86592,"relics_obtained":[{"floor":6.0,"key":"Lantern"},{"floor":9.0,"key":"Divine Protection"},{"floor":12.0,"key":"ReplayTheSpireMod:Ninjato"},{"floor":14.0,"key":"Akabeko"},{"floor":20.0,"key":"Replay:Arrowhead"},{"floor":20.0,"key":"Mango"},{"floor":23.0,"key":"GodSword4"},{"floor":26.0,"key":"Centennial Puzzle"},{"floor":30,"key":"Blood Vial"},{"floor":32,"key":"Simple Rune"},{"floor":43,"key":"Replay:WaspNest"},{"floor":46,"key":"ReplayTheSpireMod:TigerMarble"},{"floor":47,"key":"Grinning Jar"}],"event_choices":[],"is_beta":false,"boss_relics":[{"not_picked":["bronze:MakeshiftBattery","Runic Dome"],"picked":"Replay:Grab Bag"},{"not_picked":["Philosopher\u0027s Stone","Fusion Hammer"],"picked":"Coffee Dripper"},{"not_picked":["Busted Crown","Velvet Choker"],"picked":"ChewingGum"},{"not_picked":["Black Star","Pandora\u0027s Box"],"picked":"conspire:SpecialSausage"},{"not_picked":["Replay:Bronze Core","conspire:RoyalGoblet"],"picked":"APieceOfRedMist"}],"items_purged_floors":[11,48],"is_endless":false,"potions_floor_spawned":[1,5,13,21,22,23,25,30,39,41,44],"ascension_level":0}}