{"host":"8a3jzv7qxg3y7b6t","time":1612168184,"event":{"mods":["BaseMod","Better Third Choice","Downfall","Hermit","Minty Spire (QoL Compilation)","Relic Stats","StSLib","The Bug Knight","The Cursed"],"gold_per_floor":[113,132,147,147,162,201,201,234,234,234,265,283,301,301,301,421,421,442,542,565,565,611,651,651,651],"floor_reached":24,"language":"ENG","playtime":1932,"items_purged":[],"score":287,"play_id":"83c0664d-bf2d-4ced-be62-ce7e0510c023","local_time":"20210201002944","is_ascension_mode":true,"campfire_choices":[{"floor":7,"key":"RECALL"},{"data":"HollowMod:MantisMark","floor":15,"key":"SMITH"}],"circlet_count":0,"master_deck":["HollowMod:NailStrikeStart","HollowMod:NailStrikeStart","HollowMod:NailStrikeStart","HollowMod:NailStrikeStart","HollowMod:QuickDashStart","HollowMod:QuickDashStart","HollowMod:QuickDashStart","HollowMod:QuickDashStart","HollowMod:FocusHealStart","HollowMod:PogoStrike","HollowMod:DashSlash","HollowMod:DashSlash","HollowMod:MantisMark","Injury","HollowMod:CloakDash","HollowMod:CornifersMapStart","HollowMod:LifebloodCocoon","HollowMod:CoiledNail","HollowMod:DoubleDash","HollowMod:MantisMark+1","HollowMod:HerrahsAnger","HollowMod:CycloneSlash+1","HollowMod:HowlingWraiths","HollowMod:SlysStrikes"],"relics":["HollowMod:VesselMask","Golden Idol","Oddly Smooth Stone","Ice Cream","CultistMask","Turnip","Art of War","Sozu","Smiling Mask","The Courier"],"acts_visited":["Exordium","TheCity"],"potions_floor_usage":[6,13,13,13],"damage_taken":[{"damage":1,"enemies":"Cultist","floor":1,"turns":3},{"damage":0,"enemies":"Jaw Worm","floor":2,"turns":3},{"damage":0,"enemies":"2 Louse","floor":3,"turns":3},{"damage":1,"enemies":"Gremlin Gang","floor":5,"turns":6},{"damage":0,"enemies":"3 Sentries","floor":6,"turns":8},{"damage":11,"enemies":"Lagavulin","floor":8,"turns":10},{"damage":25,"enemies":"3 Sentries","floor":11,"turns":9},{"damage":0,"enemies":"Exordium Thugs","floor":12,"turns":4},{"damage":0,"enemies":"3 Louse","floor":13,"turns":5},{"damage":45,"enemies":"The Guardian","floor":16,"turns":14},{"damage":5,"enemies":"Spheric Guardian","floor":18,"turns":4},{"damage":21,"enemies":"2 Thieves","floor":20,"turns":4},{"damage":53,"enemies":"Book of Stabbing","floor":23,"turns":7},{"damage":10,"enemies":"Sentry and Sphere","floor":24,"turns":5}],"seed_played":"-6024549626171925855","potions_obtained":[{"floor":2,"key":"AttackPotion"},{"floor":8,"key":"SkillPotion"},{"floor":11,"key":"Fire Potion"},{"floor":12,"key":"Regen Potion"}],"is_trial":false,"path_per_floor":["M","M","M","?","M","E","R","E","T","?","E","M","M","T","R","B",null,"M","?","M","?","T","E","M"],"character_chosen":"THE_BUGKNIGHT","items_purchased":[],"campfire_rested":0,"item_purchase_floors":[],"current_hp_per_floor":[81,81,82,82,81,81,81,70,70,70,51,51,65,65,65,26,82,77,77,56,56,56,9,0,0],"gold":651,"neow_bonus":"TEN_PERCENT_HP_BONUS","is_daily":false,"chose_seed":false,"campfire_upgraded":1,"win_rate":0.0,"timestamp":1612168184,"path_taken":["M","?","M","?","M","E","R","E","T","?","E","?","M","?","R","BOSS","M","?","?","?","?","E","M"],"items_purchased_type":[],"build_version":"2020-12-22","purchased_purges":0,"victory":false,"max_hp_per_floor":[82,82,82,82,82,82,82,82,82,82,82,82,82,82,82,82,82,82,82,82,82,82,82,82,82],"relic_stats":{"Sozu":1,"counters":[14,85],"Golden Idol":73,"Turnip":[10],"Art of War":[0],"Smiling Mask":0,"obtain_stats":[{"Ice Cream":8,"Sozu":17,"Golden Idol":4,"Oddly Smooth Stone":6,"HollowMod:VesselMask":0,"CultistMask":10,"Turnip":11,"The Courier":23,"Art of War":14,"Smiling Mask":22},{"Ice Cream":6,"Sozu":10,"Golden Idol":3,"Oddly Smooth Stone":5,"HollowMod:VesselMask":0,"CultistMask":6,"Turnip":7,"The Courier":13,"Art of War":9,"Smiling Mask":12},{"Ice Cream":33,"Sozu":65,"Golden Idol":9,"Oddly Smooth Stone":23,"HollowMod:VesselMask":0,"CultistMask":33,"Turnip":42,"The Courier":80,"Art of War":51,"Smiling Mask":73}]},"card_choices":[{"not_picked":["HollowMod:MawleksShell","HollowMod:CloakDash"],"picked":"HollowMod:DashSlash","floor":1},{"not_picked":["HollowMod:Grubsong","HollowMod:InfectionAssault"],"picked":"HollowMod:DashSlash","floor":2},{"not_picked":["HollowMod:HowlingWraiths","HollowMod:BaldurShell"],"picked":"HollowMod:MantisMark","floor":3},{"not_picked":["HollowMod:AbyssShriek","HollowMod:InfectedCysts"],"picked":"HollowMod:CloakDash","floor":5},{"not_picked":["HollowMod:GreatSlash","HollowMod:LifebloodCocoon"],"picked":"HollowMod:CornifersMapStart","floor":6},{"not_picked":["HollowMod:Grubsong","HollowMod:CrystalDash"],"picked":"HollowMod:LifebloodCocoon","floor":8},{"not_picked":["HollowMod:PaleKingsBlessing","HollowMod:SharpenedNail"],"picked":"HollowMod:CoiledNail","floor":11},{"not_picked":["HollowMod:GrimmsGift","HollowMod:ChannelNail"],"picked":"HollowMod:DoubleDash","floor":12},{"not_picked":["HollowMod:HowlingWraiths","HollowMod:VengefulSpirit"],"picked":"HollowMod:MantisMark","floor":13},{"not_picked":["HollowMod:VoidDash","HollowMod:ElderbugsWisdom"],"picked":"HollowMod:HerrahsAnger","floor":16},{"not_picked":["HollowMod:InfectedCysts+1","HollowMod:DescendingDark+1"],"picked":"HollowMod:CycloneSlash+1","floor":18},{"not_picked":["HollowMod:WraithStrike","HollowMod:DescendingDark"],"picked":"HollowMod:HowlingWraiths","floor":20},{"not_picked":["HollowMod:AbyssShriek+1","HollowMod:VengefulVoid+1","HollowMod:WraithStrike"],"picked":"SKIP","floor":23}],"player_experience":651938,"relics_obtained":[{"floor":6,"key":"Oddly Smooth Stone"},{"floor":8,"key":"Ice Cream"},{"floor":11,"key":"Turnip"},{"floor":14,"key":"Art of War"},{"floor":22,"key":"Smiling Mask"},{"floor":23,"key":"The Courier"}],"event_choices":[{"damage_healed":0,"gold_gain":0,"player_choice":"Take Wound","damage_taken":0,"relics_obtained":["Golden Idol"],"max_hp_gain":0,"max_hp_loss":0,"event_name":"Golden Idol","floor":4,"gold_loss":0,"cards_obtained":["Injury"]},{"damage_healed":0,"gold_gain":0,"player_choice":"Trade","damage_taken":0,"relics_obtained":["CultistMask"],"max_hp_gain":0,"max_hp_loss":0,"event_name":"FaceTrader","floor":10,"gold_loss":0},{"damage_healed":0,"gold_gain":100,"player_choice":"Pray","damage_taken":0,"max_hp_gain":0,"max_hp_loss":0,"event_name":"Golden Shrine","floor":19,"gold_loss":0},{"damage_healed":0,"gold_gain":0,"player_choice":"Read","damage_taken":0,"max_hp_gain":0,"max_hp_loss":0,"event_name":"The Library","floor":21,"gold_loss":0,"cards_obtained":["HollowMod:SlysStrikes"]}],"is_beta":false,"boss_relics":[{"not_picked":["Astrolabe","Tiny House"],"picked":"Sozu"}],"items_purged_floors":[],"is_endless":false,"potions_floor_spawned":[2,8,11,12,20],"killed_by":"Sentry and Sphere","ascension_level":2}}