{"host":"c3lc60y5x60jlt1y","time":1612189147,"event":{"mods":["AchievementEnabler","BaseMod","Bestiary","Colored Map","Minty Spire (QoL Compilation)","Quick Restart","StSLib","ojb\u0027s Info Mod"],"gold_per_floor":[114,129,129,129,144,174,174,189,214,244,259,289,289,14,14,114,114,129,129,144,159,159,159,189,189,189,204,219,219,234,264,264,364,364,379,289,39,54,4,34,34,49,49,79,94,94,94,109,109,109],"floor_reached":51,"language":"ENG","playtime":11161,"items_purged":["Strike_R","Zap"],"score":917,"play_id":"fa14a7a9-af81-4f20-90b9-2e5ca424c79b","local_time":"20210201161907","daily_mods":["Chimera","ControlledChaos","Night Terrors"],"is_ascension_mode":false,"campfire_choices":[{"floor":13.0,"key":"DIG"},{"floor":15.0,"key":"DIG"},{"floor":23.0,"key":"DIG"},{"floor":25.0,"key":"DIG"},{"floor":32.0,"key":"DIG"},{"floor":41,"key":"DIG"},{"floor":47,"key":"DIG"},{"floor":49,"key":"DIG"}],"circlet_count":0,"master_deck":["Bash","Survivor","Eruption","Strike_G+1","Defend_G+1","Havoc","Spot Weakness","Havoc","Havoc+1","Flex+1","Carnage+1","Juggernaut","Blood for Blood+1","Power Through+1","Body Slam+1","Perfected Strike+1","Flame Barrier+1","Havoc+1","Body Slam+1","Spot Weakness+1","Immolate+1","Shrug It Off+1","Carnage+1","Carnage+1"],"relics":["Burning Blood","Frozen Eye","Shovel","Girya","Orichalcum","Molten Egg 2","Happy Flower","Lizard Tail","Lee\u0027s Waffle","PreservedInsect","Snecko Eye","Oddly Smooth Stone","Gambling Chip","Anchor","Unceasing Top","Letter Opener","Omamori","Fusion Hammer","Boot","War Paint","Mercury Hourglass","InkBottle","Champion Belt","Nunchaku","Magic Flower"],"acts_visited":["Exordium","TheCity","TheBeyond"],"potions_floor_usage":[50,50,50],"damage_taken":[{"damage":2.0,"enemies":"Jaw Worm","floor":1.0,"turns":3.0},{"damage":0.0,"enemies":"Small Slimes","floor":2.0,"turns":3.0},{"damage":0.0,"enemies":"Cultist","floor":5.0,"turns":3.0},{"damage":15.0,"enemies":"3 Sentries","floor":6.0,"turns":5.0},{"damage":10.0,"enemies":"Looter","floor":8.0,"turns":2.0},{"damage":21.0,"enemies":"Lagavulin","floor":10.0,"turns":9.0},{"damage":0.0,"enemies":"Exordium Thugs","floor":11.0,"turns":4.0},{"damage":26.0,"enemies":"Gremlin Nob","floor":12.0,"turns":4.0},{"damage":16.0,"enemies":"Slime Boss","floor":16.0,"turns":7.0},{"damage":2.0,"enemies":"Chosen","floor":18.0,"turns":3.0},{"damage":7.0,"enemies":"3 Byrds","floor":20.0,"turns":5.0},{"damage":6.0,"enemies":"Snecko","floor":21.0,"turns":3.0},{"damage":21.0,"enemies":"Book of Stabbing","floor":24.0,"turns":3.0},{"damage":0.0,"enemies":"Snake Plant","floor":27.0,"turns":2.0},{"damage":0.0,"enemies":"3 Cultists","floor":28.0,"turns":2.0},{"damage":6.0,"enemies":"Centurion and Healer","floor":30.0,"turns":3.0},{"damage":0.0,"enemies":"Gremlin Leader","floor":31.0,"turns":2.0},{"damage":86.0,"enemies":"Collector","floor":33.0,"turns":8.0},{"damage":0.0,"enemies":"Orb Walker","floor":35.0,"turns":2.0},{"damage":5,"enemies":"3 Shapes","floor":38,"turns":2},{"damage":25,"enemies":"Giant Head","floor":40,"turns":7},{"damage":13,"enemies":"3 Darklings","floor":42,"turns":4},{"damage":0,"enemies":"Reptomancer","floor":44,"turns":2},{"damage":0,"enemies":"Transient","floor":45,"turns":5},{"damage":1,"enemies":"Writhing Mass","floor":48,"turns":3},{"damage":63,"enemies":"Donu and Deca","floor":50,"turns":6}],"seed_played":"-6699970657251824518","potions_obtained":[{"floor":1.0,"key":"Fire Potion"},{"floor":2.0,"key":"HeartOfIron"},{"floor":8.0,"key":"DistilledChaos"},{"floor":12.0,"key":"Fruit Juice"},{"floor":33.0,"key":"EssenceOfSteel"},{"floor":35.0,"key":"SmokeBomb"},{"floor":44,"key":"CultistPotion"}],"is_trial":false,"path_per_floor":["M","M","?","?","M","E","?","M","T","E","M","E","R","$","R","B",null,"M","?","M","M","?","R","E","R","T","M","M","?","M","E","R","B",null,"M","?","$","M","$","E","R","M","T","E","M","?","R","M","R","B",null],"character_chosen":"IRONCLAD","items_purchased":["Lee\u0027s Waffle","AttackPotion","Boot","AttackPotion"],"campfire_rested":0,"item_purchase_floors":[14,14,37,39],"current_hp_per_floor":[80,80,85,82,85,76,59,55,55,40,46,31,31,97,97,87,97,97,97,96,100,100,100,89,89,89,99,105,105,105,109,109,29,109,109,109,109,113,113,94,94,87,87,93,99,123,123,123,123,69],"gold":109,"neow_bonus":"","is_daily":true,"chose_seed":false,"campfire_upgraded":0,"win_rate":0.0,"timestamp":1612189147,"path_taken":["M","M","?","?","M","E","?","M","T","E","M","E","R","$","R","BOSS","M","?","?","M","?","R","E","R","T","M","M","?","M","E","R","BOSS","M","?","$","M","?","E","R","M","T","E","M","?","R","?","R","BOSS"],"items_purchased_type":["Relic","Potion","Relic","Potion"],"build_version":"2020-12-22","purchased_purges":2,"victory":true,"max_hp_per_floor":[80,80,85,85,85,85,85,85,85,85,85,90,90,97,97,97,97,97,97,97,101,101,101,105,105,105,109,109,109,109,109,109,109,109,109,109,109,113,113,113,113,113,113,113,113,123,123,123,123,123],"card_choices":[{"not_picked":["Searing Blow","Intimidate"],"picked":"Havoc","floor":1.0},{"not_picked":["Flex","Clothesline"],"picked":"Spot Weakness","floor":2.0},{"not_picked":["Warcry","Heavy Blade"],"picked":"Havoc","floor":5.0},{"not_picked":["True Grit","Ghostly Armor"],"picked":"Havoc","floor":6.0},{"not_picked":["Entrench","Warcry"],"picked":"Flex","floor":8.0},{"not_picked":["Searing Blow+1","Iron Wave+1"],"picked":"Carnage+1","floor":10.0},{"not_picked":["Armaments","Seeing Red","Clash+1"],"picked":"SKIP","floor":11.0},{"not_picked":["Seeing Red","Heavy Blade+1"],"picked":"Feed+1","floor":12.0},{"not_picked":["Limit Break","Barricade"],"picked":"Juggernaut","floor":16.0},{"not_picked":["Cleave+1","Thunderclap+1"],"picked":"Blood for Blood+1","floor":18.0},{"not_picked":["Uppercut+1","Burning Pact"],"picked":"Body Slam+1","floor":20.0},{"not_picked":["True Grit","Clash+1"],"picked":"Perfected Strike+1","floor":21.0},{"not_picked":["Pommel Strike+1","True Grit"],"picked":"Flame Barrier+1","floor":24.0},{"not_picked":["Sword Boomerang+1","Iron Wave+1","Warcry"],"picked":"SKIP","floor":27.0},{"not_picked":["True Grit","Wild Strike+1"],"picked":"Havoc+1","floor":28.0},{"not_picked":["Iron Wave+1","Twin Strike+1","Evolve"],"picked":"SKIP","floor":30.0},{"not_picked":["Cleave+1","True Grit"],"picked":"Spot Weakness+1","floor":31.0},{"not_picked":["Brutality","Exhume"],"picked":"Immolate+1","floor":33.0},{"not_picked":["Twin Strike+1","Havoc"],"picked":"Shrug It Off+1","floor":35.0},{"not_picked":["Pommel Strike+1","Clothesline+1","Havoc+1"],"picked":"SKIP","floor":38},{"not_picked":["Limit Break","Warcry+1"],"picked":"Carnage+1","floor":40},{"not_picked":["Wild Strike+1","Sentinel"],"picked":"Carnage+1","floor":42},{"not_picked":["Clash+1","Cleave+1","Wild Strike+1"],"picked":"SKIP","floor":44},{"not_picked":["Anger+1","Sword Boomerang+1","Twin Strike+1"],"picked":"SKIP","floor":45},{"not_picked":["Wild Strike+1","Sever Soul+1","Rupture"],"picked":"SKIP","floor":48}],"player_experience":8885891,"relics_obtained":[{"floor":6.0,"key":"Girya"},{"floor":9.0,"key":"Orichalcum"},{"floor":10.0,"key":"Molten Egg 2"},{"floor":12.0,"key":"Happy Flower"},{"floor":13.0,"key":"Lizard Tail"},{"floor":15.0,"key":"PreservedInsect"},{"floor":23.0,"key":"Oddly Smooth Stone"},{"floor":24.0,"key":"Gambling Chip"},{"floor":25.0,"key":"Anchor"},{"floor":26.0,"key":"Unceasing Top"},{"floor":31.0,"key":"Letter Opener"},{"floor":32.0,"key":"Omamori"},{"floor":40,"key":"War Paint"},{"floor":41,"key":"Mercury Hourglass"},{"floor":43,"key":"InkBottle"},{"floor":44,"key":"Champion Belt"},{"floor":47,"key":"Nunchaku"},{"floor":49,"key":"Magic Flower"}],"event_choices":[{"damage_healed":0.0,"max_hp_gain":5.0,"max_hp_loss":0.0,"gold_gain":0.0,"event_name":"Big Fish","player_choice":"Donut","floor":3.0,"gold_loss":0.0,"damage_taken":0.0},{"damage_healed":0.0,"max_hp_gain":0.0,"max_hp_loss":0.0,"gold_gain":0.0,"event_name":"Scrap Ooze","player_choice":"Success","floor":4.0,"gold_loss":0.0,"damage_taken":3.0,"relics_obtained":["Shovel"]},{"damage_healed":0.0,"max_hp_gain":0.0,"max_hp_loss":0.0,"gold_gain":0.0,"event_name":"Shining Light","player_choice":"Entered Light","floor":7.0,"gold_loss":0.0,"damage_taken":17.0,"cards_upgraded":["Strike_G","Defend_G"]},{"damage_healed":0.0,"max_hp_gain":0.0,"max_hp_loss":0.0,"gold_gain":0.0,"cards_transformed":["Strike_B"],"event_name":"Transmorgrifier","player_choice":"Transformed","floor":19.0,"gold_loss":0.0,"damage_taken":0.0,"cards_obtained":["Power Through"]},{"cards_removed":["Defend_R"],"damage_healed":0.0,"max_hp_gain":0.0,"max_hp_loss":0.0,"gold_gain":0.0,"event_name":"Back to Basics","player_choice":"Elegance","floor":22.0,"gold_loss":0.0,"damage_taken":0.0},{"damage_healed":0.0,"max_hp_gain":0.0,"max_hp_loss":0.0,"gold_gain":0.0,"event_name":"The Library","player_choice":"Read","floor":29.0,"gold_loss":0.0,"damage_taken":0.0,"cards_obtained":["Body Slam"]},{"cards_removed":["Defend_P"],"damage_healed":0.0,"max_hp_gain":0.0,"max_hp_loss":0.0,"gold_gain":0.0,"event_name":"Designer","player_choice":"Upgrade and Remove","floor":36.0,"gold_loss":90.0,"damage_taken":0.0,"cards_upgraded":["Flex"]},{"cards_removed":["Feed"],"damage_healed":14,"gold_gain":0,"player_choice":"Offered Rare","damage_taken":0,"max_hp_gain":10,"max_hp_loss":0,"event_name":"Bonfire Elementals","floor":46,"gold_loss":0}],"is_beta":false,"boss_relics":[{"not_picked":["Runic Cube","Cursed Key"],"picked":"Snecko Eye"},{"not_picked":["Velvet Choker","Calling Bell"],"picked":"Fusion Hammer"}],"items_purged_floors":[14,37],"is_endless":false,"potions_floor_spawned":[1,2,8,12,18,20,33,35,44,48],"ascension_level":0}}