{"host":"opyh6vr790e42ffe","time":1612199531,"event":{"mods":["BaseMod","Bestiary","Colored Map","Downfall","Highlight Path","Minty Spire (QoL Compilation)","Relic Stats","StSLib"],"gold_per_floor":[99,117,132,132,146,46,71,71,97,109,109,126,126,151,161,161,161,161],"floor_reached":16,"language":"ENG","playtime":801,"items_purged":[],"score":107,"play_id":"fe23c885-dea7-49a7-bd1e-4d575a370901","local_time":"20210201091211","is_ascension_mode":true,"campfire_choices":[{"floor":1,"key":"RECALL"},{"data":"bronze:CutThrough","floor":6,"key":"SMITH"},{"data":"bronze:Strike","floor":8,"key":"SMITH"},{"data":"bronze:Shield","floor":11,"key":"SMITH"},{"data":"bronze:CloningBeam","floor":13,"key":"SMITH"}],"circlet_count":0,"master_deck":["bronze:Strike+1","bronze:Strike","bronze:Strike","bronze:Strike","bronze:Defend","bronze:Defend","bronze:Defend","bronze:Defend","bronze:Replicate+1","bronze:Goto+1","bronze:WhirlingStrike+1","bronze:Refactor","bronze:CutThrough+1","bronze:Shield+1","bronze:Shell","bronze:CloningBeam+1","bronze:MaxOutput","bronze:Optimize"],"relics":["Busted Crown","downfall:HeartBlessingRed","Nunchaku","Odd Mushroom","Ornamental Fan"],"acts_visited":["Exordium"],"potions_floor_usage":[],"damage_taken":[{"damage":0,"enemies":"Small Slimes","floor":2,"turns":3},{"damage":0,"enemies":"Cultist","floor":3,"turns":3},{"damage":2,"enemies":"2 Louse","floor":5,"turns":2},{"damage":13,"enemies":"The Mushroom Lair","floor":9,"turns":2},{"damage":1,"enemies":"Exordium Wildlife","floor":10,"turns":2},{"damage":3,"enemies":"Lots of Slimes","floor":12,"turns":4},{"damage":9,"enemies":"3 Sentries","floor":14,"turns":5},{"damage":3,"enemies":"Gremlin Gang","floor":15,"turns":2},{"damage":46,"enemies":"DF_ARCHETYPE_STREAMLINE","floor":16,"turns":9}],"seed_played":"7351628560271418230","potions_obtained":[{"floor":3,"key":"DuplicationPotion"},{"floor":12,"key":"Ancient Potion"},{"floor":15,"key":"champ:CounterPotion"}],"is_trial":false,"path_per_floor":["R","M","M","?","M","R","T","R","?","M","R","M","R","E","M","B"],"character_chosen":"THE_AUTOMATON","items_purchased":[],"campfire_rested":0,"item_purchase_floors":[],"current_hp_per_floor":[70,70,70,70,68,68,68,68,55,54,54,51,51,42,39,0,0,0],"gold":161,"neow_bonus":"BOSS_RELIC","is_daily":false,"chose_seed":false,"campfire_upgraded":4,"win_rate":0.0,"timestamp":1612199531,"path_taken":["R","M","M","?","?","R","T","R","?","M","R","M","R","E","M","BOSS"],"items_purchased_type":[],"build_version":"2020-12-22","purchased_purges":0,"victory":false,"max_hp_per_floor":[70,70,70,70,70,70,70,70,70,70,70,70,70,70,70,70,70,70],"relic_stats":{"Nunchaku":[6],"Busted Crown":16,"counters":[9,32],"Ornamental Fan":[20],"obtain_stats":[{"Nunchaku":7,"bronze:BronzeCore":0,"Busted Crown":0,"downfall:HeartBlessingRed":6,"Ornamental Fan":14,"Odd Mushroom":9},{"Nunchaku":3,"bronze:BronzeCore":0,"Busted Crown":0,"downfall:HeartBlessingRed":3,"Ornamental Fan":7,"Odd Mushroom":4},{"Nunchaku":8,"bronze:BronzeCore":0,"Busted Crown":0,"downfall:HeartBlessingRed":8,"Ornamental Fan":21,"Odd Mushroom":10}]},"card_choices":[{"not_picked":[],"picked":"bronze:WhirlingStrike","floor":2},{"not_picked":[],"picked":"bronze:Refactor","floor":3},{"not_picked":[],"picked":"bronze:CutThrough","floor":5},{"not_picked":[],"picked":"bronze:Shield","floor":9},{"not_picked":[],"picked":"bronze:Shell","floor":10},{"not_picked":[],"picked":"bronze:CloningBeam","floor":12},{"not_picked":[],"picked":"bronze:MaxOutput","floor":14},{"not_picked":[],"picked":"bronze:Optimize","floor":15}],"player_experience":2696186,"relics_obtained":[{"floor":7,"key":"Nunchaku"},{"floor":9,"key":"Odd Mushroom"},{"floor":14,"key":"Ornamental Fan"}],"event_choices":[{"damage_healed":0,"gold_gain":0,"player_choice":"Fought Mushrooms","damage_taken":0,"max_hp_gain":0,"max_hp_loss":0,"event_name":"Mushrooms","floor":9,"gold_loss":0}],"is_beta":false,"boss_relics":[],"items_purged_floors":[],"is_endless":false,"potions_floor_spawned":[3,12,15],"killed_by":"DF_ARCHETYPE_STREAMLINE","ascension_level":1}}