{"host":"7tqog9fnhs0gxmti","time":1612172043,"event":{"mods":["AchievementEnabler","Act Like it!","Arknights","Astrologer","BaseMod","Beaked The Cultist","CapriCore","Colored Map","Colored Powertips","Downfall","Hermit","Highlight Path","Koishi","Marisa????????","Minty Spire (QoL Compilation)","Quick Restart","Random Character Button","Rare Cards Sparkle","Robot Space Explorer","Smile Girya","StSLib","The Bug Knight","The Construct","The Cursed","The Disciple","The Gatherer","The Hayseed","The Marked","everything is the same but u backflip on backflip"],"gold_per_floor":[109,123,142,159,170,170,205,205,205,205,280,280,59,11,11,116,116,128,28,28,42,42,42,42],"floor_reached":23,"language":"ENG","playtime":796,"items_purged":["ats:Strike G","ats:Strike V"],"score":189,"play_id":"57bf67ae-bd00-4654-8c89-eb34243a4a81","local_time":"20210201173403","is_ascension_mode":false,"campfire_choices":[{"data":"ats:Thorns","floor":6,"key":"SMITH"},{"data":"ats:Burning Ground","floor":8,"key":"SMITH"},{"floor":12,"key":"REST"},{"data":"ats:Thorns","floor":15,"key":"SMITH"}],"circlet_count":0,"master_deck":["ats:Strike C","ats:Strike S","ats:Armor Crushing Shot","ats:Defend","ats:Defend","ats:Defend","ats:Defend","ats:Emotion Absorption","ats:Mental Burst","ats:Leaping Hammer","ats:Song Of Battle+1","ats:Thorns+1","ats:Burning Ground+1","ats:Thorns+1","ats:Thermite Blade+1","ats:Very Hot Blade+1","ats:Calcification","ats:Shell Defense","ats:Very Hot Blade+1"],"relics":["ats:Sanity","NeowsBlessing","ats:Originium","Vajra","Molten Egg 2","bronze:MakeshiftBattery"],"acts_visited":["Exordium","TheCity"],"potions_floor_usage":[7,16,21],"damage_taken":[{"damage":0,"enemies":"Cultist","floor":1,"turns":1},{"damage":0,"enemies":"Jaw Worm","floor":2,"turns":1},{"damage":0,"enemies":"2 Louse","floor":3,"turns":1},{"damage":10,"enemies":"Looter","floor":4,"turns":3},{"damage":12,"enemies":"3 Louse","floor":5,"turns":3},{"damage":12,"enemies":"Lagavulin","floor":7,"turns":5},{"damage":14,"enemies":"Slime Boss","floor":16,"turns":6},{"damage":32,"enemies":"2 Thieves","floor":18,"turns":4},{"damage":7,"enemies":"Shell Parasite","floor":21,"turns":4},{"damage":48,"enemies":"Gremlin Leader","floor":23,"turns":5}],"seed_played":"-613704880875141567","potions_obtained":[{"floor":2,"key":"Block Potion"},{"floor":3,"key":"construct:ShiftPotion"},{"floor":4,"key":"BlessingOfTheForge"},{"floor":21,"key":"Fruit Juice"}],"is_trial":false,"path_per_floor":["M","M","M","M","M","R","E","R","T","?","?","R","$","$","R","B",null,"M","$","?","M","?","E"],"character_chosen":"DOCTOR_CLASS","items_purchased":["ats:Thorns","ats:Thermite Blade+1","ats:Very Hot Blade+1"],"campfire_rested":1,"item_purchase_floors":[13,13,14],"current_hp_per_floor":[72,72,72,62,50,50,38,38,38,38,27,48,48,48,48,34,72,40,40,40,39,39,0,0],"gold":42,"neow_bonus":"THREE_ENEMY_KILL","is_daily":false,"chose_seed":false,"campfire_upgraded":3,"win_rate":0.0,"timestamp":1612172043,"path_taken":["M","M","?","M","M","R","E","R","T","?","?","R","?","$","R","BOSS","M","$","?","M","?","E"],"items_purchased_type":["Card","Card","Card"],"build_version":"2020-12-22","purchased_purges":2,"victory":false,"max_hp_per_floor":[72,72,72,72,72,72,72,72,72,72,72,72,72,72,72,72,72,72,72,72,77,77,77,77],"card_choices":[{"not_picked":["ats:Guard Mode","ats:Rapid Magazine"],"picked":"ats:Mental Burst","floor":1},{"not_picked":["ats:Defend Order","ats:Guard Mode","ats:Flexible Camouflage"],"picked":"SKIP","floor":2},{"not_picked":["ats:Rat Pack","ats:Serious Mode"],"picked":"ats:Leaping Hammer","floor":3},{"not_picked":["ats:Flexible Camouflage","ats:Spore Proliferation"],"picked":"ats:Song Of Battle","floor":4},{"not_picked":["ats:Apocalypse","ats:Explosion Area Strengthen"],"picked":"ats:Thorns","floor":5},{"not_picked":["ats:Shell Defense","ats:Charging Defense"],"picked":"ats:Burning Ground","floor":7},{"not_picked":["ats:Roar Of Ursus","ats:Dogmatic Field"],"picked":"ats:Calcification","floor":16},{"not_picked":["ats:Composite Medical Shells","ats:Collapsing Strike+1"],"picked":"ats:Shell Defense","floor":18},{"not_picked":["ats:Leaping Hammer+1","ats:Curse Doll","ats:Guard Mode"],"picked":"SKIP","floor":21}],"player_experience":920702,"relics_obtained":[{"floor":7,"key":"ats:Originium"},{"floor":7,"key":"Vajra"},{"floor":9,"key":"Molten Egg 2"}],"event_choices":[{"damage_healed":0,"gold_gain":0,"player_choice":"Grow","damage_taken":0,"max_hp_gain":0,"max_hp_loss":0,"event_name":"Living Wall","floor":10,"gold_loss":0,"cards_upgraded":["ats:Song Of Battle"]},{"damage_healed":0,"gold_gain":75,"player_choice":"Gather Gold","damage_taken":11,"max_hp_gain":0,"max_hp_loss":0,"event_name":"World of Goop","floor":11,"gold_loss":0},{"damage_healed":0,"gold_gain":0,"player_choice":"Ignored","damage_taken":0,"max_hp_gain":0,"max_hp_loss":0,"event_name":"Ghosts","floor":20,"gold_loss":0},{"damage_healed":0,"gold_gain":0,"player_choice":"Read","damage_taken":0,"max_hp_gain":0,"max_hp_loss":0,"event_name":"The Library","floor":22,"gold_loss":0,"cards_obtained":["ats:Very Hot Blade"]}],"is_beta":false,"boss_relics":[{"not_picked":["Fusion Hammer","construct:WeddingRing"],"picked":"bronze:MakeshiftBattery"}],"items_purged_floors":[13,19],"is_endless":false,"potions_floor_spawned":[2,3,4,21],"killed_by":"Gremlin Leader","ascension_level":0}}