{"host":"0hso8scipor0iz5a","time":1612210322,"event":{"mods":["Act Like it!","BaseMod","Better Altar","Better Match","Better Sensory Stone","Better Skull","Better Third Choice","Gensokyo","GifTheSpireLib","Hallownest","Hubris","Jedi Mod","Minty Spire (QoL Compilation)","Quarter Circle Forward PUNCH!","Replay The Spire","Reworked Bosses","StSLib"],"gold_per_floor":[109,109,109,109,109,144,144,164,164,197,210,239,239,254,254,351,351,364,364,364,381,185,185,185],"floor_reached":23,"language":"FRA","playtime":1384,"items_purged":[],"score":314,"play_id":"c201ba3b-a387-475a-a1d4-409cbabcaec3","local_time":"20210201211202","is_ascension_mode":true,"campfire_choices":[{"data":"WindmillStrike","floor":7.0,"key":"SMITH"},{"data":"Ragnarok","floor":13.0,"key":"SMITH"},{"data":"Eruption","floor":15.0,"key":"SMITH"}],"circlet_count":0,"master_deck":["Defend_P+1","Defend_P","Defend_P","Eruption+1","Vigilance+1","Swivel","Clumsy","Replay:Battleflow+1","WindmillStrike+1","ReplayTheSpireMod:Brewmster+1","Consecrate","LessonLearned+1","Ragnarok+1","JustLucky","Protect","EmptyBody+1","Establishment","Pommel Strike","Flying Knee","Flying Knee","BootSequence","Sweeping Beam","WreathOfFlame","CurseOfTheBell","EmptyMind+1","Gensokyo:LockedMedkit","Gensokyo:BlemishedSteel","Gensokyo:Shovel"],"relics":["PureWater","NeowsBlessing","Gensokyo:NagashiBinaDoll","hubris:Towel","Potion Belt","qcfpunch:Red_Gi","qcfpunch:Black_Training_Shirt","Pen Nib","qcfpunch:Killian_Engine_Alpha","hubris:Icosahedron","Calling Bell","Tiny Chest","InkBottle","WingedGreaves","Frozen Eye"],"acts_visited":["Gensokyo:Gensokyo","Gensokyo:Gensokyoer"],"potions_floor_usage":[18,21,21,23,23,23,23],"damage_taken":[{"damage":0.0,"enemies":"Gensokyo:Python","floor":1.0,"turns":1.0},{"damage":0.0,"enemies":"Gensokyo:Aya","floor":6.0,"turns":1.0},{"damage":0.0,"enemies":"Gensokyo:2_Kodama","floor":8.0,"turns":6.0},{"damage":0.0,"enemies":"Gensokyo:Cirno","floor":10.0,"turns":6.0},{"damage":0.0,"enemies":"Gensokyo:Gryphon","floor":11.0,"turns":1.0},{"damage":12.0,"enemies":"Gensokyo:Aya","floor":12.0,"turns":3.0},{"damage":8.0,"enemies":"Gensokyo:2_Rabbits","floor":14.0,"turns":2.0},{"damage":6.0,"enemies":"Gensokyo:Reimu","floor":16.0,"turns":6.0},{"damage":1,"enemies":"Gensokyo:3_Dogs","floor":18,"turns":4},{"damage":23,"enemies":"Gensokyo:CosmicMonolith","floor":21,"turns":6},{"damage":54,"enemies":"Gensokyo:Koishi","floor":23,"turns":6}],"seed_played":"6826695730587139374","potions_obtained":[{"floor":8.0,"key":"Elixir"},{"floor":12.0,"key":"FearPotion"},{"floor":14.0,"key":"SpeedPotion"},{"floor":21,"key":"Explosive Potion"}],"is_trial":false,"path_per_floor":["M","?","?","?","?","E","R","M","T","E","M","E","R","M","R","B",null,"M","?","?","M","COS","E"],"character_chosen":"WATCHER","items_purchased":[],"campfire_rested":0,"item_purchase_floors":[],"current_hp_per_floor":[72,72,72,72,72,72,72,72,72,72,72,60,60,52,52,46,66,65,65,54,31,31,0,0],"gold":185,"neow_bonus":"THREE_ENEMY_KILL","is_daily":false,"chose_seed":false,"campfire_upgraded":3,"win_rate":0.0,"timestamp":1612210322,"path_taken":["M","?","?","?","?","E","R","M","T","E","?","E","R","M","R","BOSS","M","?","?","?","COS","E"],"items_purchased_type":[],"build_version":"2020-12-22","purchased_purges":0,"victory":false,"max_hp_per_floor":[72,72,72,72,72,72,72,72,72,72,72,72,72,72,72,72,72,72,72,54,54,54,54,54],"card_choices":[{"not_picked":["EmptyFist","Replay:BluntJabs"],"picked":"Swivel","floor":1.0},{"not_picked":["PathToVictory","BowlingBash"],"picked":"Replay:Battleflow","floor":4.0},{"not_picked":["InnerPeace","Replay:Vibes"],"picked":"WindmillStrike","floor":4.0},{"not_picked":["Mayhem+1","Panache+1"],"picked":"ReplayTheSpireMod:Brewmster+1","floor":5.0},{"not_picked":["FlurryOfBlows","Crescendo"],"picked":"Consecrate","floor":6.0},{"not_picked":["Prostrate","Crescendo"],"picked":"LessonLearned","floor":8.0},{"not_picked":["PathToVictory","ClearTheMind"],"picked":"Ragnarok","floor":10.0},{"not_picked":["Fasting2","CrushJoints"],"picked":"JustLucky","floor":11.0},{"not_picked":["Replay:BluntJabs","BowlingBash"],"picked":"Protect","floor":12.0},{"not_picked":["PathToVictory","Protect"],"picked":"EmptyBody","floor":14.0},{"not_picked":["Devotion","Blasphemy"],"picked":"Establishment","floor":16.0},{"not_picked":["Replay:BluntJabs+1","Evaluate"],"picked":"WreathOfFlame","floor":18},{"not_picked":["MentalFortress","EmptyFist"],"picked":"EmptyMind+1","floor":21}],"player_experience":1446658,"relics_obtained":[{"floor":6.0,"key":"Potion Belt"},{"floor":9.0,"key":"qcfpunch:Red_Gi"},{"floor":10.0,"key":"qcfpunch:Black_Training_Shirt"},{"floor":12.0,"key":"Pen Nib"},{"floor":20,"key":"Tiny Chest"},{"floor":20,"key":"InkBottle"},{"floor":20,"key":"WingedGreaves"}],"event_choices":[{"damage_healed":0.0,"max_hp_gain":0.0,"max_hp_loss":0.0,"gold_gain":0.0,"event_name":"betterMatch:BetterMatch","player_choice":"2","floor":5.0,"gold_loss":0.0,"damage_taken":0.0,"cards_obtained":["betterMatch:ColorlessRareCard"]}],"is_beta":false,"boss_relics":[{"not_picked":["ChewingGum","VioletLotus"],"picked":"qcfpunch:Killian_Engine_Alpha"}],"items_purged_floors":[],"is_endless":false,"potions_floor_spawned":[8,12,14,21],"killed_by":"Gensokyo:Koishi","ascension_level":5}}