{"host":"7erghha4zaoybdup","time":1612198974,"event":{"mods":["2.2 Compatiblity","AchievementEnabler","Act Like it!","Astrologer","BaseMod","Better Third Choice","CapriCore","ChefMod","Chen","Colored Powertips","Conspire","Downfall","Friendly Minions","Gensokyo","GifTheSpireLib","Glutton Mod","Hermit","Hubris","Infinite Spire","Jorbs\u0027s Wanderer Trilogy","Lobotomy","LobotomyExtend","MarisaÅiñ∂âJÅ@ñÇóùçπÅj","Minty Spire (QoL Compilation)","Quick Restart","Random Character Button","ReimuÅiîé??öÎÅj","Reliquary","Shade Mod","Somnambulant","StSLib","The Administrix","The Alterego","The Bug Knight","The Clintock","The Cursed","The Disciple","The Dragon Tamer","The Fake Hero","The Gatherer","The Immortal","The Judge","The Marked","The Necromancer","The Poker Player","The Wild Card","TheBandit","Wandering Minibosses","Yakumo Yukari mod","Yuyuko","Åy?ï®?îvÅzREMEMod"],"gold_per_floor":[99,117,127,143,49,49,49,33,47,47,32,32,32,52,72,72,72,72],"floor_reached":16,"language":"ENG","playtime":1202,"items_purged":[],"score":94,"play_id":"2853dee9-0525-4cd4-a4ae-2d92809c9d25","local_time":"20210201110254","is_ascension_mode":false,"campfire_choices":[{"data":"bronze:Replicate","floor":1,"key":"SMITH"},{"data":"bronze:MaxOutput","floor":6,"key":"SMITH"},{"floor":13,"key":"REST"}],"circlet_count":0,"master_deck":["bronze:Strike","bronze:Strike","bronze:Strike","bronze:Strike","bronze:Defend","bronze:Defend","bronze:Defend","bronze:Defend","bronze:Replicate+1","bronze:Goto","Shade:Tombstone","bronze:ForLoop","bronze:FollowUp","bronze:Philosophize","bronze:Overload","bronze:MaxOutput+1","bronze:FineTuning","bronze:Boost","theWildCard:Scathach","bronze:ThunderWave"],"relics":["bronze:BronzeCore","LetterFromLob","hubris:MysteriousPyramids"],"acts_visited":["Exordium"],"potions_floor_usage":[],"damage_taken":[{"damage":1,"enemies":"Cultist","floor":2,"turns":3},{"damage":0,"enemies":"Jaw Worm","floor":3,"turns":1},{"damage":10,"enemies":"2 Louse","floor":4,"turns":3},{"damage":10,"enemies":"downfall:FleeingMerchant","floor":5,"turns":4},{"damage":39,"enemies":"Gremlin Gang","floor":8,"turns":6},{"damage":7,"enemies":"Exordium Wildlife","floor":9,"turns":3},{"damage":11,"enemies":"downfall:FleeingMerchant","floor":11,"turns":4},{"damage":7,"enemies":"Blue Slaver","floor":14,"turns":2},{"damage":10,"enemies":"Red Slaver","floor":15,"turns":2},{"damage":45,"enemies":"DF_ARCHETYPE_STREAMLINE","floor":16,"turns":6}],"seed_played":"-4841529271068899983","potions_obtained":[{"floor":8,"key":"FairyPotion"},{"floor":9,"key":"SmokeBomb"}],"is_trial":false,"path_per_floor":["R","M","M","M","$","R","T","M","M","?","$","?","R","M","M","B"],"character_chosen":"THE_AUTOMATON","items_purchased":["bronze:MaxOutput"],"campfire_rested":1,"item_purchase_floors":[5],"current_hp_per_floor":[77,76,76,66,56,56,56,17,10,14,3,3,26,19,9,0,0,0],"gold":72,"neow_bonus":"TEN_PERCENT_HP_BONUS","is_daily":false,"chose_seed":false,"campfire_upgraded":2,"win_rate":0.0,"timestamp":1612198974,"path_taken":["R","?","M","M","?","R","T","?","M","?","$","?","R","M","M","BOSS"],"items_purchased_type":["Card"],"build_version":"2020-12-22","purchased_purges":0,"victory":false,"max_hp_per_floor":[77,77,77,77,77,77,77,77,77,77,77,77,77,77,77,77,77,77],"card_choices":[{"not_picked":["bronze:NullPointer","bronze:Return"],"picked":"bronze:ForLoop","floor":2},{"not_picked":["bronze:WildBeam","bronze:BronzeArmor"],"picked":"bronze:FollowUp","floor":3},{"not_picked":["bronze:ItsAFeature","bronze:Backtrace"],"picked":"bronze:Philosophize","floor":4},{"not_picked":["bronze:Backtrace","bronze:BugBarrage"],"picked":"bronze:Overload","floor":5},{"not_picked":["bronze:Overheat","bronze:Branch","bronze:BitShift"],"picked":"SKIP","floor":8},{"not_picked":["bronze:ItsAFeature","bronze:ShipIt"],"picked":"bronze:FineTuning","floor":9},{"not_picked":["bronze:CutThrough","bronze:Deprecate"],"picked":"bronze:Boost","floor":11},{"not_picked":["bronze:WildBeam","bronze:DelayedSlice","bronze:WhirlingStrike"],"picked":"SKIP","floor":14},{"not_picked":["bronze:CutThrough","bronze:OilSpill"],"picked":"bronze:ThunderWave","floor":15}],"player_experience":289460,"relics_obtained":[{"floor":2,"key":"LetterFromLob"},{"floor":7,"key":"hubris:MysteriousPyramids"}],"event_choices":[],"is_beta":false,"boss_relics":[],"items_purged_floors":[],"is_endless":false,"potions_floor_spawned":[8,9],"killed_by":"DF_ARCHETYPE_STREAMLINE","ascension_level":0}}