{"host":"klqcd4cqxrk2p1u3","time":1612154367,"event":{"mods":["BaseMod","Downfall","Minty Spire (QoL Compilation)","StSLib"],"gold_per_floor":[199,216,236,236,250,261,311,3,14,30,30,50,65,96,109,109,109],"floor_reached":16,"language":"ENG","playtime":2546,"items_purged":[],"score":108,"play_id":"3726dd19-3811-4818-9828-af81b9f3ef4d","local_time":"20210131233927","is_ascension_mode":false,"campfire_choices":[{"floor":1,"key":"RECALL"},{"data":"bronze:Terminator","floor":11,"key":"SMITH"}],"circlet_count":0,"master_deck":["bronze:Strike","bronze:Strike","bronze:Strike","bronze:Strike","bronze:Defend","bronze:Defend","bronze:Defend","bronze:Defend","bronze:Replicate","bronze:Goto","bronze:Branch","bronze:Branch","bronze:Optimize","bronze:Terminator+1","bronze:CloningBeam","bronze:BronzeOrb","Finesse","bronze:ThunderWave","bronze:DelayedGuard","bronze:GetLatest","bronze:BuggyMess","bronze:Branch","bronze:Constructor"],"relics":["bronze:BronzeCore","Membership Card","Orichalcum","Boot"],"acts_visited":["Exordium"],"potions_floor_usage":[8,16],"damage_taken":[{"damage":2,"enemies":"Small Slimes","floor":2,"turns":4},{"damage":0,"enemies":"Cultist","floor":3,"turns":3},{"damage":1,"enemies":"2 Louse","floor":5,"turns":3},{"damage":3,"enemies":"Large Slime","floor":6,"turns":5},{"damage":0,"enemies":"downfall:FleeingMerchant","floor":8,"turns":4},{"damage":2,"enemies":"Red Slaver","floor":9,"turns":3},{"damage":0,"enemies":"2 Fungi Beasts","floor":10,"turns":3},{"damage":0,"enemies":"Blue Slaver","floor":12,"turns":4},{"damage":0,"enemies":"3 Louse","floor":13,"turns":4},{"damage":49,"enemies":"Gremlin Nob","floor":14,"turns":6},{"damage":6,"enemies":"Exordium Thugs","floor":15,"turns":4},{"damage":10,"enemies":"IC_STATUS_ARCHETYPE","floor":16,"turns":2}],"seed_played":"5965603352382431866","potions_obtained":[{"floor":2,"key":"bronze:CleanCodePotion"},{"floor":4,"key":"PowerPotion"},{"floor":4,"key":"EntropicBrew"},{"floor":9,"key":"Ancient Potion"},{"floor":14,"key":"ColorlessPotion"},{"floor":15,"key":"SkillPotion"}],"is_trial":false,"path_per_floor":["R","M","M","?","M","M","T","$","M","M","R","M","M","E","M","B"],"character_chosen":"THE_AUTOMATON","items_purchased":["Membership Card","bronze:BronzeOrb","Orichalcum","Finesse"],"campfire_rested":0,"item_purchase_floors":[8,8,8,8],"current_hp_per_floor":[70,68,68,68,67,64,64,64,62,62,62,62,62,13,7,0,0],"gold":109,"neow_bonus":"HUNDRED_GOLD","is_daily":false,"chose_seed":false,"campfire_upgraded":1,"win_rate":0.0,"timestamp":1612154367,"path_taken":["R","M","M","?","?","M","T","$","M","M","R","M","M","E","M","BOSS"],"items_purchased_type":["Relic","Card","Relic","Card"],"build_version":"2020-12-22","purchased_purges":0,"victory":false,"max_hp_per_floor":[70,70,70,70,70,70,70,70,70,70,70,70,70,70,70,70,70],"card_choices":[{"not_picked":["bronze:BugBarrage","bronze:CutThrough"],"picked":"bronze:Branch","floor":2},{"not_picked":["bronze:CutThrough","bronze:WhirlingStrike"],"picked":"bronze:Branch","floor":3},{"not_picked":["bronze:Safeguard","bronze:WildBeam"],"picked":"bronze:Optimize","floor":5},{"not_picked":["bronze:Turbo","bronze:Fortify"],"picked":"bronze:Terminator","floor":6},{"not_picked":["bronze:ChildClass","bronze:Fortify"],"picked":"bronze:CloningBeam","floor":8},{"not_picked":["bronze:Repulsor","bronze:Invalidate"],"picked":"bronze:ThunderWave","floor":9},{"not_picked":["bronze:BugBarrage","bronze:FineTuning"],"picked":"bronze:DelayedGuard","floor":10},{"not_picked":["bronze:ChosenStrike","bronze:DelayedSlice"],"picked":"bronze:GetLatest","floor":12},{"not_picked":["bronze:Shield","bronze:Branch"],"picked":"bronze:BuggyMess","floor":13},{"not_picked":["bronze:BuggyMess","bronze:Frontload"],"picked":"bronze:Branch","floor":14},{"not_picked":["bronze:Iterate","bronze:BitShift"],"picked":"bronze:Constructor","floor":15}],"player_experience":1380595,"relics_obtained":[{"floor":14,"key":"Boot"}],"event_choices":[{"damage_healed":0,"gold_gain":0,"player_choice":"Got Potions","damage_taken":0,"max_hp_gain":0,"max_hp_loss":0,"event_name":"Lab","floor":4,"gold_loss":0}],"is_beta":false,"boss_relics":[],"items_purged_floors":[],"is_endless":false,"potions_floor_spawned":[2,9,13,14,15],"killed_by":"IC_STATUS_ARCHETYPE","ascension_level":0}}