{"host":"bxn2em57qlx5u4i0","time":1612154970,"event":{"mods":["BaseMod","Colored Map","Colored Powertips","Highlight Path","Minty Spire (QoL Compilation)","Random Character Button","Relic Sorter","Relic Stats","StSLib","SuperFastMode"],"gold_per_floor":[119,136,61,61,61,87,46,46,125,143,193,93,93,126,126,205,205,222,137,151,6,21,21,21],"floor_reached":23,"language":"ENG","playtime":559,"items_purged":["Strike_G","Strike_G"],"score":444,"play_id":"216a5731-e483-48a3-9e9c-29a225037c2d","local_time":"20210131234930","is_ascension_mode":true,"campfire_choices":[{"data":"Footwork","floor":8.0,"key":"SMITH"},{"data":"Neutralize","floor":13.0,"key":"SMITH"},{"data":"Deadly Poison","floor":15.0,"key":"SMITH"}],"circlet_count":0,"master_deck":["AscendersBane","Strike_G","Strike_G","Strike_G","Defend_G","Defend_G","Defend_G","Defend_G","Defend_G","Survivor","Neutralize+1","Footwork+1","Quick Slash+1","Die Die Die","Endless Agony","Deadly Poison+1","Corpse Explosion","Deflect+1","Catalyst+1","Deadly Poison+1","Tactician+1"],"relics":["Ring of the Snake","NeowsBlessing","Orichalcum","Meat on the Bone","Turnip","Black Star","Toxic Egg 2"],"acts_visited":["Exordium","TheCity"],"potions_floor_usage":[23,23],"damage_taken":[{"damage":0.0,"enemies":"Jaw Worm","floor":1.0,"turns":1.0},{"damage":0.0,"enemies":"Small Slimes","floor":2.0,"turns":1.0},{"damage":0.0,"enemies":"3 Sentries","floor":6.0,"turns":1.0},{"damage":0.0,"enemies":"2 Louse","floor":10.0,"turns":3.0},{"damage":4.0,"enemies":"Lagavulin","floor":14.0,"turns":4.0},{"damage":27.0,"enemies":"The Guardian","floor":16.0,"turns":13.0},{"damage":4.0,"enemies":"Shell Parasite","floor":18.0,"turns":9.0},{"damage":14.0,"enemies":"2 Thieves","floor":20.0,"turns":3.0},{"damage":16.0,"enemies":"Chosen and Byrds","floor":22.0,"turns":4.0},{"damage":42,"enemies":"Gremlin Leader","floor":23,"turns":5}],"seed_played":"437389762029127042","potions_obtained":[{"floor":1.0,"key":"AttackPotion"},{"floor":6.0,"key":"SteroidPotion"},{"floor":14.0,"key":"PowerPotion"},{"floor":18.0,"key":"Strength Potion"}],"is_trial":false,"path_per_floor":["M","M","$","?","?","E","$","R","T","M","?","$","R","E","R","B",null,"M","?","M","$","M","E"],"character_chosen":"THE_SILENT","items_purchased":["Endless Agony","Catalyst+1","Deadly Poison+1"],"campfire_rested":0,"item_purchase_floors":[7,21,21],"current_hp_per_floor":[59,59,59,59,59,59,59,59,59,59,59,59,59,55,55,40,60,56,56,42,42,38,0,0],"gold":21,"neow_bonus":"THREE_ENEMY_KILL","is_daily":false,"chose_seed":false,"campfire_upgraded":3,"win_rate":0.0,"timestamp":1612154970,"path_taken":["M","M","$","?","?","E","?","R","T","M","?","$","R","E","R","BOSS","M","?","M","$","M","E"],"items_purchased_type":["Card","Card","Card"],"build_version":"2020-12-22","purchased_purges":2,"victory":false,"max_hp_per_floor":[66,66,66,66,66,66,66,66,66,66,66,66,66,66,66,66,66,66,66,66,66,66,66,66],"relic_stats":{"counters":[10,44],"Turnip":[4],"Black Star":0,"Orichalcum":[72],"obtain_stats":[{"NeowsBlessing":0,"Turnip":14,"Black Star":17,"Orichalcum":6,"Toxic Egg 2":19,"Ring of the Snake":0,"Meat on the Bone":9},{"NeowsBlessing":0,"Turnip":5,"Black Star":6,"Orichalcum":3,"Toxic Egg 2":7,"Ring of the Snake":0,"Meat on the Bone":3},{"NeowsBlessing":0,"Turnip":10,"Black Star":23,"Orichalcum":3,"Toxic Egg 2":32,"Ring of the Snake":0,"Meat on the Bone":3}],"Ring of the Snake":[21],"Meat on the Bone":24},"card_choices":[{"not_picked":["Expertise","Riddle With Holes"],"picked":"Footwork","floor":1.0},{"not_picked":["Blade Dance","Concentrate"],"picked":"Quick Slash","floor":2.0},{"not_picked":["Endless Agony","Poisoned Stab"],"picked":"Die Die Die","floor":6.0},{"not_picked":["Flying Knee","Dagger Throw","Outmaneuver"],"picked":"SKIP","floor":10.0},{"not_picked":["Outmaneuver","PiercingWail"],"picked":"Deadly Poison","floor":14.0},{"not_picked":["Phantasmal Killer","Tools of the Trade"],"picked":"Corpse Explosion","floor":16.0},{"not_picked":["Quick Slash","Expertise","Outmaneuver+1"],"picked":"SKIP","floor":18.0},{"not_picked":["Accuracy","Leg Sweep+1"],"picked":"Deflect+1","floor":20.0},{"not_picked":["Prepared+1","Caltrops"],"picked":"Tactician+1","floor":22.0}],"player_experience":2983612,"relics_obtained":[{"floor":6.0,"key":"Orichalcum"},{"floor":9.0,"key":"Meat on the Bone"},{"floor":14.0,"key":"Turnip"}],"event_choices":[{"damage_healed":0.0,"max_hp_gain":0.0,"max_hp_loss":0.0,"gold_gain":0.0,"event_name":"Living Wall","player_choice":"Grow","floor":4.0,"gold_loss":0.0,"damage_taken":0.0,"cards_upgraded":["Quick Slash"]},{"damage_healed":0.0,"max_hp_gain":0.0,"max_hp_loss":0.0,"gold_gain":0.0,"event_name":"The Cleric","player_choice":"Leave","floor":5.0,"gold_loss":0.0,"damage_taken":0.0},{"damage_healed":0.0,"max_hp_gain":0.0,"max_hp_loss":0.0,"gold_gain":50.0,"event_name":"Golden Shrine","player_choice":"Pray","floor":11.0,"gold_loss":0.0,"damage_taken":0.0},{"damage_healed":0.0,"max_hp_gain":0.0,"max_hp_loss":0.0,"gold_gain":0.0,"event_name":"Addict","player_choice":"Obtained Relic","floor":19.0,"gold_loss":85.0,"damage_taken":0.0,"relics_obtained":["Toxic Egg 2"]}],"is_beta":false,"boss_relics":[{"not_picked":["Runic Dome","WristBlade"],"picked":"Black Star"}],"items_purged_floors":[3,12],"is_endless":false,"potions_floor_spawned":[1,6,14,18,20],"killed_by":"Gremlin Leader","ascension_level":20}}