{"host":"hpn0uxah5qjr7pa6","time":1612154747,"event":{"mods":["Act Like it!","Aspiration","BaseMod","Better Third Choice","BetterRewards","Challenge The Spire","Colored Powertips","Conspire","Downfall","Energized Spire","Hallownest","Hermit","Hubris","Infinite Spire","Minty Spire (QoL Compilation)","Permanent Neow","Quick Restart","Rare Cards Sparkle","Replay The Spire","Spicy Shops","StSLib","The Bug Knight","The Jungle"],"gold_per_floor":[116,116,116,129,129,129,147,161,161,174,174,199,50,65,65,162,262,282,309,309,309,320,320,333,177,177,177,187,187,197,230,230,327,327,340,340,340,340,353,353,386,386,386,401,401,411,411,427,427,427,427],"floor_reached":50,"language":"ENG","playtime":2659,"items_purged":["Bash"],"score":517,"play_id":"7d8c9650-414a-4c64-868b-6a7a4b9510d7","local_time":"20210131204547","is_ascension_mode":true,"campfire_choices":[{"data":"Strike_R","floor":6,"key":"SMITH"},{"floor":11,"key":"REST"},{"floor":15,"key":"REST"},{"floor":23,"key":"REST"},{"floor":27,"key":"REST"},{"floor":29,"key":"REST"},{"data":"Rage","floor":32,"key":"SMITH"},{"data":"Entrench","floor":40,"key":"SMITH"},{"floor":42,"key":"REST"},{"floor":45,"key":"REST"},{"data":"Iron Wave","floor":47,"key":"SMITH"},{"data":"Iron Wave","floor":49,"key":"SMITH"}],"circlet_count":0,"master_deck":["Strike_R+1","Strike_R","Strike_R","Strike_R","Strike_R+1","Defend_R","Defend_R","Defend_R","Defend_R","Iron Wave+1","conspire:ExplosiveBarrier","Entrench+1","hubris:Fate+1","Flex","Body Slam+1","Rage+1","Iron Wave+1","Rage+1"],"relics":["Burning Blood","hubris:OldNail","White Beast Statue","Ancient Tea Set","ReplayTheSpireMod:TigerMarble","Replay:Wanted Poster","Red Mask","Sling","Whetstone","ReplayTheSpireMod:Shallot","SlaversCollar","hubris:GlazedTorus","Anchor","Meat on the Bone"],"acts_visited":["Exordium","TheCity","TheBeyond"],"potions_floor_usage":[12,12,16,16,16,19,19,31,33,33,33,41,41,50,50,50],"damage_taken":[{"damage":7,"enemies":"Small Slimes","floor":1,"turns":5},{"damage":5,"enemies":"Cultist","floor":4,"turns":4},{"damage":0,"enemies":"2 Louse","floor":7,"turns":3},{"damage":7,"enemies":"2 Fungi Beasts","floor":8,"turns":4},{"damage":22,"enemies":"Lots of Slimes","floor":10,"turns":7},{"damage":19,"enemies":"Gremlin Nob","floor":12,"turns":5},{"damage":11,"enemies":"Exordium Wildlife","floor":14,"turns":6},{"damage":33,"enemies":"Slime Boss","floor":16,"turns":6},{"damage":7,"enemies":"Chosen","floor":18,"turns":4},{"damage":37,"enemies":"Masked Bandits","floor":19,"turns":7},{"damage":0,"enemies":"Spheric Guardian","floor":22,"turns":2},{"damage":27,"enemies":"Snake Plant","floor":24,"turns":4},{"damage":25,"enemies":"Centurion and Healer","floor":28,"turns":8},{"damage":11,"enemies":"3 Cultists","floor":30,"turns":7},{"damage":1,"enemies":"Slavers","floor":31,"turns":6},{"damage":68,"enemies":"Automaton","floor":33,"turns":8},{"damage":8,"enemies":"3 Shapes","floor":35,"turns":3},{"damage":0,"enemies":"Orb Walker","floor":39,"turns":1},{"damage":62,"enemies":"Reptomancer","floor":41,"turns":5},{"damage":0,"enemies":"Spire Growth","floor":44,"turns":5},{"damage":0,"enemies":"Maw","floor":46,"turns":1},{"damage":7,"enemies":"3 Darklings","floor":48,"turns":6},{"damage":79,"enemies":"Time Eater","floor":50,"turns":10}],"seed_played":"7227712847443117309","potions_obtained":[{"floor":1,"key":"EssenceOfSteel"},{"floor":7,"key":"LiquidMemories"},{"floor":10,"key":"SpeedPotion"},{"floor":12,"key":"Death Potion"},{"floor":14,"key":"SkillPotion"},{"floor":16,"key":"Flashbang"},{"floor":18,"key":"LifebloodPotion"},{"floor":19,"key":"sneckomod:MuddlingPotion"},{"floor":22,"key":"DuplicationPotion"},{"floor":24,"key":"Elixir"},{"floor":28,"key":"Guardian:BlockOnCardUsePotion"},{"floor":30,"key":"PowerPotion"},{"floor":31,"key":"Reflective Coating"},{"floor":33,"key":"FearPotion"},{"floor":35,"key":"Languid Potion"},{"floor":39,"key":"Doom Potion"},{"floor":41,"key":"Weak Potion"},{"floor":44,"key":"Toxic Potion"}],"is_trial":false,"path_per_floor":["M","?","$","M","$","R","M","M","T","M","R","E","$","M","R","B",null,"M","?","AVR","?","M","R","M","$","T","R","M","R","M","E","R","B",null,"M","?","AVR","?","M","R","E","R","T","M","R","M","R","M","R","B"],"character_chosen":"IRONCLAD","items_purchased":["ReplayTheSpireMod:TigerMarble","Body Slam"],"campfire_rested":7,"item_purchase_floors":[13,25],"current_hp_per_floor":[79,79,79,80,80,80,80,79,79,63,80,67,67,62,80,53,80,79,48,48,48,54,78,57,57,57,80,61,80,77,80,80,18,80,78,78,78,78,80,80,24,48,48,54,78,80,80,79,79,0,0],"gold":427,"neow_bonus":"RANDOM_COMMON_RELIC","is_daily":false,"chose_seed":false,"campfire_upgraded":5,"win_rate":0.0,"timestamp":1612154747,"path_taken":["M","?","$","M","$","R","?","?","T","M","R","E","?","M","R","BOSS","M","?","AVR","?","M","R","M","$","T","R","?","R","?","E","R","BOSS","M","?","AVR","?","?","R","E","R","T","M","R","M","R","M","R","BOSS"],"items_purchased_type":["Relic","Card"],"build_version":"2020-12-22","purchased_purges":1,"victory":false,"max_hp_per_floor":[80,80,80,80,80,80,80,80,80,80,80,80,80,80,80,80,80,80,80,80,80,80,80,80,80,80,80,80,80,80,80,80,80,80,80,80,80,80,80,80,80,80,80,80,80,80,80,80,80,80,80],"card_choices":[{"not_picked":["ReplayTheSpireMod:Strike From Hell","Clothesline","Perfected Strike"],"picked":"SKIP","floor":1},{"not_picked":["Dark Embrace","ReplayTheSpireMod:Strike From Hell","ReplayReversal"],"picked":"SKIP","floor":4},{"not_picked":["Run Through","Intimidate"],"picked":"Iron Wave","floor":7},{"not_picked":["ReplayTheSpireMod:Strike From Hell","Clothesline","Immolate"],"picked":"SKIP","floor":8},{"not_picked":["Armaments","Perfected Strike"],"picked":"conspire:ExplosiveBarrier","floor":10},{"not_picked":["Armaments","Cleave"],"picked":"Entrench","floor":12},{"not_picked":["Pummel","Twin Strike","Wild Strike"],"picked":"SKIP","floor":14},{"not_picked":["ReplayTheSpireMod:LeadingStrike","Replay:Undeath\u0027s Touch","Run Through"],"picked":"SKIP","floor":18},{"not_picked":["ReplayTheSpireMod:Strike From Hell","hubris:ReadiedAction+1","Perfected Strike+1"],"picked":"SKIP","floor":22},{"not_picked":["Sword Boomerang","Warcry"],"picked":"Flex","floor":24},{"not_picked":["Thunderclap+1","Sword Boomerang"],"picked":"Rage","floor":28},{"not_picked":["Demon Form","Armaments+1","Sword Boomerang"],"picked":"SKIP","floor":30},{"not_picked":["Battle Trance","Wild Strike","Thunderclap"],"picked":"SKIP","floor":31},{"not_picked":["Thunderclap","Heavy Blade","Headbutt+1"],"picked":"SKIP","floor":35},{"not_picked":["ReplayTheSpireMod:Strike From Hell","Wild Strike+1","Dropkick+1"],"picked":"SKIP","floor":39},{"not_picked":["Armaments+1","True Grit","Clothesline"],"picked":"SKIP","floor":41},{"not_picked":["Thunderclap","Warcry","Clash"],"picked":"SKIP","floor":44},{"not_picked":["Intimidate+1","Warcry+1"],"picked":"Iron Wave","floor":46},{"not_picked":["Pummel+1","Shrug It Off+1"],"picked":"Rage+1","floor":48}],"player_experience":147725,"relics_obtained":[{"floor":9,"key":"White Beast Statue"},{"floor":12,"key":"Ancient Tea Set"},{"floor":19,"key":"Red Mask"},{"floor":26,"key":"Whetstone"},{"floor":31,"key":"ReplayTheSpireMod:Shallot"},{"floor":41,"key":"Anchor"},{"floor":43,"key":"Meat on the Bone"}],"event_choices":[{"damage_healed":0,"gold_gain":0,"player_choice":"Fought Bandits","damage_taken":0,"max_hp_gain":0,"max_hp_loss":0,"event_name":"Masked Bandits","floor":19,"gold_loss":0},{"damage_healed":0,"gold_gain":0,"player_choice":"Bought 0 Potions","damage_taken":0,"max_hp_gain":0,"max_hp_loss":0,"event_name":"The Woman in Blue","floor":21,"gold_loss":0},{"damage_healed":0,"gold_gain":0,"player_choice":"Forge","damage_taken":0,"max_hp_gain":0,"max_hp_loss":0,"event_name":"Accursed Blacksmith","floor":38,"gold_loss":0,"cards_upgraded":["hubris:Fate"]}],"is_beta":false,"boss_relics":[{"not_picked":["hubris:GrandSneckoEye","energizedSpire:OgreHead"],"picked":"Replay:Wanted Poster"},{"not_picked":["aspiration:PoetsPen_weak","hubris:CrackedHourglass"],"picked":"SlaversCollar"}],"items_purged_floors":[20],"is_endless":false,"potions_floor_spawned":[1,7,10,12,14,16,18,19,22,24,28,30,31,33,35,39,41,44,46,48],"killed_by":"Time Eater","ascension_level":1}}