{"host":"hka8b3f4pkvnp4ei","time":1612180581,"event":{"mods":["BaseMod","Minty Spire (QoL Compilation)","Quick Restart","Replay The Spire","StSLib"],"gold_per_floor":[110,110,122,139,139,139,153,187,213,240,240,257,269,39,39,136,136,153,164,164,179,210,210,46,46,72,100,100,113,113,113],"floor_reached":30,"language":"ZHS","playtime":2975,"items_purged":["Strike_B"],"score":312,"play_id":"c19a7d74-afe8-48ca-8f1d-7791f7f9b894","local_time":"20210201195621","is_ascension_mode":true,"campfire_choices":[{"data":"Coolheaded","floor":6.0,"key":"SMITH"},{"data":"ReplayTheSpireMod:Calculation Training","floor":11.0,"key":"SMITH"},{"data":"Recycle","floor":15.0,"key":"SMITH"},{"data":"Heatsinks","floor":23.0,"key":"SMITH"},{"data":"Turbo","floor":25.0,"key":"SMITH"},{"floor":28,"key":"REST"}],"circlet_count":0,"master_deck":["Strike_B","Strike_B","Strike_B","Defend_B","Defend_B","Defend_B","Defend_B","Zap","Dualcast+1","Coolheaded+1","ReplayTheSpireMod:Calculation Training+1","FTL","Streamline","Creative AI+1","Heatsinks+1","Recycle+1","Echo Form+1","Turbo+1","Coolheaded+1","Self Repair+1","Panic Button"],"relics":["Cracked Core","NeowsBlessing","Orichalcum","Golden Egg","Bag of Preparation","Dream Catcher","Prayer Wheel","Medical Kit","Inserter","Red Mask","Membership Card","Replay:Wax Seal","Toy Ornithopter"],"acts_visited":["Exordium","TheCity"],"potions_floor_usage":[29],"damage_taken":[{"damage":0.0,"enemies":"2 Louse","floor":1.0,"turns":1.0},{"damage":0.0,"enemies":"Cultist","floor":3.0,"turns":1.0},{"damage":0.0,"enemies":"Small Slimes","floor":4.0,"turns":1.0},{"damage":3.0,"enemies":"Looter","floor":7.0,"turns":3.0},{"damage":4.0,"enemies":"3 Sentries","floor":8.0,"turns":8.0},{"damage":8.0,"enemies":"Lagavulin","floor":10.0,"turns":5.0},{"damage":0.0,"enemies":"Large Slime","floor":12.0,"turns":5.0},{"damage":0.0,"enemies":"2 Fungi Beasts","floor":13.0,"turns":4.0},{"damage":29.0,"enemies":"Slime Boss","floor":16.0,"turns":6.0},{"damage":6.0,"enemies":"3 Byrds","floor":18.0,"turns":5.0},{"damage":7.0,"enemies":"Spheric Guardian","floor":19.0,"turns":5.0},{"damage":13.0,"enemies":"Centurion and Healer","floor":21.0,"turns":9.0},{"damage":20.0,"enemies":"Masked Bandits","floor":22.0,"turns":6.0},{"damage":13,"enemies":"Book of Stabbing","floor":27,"turns":7},{"damage":32,"enemies":"3 Cultists","floor":29,"turns":7},{"damage":18,"enemies":"Slavers","floor":30,"turns":2}],"seed_played":"-8445819336375129971","potions_obtained":[{"floor":7.0,"key":"Fire Potion"},{"floor":8.0,"key":"BlessingOfTheForge"},{"floor":12.0,"key":"CultistPotion"},{"floor":13.0,"key":"PowerPotion"},{"floor":18.0,"key":"EntropicBrew"},{"floor":19.0,"key":"Energy Potion"},{"floor":22.0,"key":"Elixir"},{"floor":29,"key":"SteroidPotion"}],"is_trial":false,"path_per_floor":["M","?","M","M","T","R","M","E","T","E","R","M","M","$","R","B",null,"M","M","?","M","?","R","$","R","T","E","R","M","E"],"character_chosen":"DEFECT","items_purchased":["Medical Kit","Membership Card","Self Repair"],"campfire_rested":1,"item_purchase_floors":[14,24,24],"current_hp_per_floor":[75,75,75,75,75,75,72,68,68,60,60,60,60,60,60,31,75,69,62,62,49,29,29,29,29,29,26,48,31,13,13],"gold":113,"neow_bonus":"THREE_ENEMY_KILL","is_daily":false,"chose_seed":false,"campfire_upgraded":5,"win_rate":0.0,"timestamp":1612180581,"path_taken":["M","?","?","?","?","R","M","E","T","E","R","?","M","$","R","BOSS","M","?","?","M","?","R","$","R","T","E","R","M","E"],"items_purchased_type":["Relic","Relic","Card"],"build_version":"2020-12-22","purchased_purges":1,"victory":false,"max_hp_per_floor":[75,75,75,75,75,75,75,75,75,75,75,75,75,75,75,75,75,75,75,75,75,75,75,75,75,75,75,75,75,75,75],"card_choices":[{"not_picked":["BasicCrystalCard","Hologram"],"picked":"Coolheaded","floor":1.0},{"not_picked":["Hologram","Compile Driver"],"picked":"ReplayTheSpireMod:Calculation Training","floor":3.0},{"not_picked":["Consume","Steam"],"picked":"FTL","floor":4.0},{"not_picked":["Barrage","Cold Snap"],"picked":"Streamline","floor":7.0},{"not_picked":["Go for the Eyes","Leap","Barrage"],"picked":"SKIP","floor":8.0},{"not_picked":["Melter","Cold Snap"],"picked":"ReplayTheSpireMod:Fabricate Wheel","floor":10.0},{"not_picked":["Skim","Tempest"],"picked":"Heatsinks","floor":12.0},{"not_picked":["Doom and Gloom","Capacitor","BasicCrystalCard"],"picked":"SKIP","floor":12.0},{"not_picked":["Sunder","Reprogram"],"picked":"Recycle","floor":13.0},{"not_picked":["Crystallizer","Stack","BasicCrystalCard"],"picked":"SKIP","floor":13.0},{"not_picked":["ReplayRNGCard","Multi-Cast"],"picked":"Echo Form","floor":16.0},{"not_picked":["Panic Button","Redo+1"],"picked":"Turbo","floor":18.0},{"not_picked":["Stack","ReplayTheSpireMod:Calculation Training","Ball Lightning"],"picked":"SKIP","floor":18.0},{"not_picked":["Doom and Gloom+1","Stack"],"picked":"Coolheaded+1","floor":19.0},{"not_picked":["Hologram","Barrage","Compile Driver+1"],"picked":"SKIP","floor":19.0},{"not_picked":["Barrage+1","Gash","Rip and Tear+1"],"picked":"SKIP","floor":21.0},{"not_picked":["Barrage+1","Recycle","Beam Cell"],"picked":"SKIP","floor":21.0},{"not_picked":["Coolheaded","Fusion","Steam+1"],"picked":"SKIP","floor":27},{"not_picked":["Go for the Eyes","Redo"],"picked":"Panic Button","floor":29},{"not_picked":["Beam Cell","Compile Driver","Hello World+1"],"picked":"SKIP","floor":29}],"player_experience":1073742,"relics_obtained":[{"floor":5.0,"key":"Orichalcum"},{"floor":8.0,"key":"Golden Egg"},{"floor":9.0,"key":"Bag of Preparation"},{"floor":10.0,"key":"Dream Catcher"},{"floor":22.0,"key":"Red Mask"},{"floor":26.0,"key":"Replay:Wax Seal"},{"floor":27,"key":"Toy Ornithopter"}],"event_choices":[{"damage_healed":0.0,"max_hp_gain":0.0,"max_hp_loss":0.0,"gold_gain":0.0,"event_name":"Accursed Blacksmith","player_choice":"Forge","floor":2.0,"gold_loss":0.0,"damage_taken":0.0,"cards_upgraded":["Dualcast"]},{"damage_healed":0.0,"max_hp_gain":0.0,"max_hp_loss":0.0,"gold_gain":0.0,"event_name":"Cursed Tome","player_choice":"Ignored","floor":20.0,"gold_loss":0.0,"damage_taken":0.0},{"damage_healed":0.0,"max_hp_gain":0.0,"max_hp_loss":0.0,"gold_gain":0.0,"event_name":"Masked Bandits","player_choice":"Fought Bandits","floor":22.0,"gold_loss":0.0,"damage_taken":0.0}],"is_beta":false,"boss_relics":[{"not_picked":["Ectoplasm","Honey Jar"],"picked":"Inserter"}],"items_purged_floors":[14],"is_endless":false,"potions_floor_spawned":[7,8,12,13,18,19,22,29],"killed_by":"Slavers","ascension_level":4}}