{"host":"3s1bgj9vdfhoy9ls","time":1612149089,"event":{"mods":["BaseMod","BetterRewards","Downfall","Marisa£®ÏF”Í°°ƒß¿Ì…≥£©","Minty Spire (QoL Compilation)","READ ME - Guardian Mod","Replay The Spire","Shop Mod","StSLib","The Bug Knight","The Cursed","The Disciple","The Servant 0.9.4"],"gold_per_floor":[114,129,79,79,99,127,127,76,76,91,91,108,118,133,133,230,230,249,174,174,174,187,216,229,229,284,296,256,109,109,39,39,142,142,156,168,168,183,231,231,0,10,10,44,44,72,81,98,107,107,107,116,35,75,75],"floor_reached":56,"language":"ZHS","playtime":2825,"items_purged":[],"score":1449,"play_id":"cf196674-8739-4df0-a73b-bc91074c47d7","local_time":"20210201111129","is_ascension_mode":false,"campfire_choices":[{"data":"Armaments","floor":7.0,"key":"SMITH"},{"data":"Bash","floor":11.0,"key":"SMITH"},{"data":"Shrug It Off","floor":15.0,"key":"SMITH"},{"floor":25,"key":"REST"},{"data":"Limit Break","floor":30,"key":"SMITH"},{"floor":32,"key":"REST"},{"floor":40,"key":"RECALL"},{"floor":47,"key":"REST"},{"data":"Dark Embrace","floor":49,"key":"SMITH"},{"data":"Inflame","floor":52,"key":"SMITH"}],"circlet_count":0,"master_deck":["Defend_R+1","Defend_R","Bash+1","Twin Strike+1","Armaments+1","Combust","Inflame+1","Seeing Red+1","Shrug It Off+1","Disarm+1","Limit Break+1","Thunderclap+1","Necronomicurse","Clothesline+1","Spot Weakness+1","Infernal Blade+1","Warcry","Dropkick+1","Pummel","Reaper","Bloodletting+1","Battle Trance+1","Fire Breathing+1","Sentinel","True Grit+1","Dark Embrace+1","Limit Break","ReplayTheSpireMod:Private Reserves","Offering"],"relics":["Black Blood","Letter Opener","Replay:PocketPolymizer","Necronomicon","Centennial Puzzle","Gremlin Food","Toolbox","Runic Cube","Counterbalance","Red Mask","Replay:Bottled Eggs","CeramicFish","Du-Vu Doll"],"acts_visited":["Exordium","TheCity","TheBeyond","TheEnding"],"potions_floor_usage":[39,55,55],"damage_taken":[{"damage":6.0,"enemies":"Jaw Worm","floor":1.0,"turns":4.0},{"damage":0.0,"enemies":"2 Louse","floor":2.0,"turns":4.0},{"damage":1.0,"enemies":"Cultist","floor":5.0,"turns":3.0},{"damage":36.0,"enemies":"Gremlin Nob","floor":6.0,"turns":5.0},{"damage":5.0,"enemies":"Exordium Thugs","floor":10.0,"turns":5.0},{"damage":15.0,"enemies":"Lots of Slimes","floor":12.0,"turns":4.0},{"damage":10.0,"enemies":"Looter","floor":13.0,"turns":3.0},{"damage":9.0,"enemies":"Exordium Thugs","floor":14.0,"turns":5.0},{"damage":14.0,"enemies":"Fading Forest","floor":16.0,"turns":11.0},{"damage":14,"enemies":"Shell Parasite","floor":18,"turns":5},{"damage":26,"enemies":"2 Thieves","floor":22,"turns":4},{"damage":33,"enemies":"HollowMod:Nosk","floor":23,"turns":7},{"damage":10,"enemies":"Snecko","floor":24,"turns":5},{"damage":10,"enemies":"Cultist and Chosen","floor":27,"turns":3},{"damage":23,"enemies":"Pondfish","floor":33,"turns":9},{"damage":1,"enemies":"3 Shapes","floor":35,"turns":3},{"damage":28,"enemies":"3 Darklings","floor":36,"turns":3},{"damage":4,"enemies":"Sphere and 2 Shapes","floor":38,"turns":3},{"damage":31,"enemies":"2 Orb Walkers","floor":39,"turns":3},{"damage":25,"enemies":"Maw","floor":42,"turns":6},{"damage":58,"enemies":"HollowMod:StalkingDevout","floor":44,"turns":6},{"damage":3,"enemies":"Spire Growth","floor":46,"turns":4},{"damage":11,"enemies":"Sphere and 2 Shapes","floor":48,"turns":3},{"damage":69,"enemies":"Donu and Deca","floor":50,"turns":6},{"damage":53,"enemies":"Shield and Spear","floor":54,"turns":4},{"damage":115,"enemies":"The Heart","floor":55,"turns":6}],"seed_played":"9210796082428442111","potions_obtained":[{"floor":2.0,"key":"Toxic Potion"},{"floor":5.0,"key":"EssenceOfSteel"},{"floor":10.0,"key":"Doom Potion"},{"floor":24,"key":"Fire Potion"},{"floor":27,"key":"DistilledChaos"},{"floor":33,"key":"DistilledChaos"},{"floor":42,"key":"Adrenaline Potion"},{"floor":46,"key":"Death Potion"}],"is_trial":false,"path_per_floor":["M","M","?","?","M","E","R","$","T","M","R","M","M","M","R","B",null,"M","?","T","?","M","E","M","R","T","M","?","$","R","$","R","B",null,"M","M","?","M","?","R","?","M","T","E","$","M","R","M","R","B",null,"R","$","E","B",null],"character_chosen":"IRONCLAD","items_purchased":["Sword Boomerang","Toolbox","Pummel","ReplayTheSpireMod:Private Reserves"],"campfire_rested":3,"item_purchase_floors":[8,29,31,53],"current_hp_per_floor":[80,80,80,80,80,50,50,50,50,51,51,42,38,35,35,37,80,78,78,78,62,48,27,29,53,53,55,55,55,55,55,79,68,80,80,64,64,73,80,80,80,80,80,53,53,62,80,80,80,80,80,80,80,80,43],"gold":75,"neow_bonus":"THREE_CARDS","is_daily":false,"chose_seed":false,"campfire_upgraded":6,"win_rate":0.0,"timestamp":1612149089,"path_taken":["M","M","?","?","?","E","R","?","T","M","R","M","?","M","R","BOSS","M","?","?","?","?","E","M","R","T","M","?","?","R","$","R","BOSS","M","M","?","?","?","R","?","M","T","E","?","M","R","M","R","BOSS","R","$","E","BOSS"],"items_purchased_type":["Card","Relic","Card","Card"],"build_version":"2020-12-22","purchased_purges":0,"victory":true,"max_hp_per_floor":[80,80,80,80,80,80,80,80,80,80,80,80,80,80,80,80,80,80,80,80,80,80,80,80,80,80,80,80,80,80,80,80,80,80,80,80,80,80,80,80,80,80,80,80,80,80,80,80,80,80,80,80,80,80,80],"card_choices":[{"not_picked":["Pommel Strike","Run Through"],"picked":"Twin Strike","floor":0.0},{"not_picked":["Run Through","Perfected Strike","Pommel Strike"],"picked":"SKIP","floor":1.0},{"not_picked":["Thunderclap","Flex"],"picked":"Armaments","floor":2.0},{"not_picked":["ReplayTheSpireMod:Limb From Limb","Dark Embrace"],"picked":"Combust","floor":5.0},{"not_picked":["Anger","Replay:Undeath\u0027s Touch","Flex"],"picked":"SKIP","floor":6.0},{"not_picked":["ReplayReversal","Feed","Iron Wave"],"picked":"SKIP","floor":10.0},{"not_picked":["Replay:Undeath\u0027s Touch","Pummel"],"picked":"Inflame","floor":12.0},{"not_picked":["ReplayReversal","Thunderclap"],"picked":"Seeing Red","floor":13.0},{"not_picked":["ReplayTheSpireMod:Muscle Training","Anger"],"picked":"Shrug It Off","floor":14.0},{"not_picked":["Offering","Corruption"],"picked":"Limit Break","floor":16.0},{"not_picked":["ReplayTheSpireMod:LeadingStrike","Twin Strike"],"picked":"Thunderclap+1","floor":18},{"not_picked":["Body Slam+1","Twin Strike"],"picked":"Clothesline+1","floor":22},{"not_picked":["Thunderclap","Abandon"],"picked":"Spot Weakness+1","floor":23},{"not_picked":["Dual Wield","Clothesline"],"picked":"Infernal Blade+1","floor":24},{"not_picked":["Power Through","Whirlwind"],"picked":"Warcry","floor":27},{"not_picked":["Berserk","Replay:Many Hands"],"picked":"Reaper","floor":33},{"not_picked":["Pommel Strike","Shockwave+1"],"picked":"Bloodletting+1","floor":35},{"not_picked":["Body Slam","Rampage+1"],"picked":"Battle Trance+1","floor":36},{"not_picked":["Warcry","Shrug It Off"],"picked":"Fire Breathing+1","floor":38},{"not_picked":["Cleave","Perfected Strike","Limit Break"],"picked":"SKIP","floor":42},{"not_picked":["Searing Blow+1","Intimidate","Entrench"],"picked":"SKIP","floor":44},{"not_picked":["Reckless Charge+1","Massacre"],"picked":"True Grit+1","floor":46},{"not_picked":["Armaments+1","Clothesline","Sword Boomerang"],"picked":"SKIP","floor":48},{"not_picked":["Twin Strike","Flex+1"],"picked":"Offering","floor":54}],"player_experience":530591,"relics_obtained":[{"floor":6.0,"key":"Letter Opener"},{"floor":9.0,"key":"Replay:PocketPolymizer"},{"floor":21,"key":"Necronomicon"},{"floor":23,"key":"Centennial Puzzle"},{"floor":26,"key":"Gremlin Food"},{"floor":39,"key":"Counterbalance"},{"floor":43,"key":"Replay:Bottled Eggs"},{"floor":44,"key":"CeramicFish"},{"floor":54,"key":"Du-Vu Doll"}],"event_choices":[{"cards_removed":["Strike_R"],"damage_healed":0.0,"max_hp_gain":0.0,"max_hp_loss":0.0,"gold_gain":0.0,"event_name":"The Cleric","player_choice":"Card Removal","floor":3.0,"gold_loss":50.0,"damage_taken":0.0},{"cards_removed":["Strike_R"],"damage_healed":0.0,"max_hp_gain":0.0,"max_hp_loss":0.0,"gold_gain":0.0,"event_name":"Bonfire Elementals","player_choice":"Offered Basic","floor":4.0,"gold_loss":0.0,"damage_taken":0.0},{"cards_removed":["Strike_R"],"damage_healed":0,"gold_gain":0,"player_choice":"Gave Gold","damage_taken":0,"max_hp_gain":0,"max_hp_loss":0,"event_name":"Beggar","floor":19,"gold_loss":75},{"damage_healed":0,"gold_gain":0,"player_choice":"Obtained Book","damage_taken":16,"max_hp_gain":0,"max_hp_loss":0,"event_name":"Cursed Tome","floor":21,"gold_loss":0},{"damage_healed":0,"gold_gain":0,"player_choice":"Upgraded Two","damage_taken":0,"max_hp_gain":0,"max_hp_loss":0,"event_name":"Designer","floor":28,"gold_loss":40,"cards_upgraded":["Defend_R","Disarm"]},{"damage_healed":0,"gold_gain":0,"cards_transformed":["Body Slam"],"player_choice":"Transformed","damage_taken":0,"max_hp_gain":0,"max_hp_loss":0,"event_name":"Transmorgrifier","floor":37,"gold_loss":0,"cards_obtained":["Massacre"]},{"damage_healed":0,"gold_gain":0,"player_choice":"Fight","damage_taken":0,"max_hp_gain":0,"max_hp_loss":0,"event_name":"Mysterious Sphere","floor":39,"gold_loss":0},{"damage_healed":0,"gold_gain":0,"player_choice":"Paid","damage_taken":0,"relics_obtained":["Red Mask"],"max_hp_gain":0,"max_hp_loss":0,"event_name":"Tomb of Lord Red Mask","floor":41,"gold_loss":231}],"is_beta":false,"boss_relics":[{"not_picked":["bronze:MakeshiftBattery","Coffee Dripper"],"picked":"Black Blood"},{"not_picked":["Fusion Hammer","Calling Bell"],"picked":"Runic Cube"}],"items_purged_floors":[],"is_endless":false,"potions_floor_spawned":[2,5,10,24,27,33,36,38,42,46,54],"ascension_level":0}}