{"host":"syozzdlzcqop4jia","time":1612211550,"event":{"mods":["BaseMod","Colored Map","Colored Powertips","Minty Spire (QoL Compilation)","Quick Restart"],"gold_per_floor":[119,129,142,92,92,125,143,143,167,167,167,68,107,126,126,232,232,251,280,304,324,353,452,452,452],"floor_reached":24,"language":"ENG","playtime":1787,"items_purged":[],"score":252,"play_id":"15852c23-c1ca-48f2-8485-7746702846e0","local_time":"20210201213230","is_ascension_mode":true,"campfire_choices":[{"floor":8,"key":"REST"},{"floor":15,"key":"REST"}],"circlet_count":0,"master_deck":["Strike_R+1","Strike_R","Strike_R","Strike_R","Strike_R+1","Defend_R","Bash","Reaper","Flex","Shrug It Off","Ghostly Armor","Combust","Anger","Pommel Strike","Flex","Uppercut","Anger","Impervious","Wild Strike","Flex","Seeing Red","Flame Barrier","Wild Strike"],"relics":["Burning Blood","Regal Pillow","Red Skull","Darkstone Periapt","CeramicFish","Empty Cage"],"acts_visited":["Exordium","TheCity"],"potions_floor_usage":[6,13,20,22],"damage_taken":[{"damage":2,"enemies":"2 Louse","floor":1,"turns":4},{"damage":11,"enemies":"Jaw Worm","floor":2,"turns":4},{"damage":8,"enemies":"Small Slimes","floor":3,"turns":4},{"damage":20,"enemies":"Gremlin Nob","floor":6,"turns":4},{"damage":4,"enemies":"Looter","floor":7,"turns":3},{"damage":26,"enemies":"Lagavulin","floor":13,"turns":5},{"damage":29,"enemies":"Lots of Slimes","floor":14,"turns":3},{"damage":65,"enemies":"The Guardian","floor":16,"turns":10},{"damage":26,"enemies":"Shell Parasite","floor":18,"turns":7},{"damage":2,"enemies":"Chosen","floor":19,"turns":4},{"damage":48,"enemies":"Centurion and Healer","floor":20,"turns":6},{"damage":52,"enemies":"Shelled Parasite and Fungi","floor":21,"turns":6},{"damage":11,"enemies":"3 Cultists","floor":22,"turns":5},{"damage":19,"enemies":"Sentry and Sphere","floor":24,"turns":3}],"seed_played":"6994727118655593796","potions_obtained":[{"floor":1,"key":"FairyPotion"},{"floor":2,"key":"SteroidPotion"},{"floor":6,"key":"Energy Potion"},{"floor":13,"key":"Weak Potion"},{"floor":19,"key":"Explosive Potion"},{"floor":20,"key":"Dexterity Potion"}],"is_trial":false,"path_per_floor":["M","M","M","?","?","E","M","R","T","?","T","$","E","M","R","B",null,"M","M","M","M","M","?","M"],"character_chosen":"IRONCLAD","items_purchased":["Pommel Strike","Flex"],"campfire_rested":2,"item_purchase_floors":[12,12],"current_hp_per_floor":[80,75,76,76,60,50,52,80,80,85,85,85,65,42,82,27,85,65,69,27,17,12,12,0,0],"gold":452,"neow_bonus":"ONE_RANDOM_RARE_CARD","is_daily":false,"chose_seed":false,"campfire_upgraded":0,"win_rate":0.0,"timestamp":1612211550,"path_taken":["M","M","M","?","?","E","M","R","T","?","?","$","E","M","R","BOSS","M","M","M","M","?","?","M"],"items_purchased_type":["Card","Card"],"build_version":"2020-12-22","purchased_purges":0,"victory":false,"max_hp_per_floor":[80,80,80,80,80,80,80,80,80,85,85,85,85,85,85,85,85,85,85,85,85,85,85,85,85],"card_choices":[{"not_picked":["Rampage","Sever Soul"],"picked":"Flex","floor":1},{"not_picked":["Headbutt","Searing Blow"],"picked":"Shrug It Off","floor":2},{"not_picked":["Disarm","Evolve"],"picked":"Ghostly Armor","floor":3},{"not_picked":["Entrench","Rupture"],"picked":"Combust","floor":6},{"not_picked":["Iron Wave","Rampage"],"picked":"Anger","floor":7},{"not_picked":["Iron Wave","Dropkick"],"picked":"Uppercut","floor":13},{"not_picked":["Bloodletting","Body Slam"],"picked":"Anger","floor":14},{"not_picked":["Brutality","Berserk"],"picked":"Impervious","floor":16},{"not_picked":["Clothesline","Headbutt"],"picked":"Wild Strike","floor":18},{"not_picked":["Rupture","Reckless Charge"],"picked":"Flex","floor":19},{"not_picked":["Feel No Pain+1","True Grit"],"picked":"Seeing Red","floor":20},{"not_picked":["Seeing Red","Blood for Blood+1"],"picked":"Flame Barrier","floor":21},{"not_picked":["Armaments","Body Slam"],"picked":"Wild Strike","floor":22}],"player_experience":496801,"relics_obtained":[{"floor":6,"key":"Regal Pillow"},{"floor":9,"key":"Red Skull"},{"floor":11,"key":"Darkstone Periapt"},{"floor":13,"key":"CeramicFish"}],"event_choices":[{"cards_removed":["Defend_R"],"damage_healed":0,"gold_gain":0,"player_choice":"Card Removal","damage_taken":0,"max_hp_gain":0,"max_hp_loss":0,"event_name":"The Cleric","floor":4,"gold_loss":50},{"damage_healed":0,"gold_gain":0,"player_choice":"Entered Light","damage_taken":16,"max_hp_gain":0,"max_hp_loss":0,"event_name":"Shining Light","floor":5,"gold_loss":0,"cards_upgraded":["Strike_R","Strike_R"]},{"damage_healed":0,"gold_gain":0,"player_choice":"Donut","damage_taken":0,"max_hp_gain":5,"max_hp_loss":0,"event_name":"Big Fish","floor":10,"gold_loss":0},{"damage_healed":0,"gold_gain":99,"player_choice":"Stole From Cult","damage_taken":0,"max_hp_gain":0,"max_hp_loss":0,"event_name":"Nest","floor":23,"gold_loss":0}],"is_beta":false,"boss_relics":[{"not_picked":["Runic Dome","Astrolabe"],"picked":"Empty Cage"}],"items_purged_floors":[],"is_endless":false,"potions_floor_spawned":[1,2,6,13,19,20],"killed_by":"Sentry and Sphere","ascension_level":4}}