{"host":"bavx0eibpuvdy04q","time":1612163614,"event":{"mods":["BaseMod","BetterRewards","Friendly Minions","Hermit","Hubris","Infinite Spire","KinomotoSakuraMod(????)","Kiyohime????","Koishi","LagranYue(???·?)","Marisa????????","Minty Spire (QoL Compilation)","Prisma Mod","Remilia??????","Replay The Spire","StSLib","The Administrix","The Alterego","The Animator","The Construct","The Cursed","The Disciple","The Hierophant","The Mystic","The Necromancer","The Runesmith","The Senshi","The Servant 0.9.4","Yakumo Yukari mod","Yuri Mod"],"gold_per_floor":[111,126,126,20,38,38,73,73,113,130,145,145,161,179,179,179,179],"floor_reached":16,"language":"ENG","playtime":1500,"items_purged":[],"score":104,"play_id":"da6b411f-cce0-4af3-8d6d-80ad60677746","local_time":"20210201001334","is_ascension_mode":false,"campfire_choices":[{"data":"AdministrixMod:SyncreticPlunge","floor":6,"key":"SMITH"},{"data":"AdministrixMod:UnstableVigor","floor":12,"key":"SMITH"}],"circlet_count":0,"master_deck":["AdministrixMod:Strike_Administrix","AdministrixMod:Strike_Administrix","AdministrixMod:Strike_Administrix","AdministrixMod:Strike_Administrix","AdministrixMod:RedCloak","AdministrixMod:Defend_Administrix","AdministrixMod:Defend_Administrix","AdministrixMod:Defend_Administrix","AdministrixMod:Defend_Administrix","AdministrixMod:BlueCloak","AdministrixMod:BloodlessSapphire","AdministrixMod:SyncreticPlunge+1","AdministrixMod:RebukeDesires","AdministrixMod:FearOfDeath+1","Parasite","AdministrixMod:RebukeDesires","AdministrixMod:UnstableVigor+1","AdministrixMod:ChooseYourEnd","AdministrixMod:ExtolVirtue","AdministrixMod:GuanyinBlessing+1","AdministrixMod:ArmillarySphere"],"relics":["AdministrixMod:ConductorRitualBaton","LagranYue:RandomDrawCardRelic","NeowsBlessing","ReplayTheSpireMod:CursedCoin","AdministrixMod:PrescriptionBottle","AdministrixMod:GoldenChickadee"],"acts_visited":["Exordium"],"potions_floor_usage":[16],"damage_taken":[{"damage":0,"enemies":"Jaw Worm","floor":1,"turns":1},{"damage":0,"enemies":"2 Louse","floor":2,"turns":1},{"damage":0,"enemies":"Cultist","floor":5,"turns":1},{"damage":51,"enemies":"Gremlin Nob","floor":7,"turns":7},{"damage":4,"enemies":"Looter","floor":10,"turns":4},{"damage":3,"enemies":"Lots of Slimes","floor":11,"turns":4},{"damage":2,"enemies":"Blue Slaver","floor":13,"turns":3},{"damage":0,"enemies":"Looter","floor":14,"turns":2},{"damage":62,"enemies":"Fading Forest","floor":16,"turns":10}],"seed_played":"8923003246597178788","potions_obtained":[{"floor":2,"key":"FearPotion"},{"floor":5,"key":"Swift Potion"},{"floor":13,"key":"Strength Potion"}],"is_trial":false,"path_per_floor":["M","M","?","$","M","R","E","?","T","M","M","R","M","M","R","B"],"character_chosen":"TheAdministrix","items_purchased":["AdministrixMod:RebukeDesires","ReplayTheSpireMod:CursedCoin","AdministrixMod:FearOfDeath","PowerPotion"],"campfire_rested":0,"item_purchase_floors":[4,4,4,4],"current_hp_per_floor":[65,65,65,65,65,65,14,33,33,33,34,34,32,32,51,0,0],"gold":179,"neow_bonus":"THREE_ENEMY_KILL","is_daily":false,"chose_seed":false,"campfire_upgraded":2,"win_rate":0.0,"timestamp":1612163614,"path_taken":["M","M","?","$","M","R","E","?","T","M","M","R","M","M","R","BOSS"],"items_purchased_type":["Card","Relic","Card","Potion"],"build_version":"2020-12-22","purchased_purges":0,"victory":false,"max_hp_per_floor":[65,65,65,65,65,65,65,65,65,65,65,65,65,65,65,65,65],"card_choices":[{"not_picked":["AdministrixMod:CenturiesAscent","AdministrixMod:TouchOfCinnabar"],"picked":"AdministrixMod:BloodlessSapphire","floor":1},{"not_picked":["AdministrixMod:SipOfSparks","AdministrixMod:BegetEternity"],"picked":"AdministrixMod:SyncreticPlunge","floor":2},{"not_picked":["AdministrixMod:StarSwordSoul","AdministrixMod:Transition"],"picked":"AdministrixMod:RebukeDesires","floor":5},{"not_picked":["AdministrixMod:PassageOfAges","AdministrixMod:CastOffRegrets"],"picked":"AdministrixMod:UnstableVigor","floor":7},{"not_picked":["AdministrixMod:QuietConspiracy","AdministrixMod:TouchOfCinnabar"],"picked":"AdministrixMod:ChooseYourEnd","floor":10},{"not_picked":["AdministrixMod:HiddenPower","AdministrixMod:CenturiesAscent"],"picked":"AdministrixMod:ExtolVirtue","floor":11},{"not_picked":["AdministrixMod:CastOffRegrets","AdministrixMod:FeastOfDew"],"picked":"AdministrixMod:GuanyinBlessing","floor":13},{"not_picked":["AdministrixMod:TouchOfCinnabar","AdministrixMod:PlateOfAntiquity"],"picked":"AdministrixMod:ArmillarySphere","floor":14}],"player_experience":87062,"relics_obtained":[{"floor":7,"key":"AdministrixMod:PrescriptionBottle"},{"floor":9,"key":"AdministrixMod:GoldenChickadee"}],"event_choices":[{"damage_healed":0,"gold_gain":0,"player_choice":"Leave","damage_taken":0,"max_hp_gain":0,"max_hp_loss":0,"event_name":"The Cleric","floor":3,"gold_loss":0}],"is_beta":false,"boss_relics":[],"items_purged_floors":[],"is_endless":false,"potions_floor_spawned":[2,5,13],"killed_by":"Fading Forest","ascension_level":0}}