{"host":"zsnmfqgcm92hlreo","time":1612171557,"event":{"mods":["AchievementEnabler","Act Like it!","BaseMod","Bestiary","Block Reminder","Colored Map","Colored Powertips","Gensokyo","Hermit","Jorbs\u0027s Wanderer Trilogy","Minty Spire (QoL Compilation)","Permanent Neow","Quick Restart","Relic Stats","StSLib","The Jungle","Weighted Paths"],"gold_per_floor":[117,46,59,59,77,104,104,104,131,306,306,338,355,388,388,484,484,496,485,301,321,146,146,177,197,220,220,238,238,238,238,238],"floor_reached":31,"language":"ENG","playtime":1781,"items_purged":["hermit:Strike_Hermit","hermit:Strike_Hermit"],"score":273,"play_id":"f1540711-1544-41a9-ab2d-ebc51b5659b7","local_time":"20210201032557","is_ascension_mode":false,"campfire_choices":[{"data":"hermit:FlashPowder","floor":7.0,"key":"SMITH"},{"data":"hermit:Determination","floor":11.0,"key":"SMITH"},{"floor":15.0,"key":"REST"},{"data":"hermit:Quickdraw","floor":23,"key":"SMITH"},{"floor":27,"key":"REST"}],"circlet_count":0,"master_deck":["hermit:Strike_Hermit","hermit:Strike_Hermit","hermit:Defend_Hermit","hermit:Defend_Hermit+1","hermit:Defend_Hermit+1","hermit:Defend_Hermit+1","hermit:Snapshot","hermit:Covet","hermit:Headshot","hermit:GhostlyPresence+1","hermit:Deadeye","hermit:FlashPowder+1","hermit:Determination+1","Doubt","hermit:Glare","hermit:SprayPray","hermit:TakeAim","hermit:Adapt","hermit:Desperado+1","hermit:Quickdraw+1","hermit:BigShot","hermit:Malice","hermit:FlashPowder+1","hermit:PistolWhip","hermit:Gestalt","hermit:Grudge","hermit:PistolWhip","Necronomicurse"],"relics":["hermit:Momento","Bag of Marbles","MealTicket","Regal Pillow","Juzu Bracelet","Thread and Needle","Philosopher\u0027s Stone","War Paint","Happy Flower","Necronomicon"],"acts_visited":["Exordium","TheCity"],"potions_floor_usage":[18,21,25,31],"damage_taken":[{"damage":1.0,"enemies":"Cultist","floor":1.0,"turns":3.0},{"damage":4.0,"enemies":"Small Slimes","floor":3.0,"turns":3.0},{"damage":3.0,"enemies":"Jaw Worm","floor":5.0,"turns":2.0},{"damage":4.0,"enemies":"3 Sentries","floor":6.0,"turns":8.0},{"damage":29.0,"enemies":"Gremlin Nob","floor":12.0,"turns":4.0},{"damage":8.0,"enemies":"Red Slaver","floor":13.0,"turns":2.0},{"damage":18.0,"enemies":"3 Sentries","floor":14.0,"turns":10.0},{"damage":27,"enemies":"The Guardian","floor":16,"turns":11},{"damage":12,"enemies":"Spheric Guardian","floor":18,"turns":7},{"damage":18,"enemies":"2 Thieves","floor":19,"turns":4},{"damage":12,"enemies":"Snecko","floor":21,"turns":5},{"damage":50,"enemies":"Book of Stabbing","floor":24,"turns":7},{"damage":0,"enemies":"Chosen and Byrds","floor":25,"turns":4},{"damage":31,"enemies":"3 Cultists","floor":28,"turns":6},{"damage":3,"enemies":"Snecko","floor":31,"turns":3}],"seed_played":"-7031372525457771215","potions_obtained":[{"floor":6.0,"key":"Explosive Potion"},{"floor":13.0,"key":"SpeedPotion"},{"floor":16,"key":"Fire Potion"},{"floor":19,"key":"PowerPotion"},{"floor":24,"key":"DistilledChaos"}],"is_trial":false,"path_per_floor":["M","$","M","?","M","E","R","$","T","?","R","E","M","E","R","B",null,"M","M","$","M","$","R","E","M","T","R","M","?","?","M"],"character_chosen":"HERMIT","items_purchased":["hermit:GhostlyPresence","hermit:BigShot","hermit:Malice","hermit:PistolWhip"],"campfire_rested":2,"item_purchase_floors":[2,20,20,22],"current_hp_per_floor":[74,74,70,55,52,48,48,63,63,63,63,34,26,8,45,18,75,63,45,60,48,63,63,13,13,13,50,19,19,3,0,0],"gold":238,"neow_bonus":"RANDOM_COMMON_RELIC","is_daily":false,"chose_seed":false,"campfire_upgraded":3,"win_rate":0.0,"timestamp":1612171557,"path_taken":["M","?","M","?","?","E","R","?","T","?","R","E","M","E","R","BOSS","M","M","$","M","$","R","E","M","T","R","M","?","?","M"],"items_purchased_type":["Card","Card","Card","Card"],"build_version":"2020-12-22","purchased_purges":2,"victory":false,"max_hp_per_floor":[75,75,75,75,75,75,75,75,75,75,75,75,75,75,75,75,75,75,75,75,75,75,75,75,75,75,75,75,75,75,75,75],"relic_stats":{"Regal Pillow":30,"Happy Flower":[3],"counters":[15,79],"MealTicket":45,"Juzu Bracelet":0,"Necronomicon":[0],"War Paint":["hermit:Defend_Hermit","hermit:GhostlyPresence"],"obtain_stats":[{"Regal Pillow":9,"Happy Flower":26,"MealTicket":6,"Thread and Needle":14,"Philosopher\u0027s Stone":17,"Bag of Marbles":0,"Juzu Bracelet":12,"Necronomicon":30,"War Paint":24,"hermit:Momento":0},{"Regal Pillow":4,"Happy Flower":13,"MealTicket":4,"Thread and Needle":7,"Philosopher\u0027s Stone":8,"Bag of Marbles":0,"Juzu Bracelet":5,"Necronomicon":14,"War Paint":12,"hermit:Momento":0},{"Regal Pillow":16,"Happy Flower":70,"MealTicket":16,"Thread and Needle":32,"Philosopher\u0027s Stone":43,"Bag of Marbles":0,"Juzu Bracelet":20,"Necronomicon":76,"War Paint":66,"hermit:Momento":0}]},"card_choices":[{"not_picked":["hermit:HighCaliber","hermit:Glare"],"picked":"hermit:Headshot","floor":1.0},{"not_picked":["hermit:SprayPray","hermit:Feint"],"picked":"hermit:Deadeye","floor":3.0},{"not_picked":["hermit:Malice","hermit:Desperado"],"picked":"hermit:FlashPowder","floor":5.0},{"not_picked":["hermit:ShadowCloak","hermit:Ricochet"],"picked":"hermit:Determination","floor":6.0},{"not_picked":["hermit:Desperado","hermit:FlashPowder"],"picked":"hermit:Glare","floor":12.0},{"not_picked":["hermit:Dive","hermit:CalledShot"],"picked":"hermit:SprayPray","floor":13.0},{"not_picked":["hermit:SprayPray","hermit:FullyLoaded"],"picked":"hermit:TakeAim","floor":14.0},{"not_picked":["hermit:HighNoon","hermit:Purgatory"],"picked":"hermit:Adapt","floor":16},{"not_picked":["hermit:HighCaliber","hermit:Combo"],"picked":"hermit:Desperado+1","floor":18},{"not_picked":["hermit:Headshot","hermit:CalledShot"],"picked":"hermit:Quickdraw","floor":19},{"not_picked":["hermit:Glare","hermit:Desperado"],"picked":"hermit:FlashPowder+1","floor":21},{"not_picked":["hermit:Virtue","hermit:TrackingShot"],"picked":"hermit:Gestalt","floor":24},{"not_picked":["hermit:LuckOfTheDraw","hermit:Headshot"],"picked":"hermit:Grudge","floor":25},{"not_picked":["hermit:TrackingShot","hermit:LowProfile"],"picked":"hermit:PistolWhip","floor":28}],"player_experience":980206,"relics_obtained":[{"floor":6.0,"key":"MealTicket"},{"floor":9.0,"key":"Regal Pillow"},{"floor":12.0,"key":"Juzu Bracelet"},{"floor":14.0,"key":"Thread and Needle"},{"floor":24,"key":"War Paint"},{"floor":26,"key":"Happy Flower"},{"floor":30,"key":"Necronomicon"}],"event_choices":[{"damage_healed":0.0,"max_hp_gain":0.0,"max_hp_loss":0.0,"gold_gain":0.0,"event_name":"Shining Light","player_choice":"Entered Light","floor":4.0,"gold_loss":0.0,"damage_taken":15.0,"cards_upgraded":["hermit:Defend_Hermit","hermit:Defend_Hermit"]},{"damage_healed":0.0,"max_hp_gain":0.0,"max_hp_loss":0.0,"gold_gain":175.0,"event_name":"Liars Game","player_choice":"AGREE","floor":10.0,"gold_loss":0.0,"damage_taken":0.0,"cards_obtained":["Doubt"]},{"damage_healed":0,"gold_gain":0,"player_choice":"Ignored","damage_taken":0,"max_hp_gain":0,"max_hp_loss":0,"event_name":"Vampires","floor":29,"gold_loss":0},{"damage_healed":0,"gold_gain":0,"player_choice":"Obtained Book","damage_taken":16,"max_hp_gain":0,"max_hp_loss":0,"event_name":"Cursed Tome","floor":30,"gold_loss":0}],"is_beta":false,"boss_relics":[{"not_picked":["Coffee Dripper","hermit:ClaspedLocket"],"picked":"Philosopher\u0027s Stone"}],"items_purged_floors":[20,22],"is_endless":false,"potions_floor_spawned":[6,13,16,19,24],"killed_by":"Snecko","ascension_level":0}}