{"host":"m4qpn8a4h7jhbw2f","time":1612140391,"event":{"mods":["BaseMod","Colored Map","Colored Powertips","Highlight Path","Minty Spire (QoL Compilation)","Rare Cards Sparkle","Relic Stats"],"gold_per_floor":[359,374,549,549,379,412,18,18,41,41,61,73,85,103,103,199,199,210,222,222,76,95,95,95],"floor_reached":23,"language":"ENG","playtime":1176,"items_purged":["Shame","Doubt"],"score":279,"play_id":"a43337d1-f41f-43b5-a76e-74c86b9430c2","local_time":"20210131194631","is_ascension_mode":true,"campfire_choices":[{"data":"Anger","floor":8,"key":"SMITH"},{"data":"Wild Strike","floor":10,"key":"SMITH"},{"data":"Rage","floor":15,"key":"SMITH"}],"circlet_count":0,"master_deck":["Strike_R","Strike_R","Defend_R","Defend_R","Defend_R","Defend_R","Bash","Anger+1","Wild Strike+1","Combust","Rage+1","Headbutt","Uppercut","Evolve","Anger","Anger","Demon Form","Carnage","Cleave+1","Wild Strike"],"relics":["Burning Blood","Charon\u0027s Ashes","ClockworkSouvenir","Bag of Marbles","Bag of Preparation","Empty Cage","Eternal Feather","Sling"],"acts_visited":["Exordium","TheCity"],"potions_floor_usage":[6,16,19],"damage_taken":[{"damage":10,"enemies":"2 Louse","floor":1,"turns":3},{"damage":2,"enemies":"Jaw Worm","floor":2,"turns":3},{"damage":43,"enemies":"Lagavulin","floor":6,"turns":6},{"damage":0,"enemies":"Cultist","floor":11,"turns":1},{"damage":20,"enemies":"3 Louse","floor":12,"turns":3},{"damage":0,"enemies":"2 Fungi Beasts","floor":13,"turns":2},{"damage":7,"enemies":"Gremlin Gang","floor":14,"turns":3},{"damage":4,"enemies":"Slime Boss","floor":16,"turns":5},{"damage":3,"enemies":"Chosen","floor":18,"turns":4},{"damage":0,"enemies":"Shell Parasite","floor":19,"turns":1},{"damage":28,"enemies":"Snecko","floor":22,"turns":4},{"damage":63,"enemies":"Gremlin Leader","floor":23,"turns":6}],"seed_played":"-5830137204232648338","potions_obtained":[{"floor":1,"key":"Strength Potion"},{"floor":2,"key":"SkillPotion"},{"floor":12,"key":"LiquidBronze"},{"floor":14,"key":"Strength Potion"},{"floor":22,"key":"Fire Potion"}],"is_trial":false,"path_per_floor":["M","M","?","?","$","E","$","R","T","R","M","M","M","M","R","B",null,"M","M","?","$","M","E"],"character_chosen":"IRONCLAD","items_purchased":["Rage","Headbutt","ClockworkSouvenir","Bag of Marbles","Sling"],"campfire_rested":0,"item_purchase_floors":[5,5,7,7,21],"current_hp_per_floor":[76,80,80,80,80,43,43,43,43,43,49,35,41,40,40,42,80,80,80,80,80,58,0,0],"gold":95,"neow_bonus":"TWO_FIFTY_GOLD","is_daily":false,"chose_seed":false,"campfire_upgraded":3,"win_rate":0.0,"timestamp":1612140391,"path_taken":["M","M","?","?","$","E","$","R","T","R","M","M","?","M","R","BOSS","M","M","?","$","M","E"],"items_purchased_type":["Card","Card","Relic","Relic","Relic"],"build_version":"2020-12-22","purchased_purges":2,"victory":false,"max_hp_per_floor":[80,80,80,80,80,80,80,80,80,80,80,80,80,80,80,80,80,80,80,80,80,80,80,80],"relic_stats":{"counters":[12,41],"Eternal Feather":0,"Charon\u0027s Ashes":[0],"Bag of Preparation":[18],"obtain_stats":[{"Eternal Feather":20,"Charon\u0027s Ashes":6,"Bag of Marbles":7,"Bag of Preparation":9,"Empty Cage":17,"Sling":21,"Burning Blood":0,"ClockworkSouvenir":7},{"Eternal Feather":10,"Charon\u0027s Ashes":3,"Bag of Marbles":3,"Bag of Preparation":3,"Empty Cage":8,"Sling":10,"Burning Blood":0,"ClockworkSouvenir":3},{"Eternal Feather":31,"Charon\u0027s Ashes":12,"Bag of Marbles":12,"Bag of Preparation":12,"Empty Cage":26,"Sling":31,"Burning Blood":0,"ClockworkSouvenir":12}],"Burning Blood":57},"card_choices":[{"not_picked":["Warcry","Searing Blow"],"picked":"Anger","floor":1},{"not_picked":["Body Slam","Heavy Blade"],"picked":"Wild Strike","floor":2},{"not_picked":["Whirlwind","Thunderclap","Juggernaut"],"picked":"SKIP","floor":6},{"not_picked":["Combust","Sword Boomerang"],"picked":"Uppercut","floor":11},{"not_picked":["Warcry","Feel No Pain"],"picked":"Evolve","floor":12},{"not_picked":["Bloodletting","Dark Embrace"],"picked":"Anger","floor":13},{"not_picked":["True Grit","Havoc"],"picked":"Anger","floor":14},{"not_picked":["Brutality","Berserk"],"picked":"Demon Form","floor":16},{"not_picked":["Armaments","Searing Blow"],"picked":"Carnage","floor":18},{"not_picked":["Fire Breathing","Havoc"],"picked":"Cleave+1","floor":19},{"not_picked":["Anger+1","Headbutt"],"picked":"Wild Strike","floor":22}],"player_experience":212406,"relics_obtained":[{"floor":6,"key":"Charon\u0027s Ashes"},{"floor":9,"key":"Bag of Preparation"}],"event_choices":[{"damage_healed":0,"gold_gain":175,"player_choice":"AGREE","damage_taken":0,"max_hp_gain":0,"max_hp_loss":0,"event_name":"Liars Game","floor":3,"gold_loss":0,"cards_obtained":["Doubt"]},{"damage_healed":0,"gold_gain":0,"cards_transformed":["Strike_R"],"player_choice":"Transformed","damage_taken":0,"max_hp_gain":0,"max_hp_loss":0,"event_name":"Transmorgrifier","floor":4,"gold_loss":0,"cards_obtained":["Combust"]},{"damage_healed":0,"gold_gain":0,"player_choice":"Opened","damage_taken":0,"relics_obtained":["Eternal Feather"],"max_hp_gain":0,"max_hp_loss":0,"event_name":"The Mausoleum","floor":20,"gold_loss":0}],"is_beta":false,"boss_relics":[{"not_picked":["Sozu","Busted Crown"],"picked":"Empty Cage"}],"items_purged_floors":[5,7],"is_endless":false,"potions_floor_spawned":[1,2,12,14,22],"killed_by":"Gremlin Leader","ascension_level":3}}