{"host":"gsef4mntx4mq50d0","time":1612194949,"event":{"mods":["Act Like it!","Aspiration","BaseMod","Downfall","GifTheSpireLib","Hallownest","HololiveMod","Hubris","Infinite Spire","MarisaÅiñ∂âJÅ@ñÇóùçπÅj","Minty Spire (QoL Compilation)","SIMod","StSLib","The Alterego","The Bug Knight","The Exalted","The Forsaken","The Servant 0.9.4","TheSwordswoman"],"gold_per_floor":[86,110,123,54,78,111,111,148,173,173,204,215,244,257,257,367,367,387,387,387,297,321,354,354,379,379,392,408,440,466,485,485,589,589,606,359,375,10,10,10,20,20,20,47,47,66,85,102,102,102,102],"floor_reached":50,"language":"ENG","playtime":3301,"items_purged":[],"score":785,"play_id":"6a52e84b-1235-4534-be1e-d6cebca3c860","local_time":"20210202015549","is_ascension_mode":false,"campfire_choices":[{"data":"Hololive_CallShiroganeNoel","floor":7,"key":"SMITH"},{"data":"Hololive_CallHoushouMarine","floor":10,"key":"SMITH"},{"data":"Hololive_CallOmaruPolka","floor":15,"key":"SMITH"},{"data":"Hololive_CallTsunomakiWatame","floor":32,"key":"SMITH"},{"data":"Hololive_DevilCharm","floor":40,"key":"SMITH"},{"data":"Hololive_CallAkaiHaato","floor":49,"key":"SMITH"}],"circlet_count":0,"master_deck":["Hololive_CallNatsuiroMatsuri","Hololive_CallAkaiHaato+1","Hololive_CallNekomataOkayu","Hololive_CallSpadeEcho","Hololive_CallYogiri","Hololive_FlyingPonyTail","Hololive_Strike","Hololive_Strike","Hololive_Defend","Hololive_Defend","Hololive_CallHoushouMarine+1","Hololive_CallShiroganeNoel+1","Hololive_Rebound","Hololive_CallDoris","Hololive_LuckPotion","Hololive_CallMurasakiShion+1","Hololive_RevenueBasedLive","Hololive_CallOmaruPolka+1","Hololive_FlyingPonyTail","Hololive_CocoNews","Hololive_Psychosis","Hololive_Recruit","Hololive_StrengthChampion","Hololive_CallHoshimachiSuisei","Hololive_Rebound+1","infinitespire:Fortify","Hololive_CallUruhaRushia","Hololive_CallRoboco+1","Hololive_StrengthChampion","Hololive_CallTsunomakiWatame+1","Hololive_Drill","Hololive_StrengthChampion+1","Hololive_ASMR","Hololive_CallOzoraSubaru+1","Hololive_CallShirakamiFubuki+1","Hololive_DevilCharm+1","Hololive_StrengthChampion","Hololive_RevenueBasedLive+1","theForsaken:PlagueCurse","Hololive_CallManoAloe","Hololive_WolfAndLamb","Hololive_Trident+1"],"relics":["Hololive_TheStar","aspiration:Nostalgia","Guardian:ModeShifter","aspiration:StickyExplosives_weak","HornCleat","aspiration:Lifesprig","Odd Mushroom","Kunai","Bromod:ArcaneBarrier","hubris:Icosahedron","theForsaken:PlagueMask","infinitespire:Bottled Soul","Bromod:ArcaneUltimatum","hubris:ToyBattleship","Bromod:ArcaneConsequence","Sundial","Strange Spoon","Vajra","Oddly Smooth Stone"],"acts_visited":["Exordium","TheCity","TheBeyond"],"potions_floor_usage":[],"damage_taken":[{"damage":0,"enemies":"Cultist","floor":1,"turns":3},{"damage":0,"enemies":"Small Slimes","floor":2,"turns":2},{"damage":0,"enemies":"2 Louse","floor":3,"turns":3},{"damage":0,"enemies":"Large Slime","floor":5,"turns":4},{"damage":0,"enemies":"Lagavulin","floor":6,"turns":5},{"damage":0,"enemies":"Gremlin Nob","floor":8,"turns":3},{"damage":0,"enemies":"The Mushroom Lair","floor":11,"turns":3},{"damage":0,"enemies":"3 Louse","floor":12,"turns":2},{"damage":0,"enemies":"Lagavulin","floor":13,"turns":3},{"damage":0,"enemies":"Red Slaver","floor":14,"turns":2},{"damage":0,"enemies":"The Guardian","floor":16,"turns":4},{"damage":0,"enemies":"Shell Parasite","floor":18,"turns":3},{"damage":0,"enemies":"Chosen","floor":22,"turns":4},{"damage":0,"enemies":"Nightmare","floor":23,"turns":4},{"damage":0,"enemies":"Centurion and Healer","floor":25,"turns":6},{"damage":0,"enemies":"3 Cultists","floor":27,"turns":1},{"damage":0,"enemies":"Snecko","floor":28,"turns":4},{"damage":0,"enemies":"HollowMod:Nosk","floor":29,"turns":4},{"damage":0,"enemies":"Shelled Parasite and Fungi","floor":30,"turns":5},{"damage":0,"enemies":"Centurion and Healer","floor":31,"turns":3},{"damage":0,"enemies":"Automaton","floor":33,"turns":7},{"damage":0,"enemies":"3 Shapes","floor":35,"turns":4},{"damage":0,"enemies":"3 Darklings","floor":37,"turns":5},{"damage":0,"enemies":"4 Shapes","floor":41,"turns":3},{"damage":0,"enemies":"Maw","floor":44,"turns":5},{"damage":0,"enemies":"Transient","floor":46,"turns":5},{"damage":0,"enemies":"Jaw Worm Horde","floor":47,"turns":4},{"damage":0,"enemies":"3 Darklings","floor":48,"turns":4},{"damage":45,"enemies":"Awakened One","floor":50,"turns":5}],"seed_played":"700775960067140287","potions_obtained":[{"floor":2,"key":"GamblersBrew"},{"floor":3,"key":"Dexterity Potion"},{"floor":6,"key":"ColorlessPotion"},{"floor":16,"key":"FearPotion"}],"is_trial":false,"path_per_floor":["M","M","M","$","M","E","R","E","T","R","?","M","E","M","R","B",null,"M","?","?","?","M","NM","AVR","M","T","M","M","E","M","M","R","B",null,"M","$","M","$","?","R","M","$","T","M","?","M","M","M","R","B"],"character_chosen":"Hololive_HololiveCharacter","items_purchased":["Hololive_CallDoris","Sundial","Strange Spoon","Vajra","Hololive_DevilCharm"],"campfire_rested":0,"item_purchase_floors":[4,36,38,38,38],"current_hp_per_floor":[35,35,35,35,35,35,35,35,35,35,35,35,35,35,35,35,35,35,35,35,35,35,35,35,35,35,35,35,35,35,35,35,35,35,35,35,35,35,35,35,35,35,35,35,35,35,35,35,35,0,0],"gold":102,"neow_bonus":"NOSTALGIA","is_daily":false,"chose_seed":false,"campfire_upgraded":6,"win_rate":0.0,"timestamp":1612194949,"path_taken":["M","M","?","?","M","E","R","E","T","R","?","M","E","M","R","BOSS","M","?","?","?","M","NM","AVR","M","T","M","M","E","M","?","R","BOSS","M","$","M","$","?","R","M","?","T","M","?","M","M","M","R","BOSS"],"items_purchased_type":["Card","Relic","Relic","Relic","Card"],"build_version":"2020-12-22","purchased_purges":0,"victory":false,"max_hp_per_floor":[35,35,35,35,35,35,35,35,35,35,35,35,35,35,35,35,35,35,35,35,35,35,35,35,35,35,35,35,35,35,35,35,35,35,35,35,35,35,35,35,35,35,35,35,35,35,35,35,35,35,35],"card_choices":[{"not_picked":["Hololive_Sequa","Hololive_StrengthChampion","Hololive_CocoNews"],"picked":"Hololive_CallHoushouMarine","floor":1},{"not_picked":["Hololive_Drill","Hololive_CallNekomataOkayu","Hololive_CallCivia"],"picked":"Hololive_CallShiroganeNoel","floor":2},{"not_picked":["Hololive_Drill","Hololive_OvertimeWork","Hololive_CallTokoyamiTowa"],"picked":"Hololive_Rebound","floor":3},{"not_picked":["Hololive_CallHoshimachiSuisei","Hololive_FlyingPonyTail","Hololive_StrengthChampion"],"picked":"Hololive_LuckPotion","floor":5},{"not_picked":["Hololive_SummonFox","Hololive_CocoNews","Hololive_CallShirakamiFubuki"],"picked":"Hololive_CallMurasakiShion","floor":6},{"not_picked":["Hololive_Trident","Hololive_WolfAndLamb","Hololive_BringToTrial"],"picked":"Hololive_RevenueBasedLive","floor":8},{"not_picked":["Hololive_Rebound","Hololive_Drill","Hololive_RevenueBasedLive"],"picked":"Hololive_CallOmaruPolka","floor":11},{"not_picked":["Hololive_CallNekomataOkayu","Hololive_CallShiranuiFlare","Hololive_LuckPotion"],"picked":"Hololive_FlyingPonyTail","floor":12},{"not_picked":["Hololive_OpenUp","Hololive_Breathe","Hololive_Trident"],"picked":"Hololive_CocoNews","floor":13},{"not_picked":["Hololive_Sequa","Hololive_CallMoonaHoshinova","Hololive_OvertimeWork"],"picked":"Hololive_Psychosis","floor":14},{"not_picked":["Hololive_OpenUp","Hololive_DurableLive","Hololive_Rebirth"],"picked":"Hololive_Recruit","floor":16},{"not_picked":["Hololive_CallShishiroBotan","Hololive_Breathe","Hololive_BringToTrial"],"picked":"Hololive_StrengthChampion","floor":18},{"not_picked":["Hololive_Drill+1","Hololive_HuntDinosaur+1","Hololive_CallHoushouMarine+1"],"picked":"Hololive_CallHoshimachiSuisei","floor":22},{"not_picked":["Hololive_Psychosis+1","Hololive_CallNatsuiroMatsuri","Hololive_FlareMind"],"picked":"Hololive_Rebound+1","floor":23},{"not_picked":["Hololive_Sequa","Hololive_CallOmaruPolka+1","Hololive_Rebound+1"],"picked":"Hololive_CallUruhaRushia","floor":25},{"not_picked":["Hololive_Sequa","Hololive_LuckPotion","Hololive_CallNakiriAyame"],"picked":"Hololive_CallRoboco+1","floor":27},{"not_picked":["Hololive_Rebound+1","Hololive_CallYogiri","Hololive_FlyingPonyTail"],"picked":"Hololive_StrengthChampion","floor":28},{"not_picked":["Hololive_Rebound+1","Hololive_CallTokinoSora+1","Hololive_CallNatsuiroMatsuri"],"picked":"Hololive_CallTsunomakiWatame","floor":29},{"not_picked":["Hololive_HuntDinosaur","Hololive_CallMomosuzuNene","Hololive_CallRoboco+1"],"picked":"Hololive_Drill","floor":30},{"not_picked":["Hololive_FlyingPonyTail+1","Hololive_RevenueBasedLive","Hololive_MaximGun"],"picked":"Hololive_StrengthChampion+1","floor":31},{"not_picked":["Hololive_IdolExercise","Hololive_Nanodesu","Hololive_BeCareful"],"picked":"Hololive_ASMR","floor":33},{"not_picked":["Hololive_CandyCastle","Hololive_Breathe","Hololive_FlyingPonyTail+1"],"picked":"Hololive_CallOzoraSubaru+1","floor":35},{"not_picked":["Hololive_StrengthChampion","Hololive_LuckPotion+1","Hololive_Rebound"],"picked":"Hololive_CallShirakamiFubuki+1","floor":37},{"not_picked":["Hololive_CallDoris+1","Hololive_CallYogiri","Hololive_LuckPotion"],"picked":"Hololive_StrengthChampion","floor":41},{"not_picked":["Hololive_LuckPotion","Hololive_Psychosis","Hololive_CallOzoraSubaru+1"],"picked":"Hololive_RevenueBasedLive+1","floor":44},{"not_picked":["Hololive_OvertimeWork","Hololive_CallNakiriAyame","Hololive_CocoNews+1"],"picked":"Hololive_CallManoAloe","floor":46},{"not_picked":["Hololive_RevenueBasedLive+1","Hololive_CallFriendA","Hololive_Psychosis+1"],"picked":"Hololive_WolfAndLamb","floor":47},{"not_picked":["Hololive_DevilCharm+1","Hololive_Spy","Hololive_CallUsadaPekora+1"],"picked":"Hololive_Trident+1","floor":48}],"player_experience":172118,"relics_obtained":[{"floor":6,"key":"aspiration:StickyExplosives_weak"},{"floor":8,"key":"HornCleat"},{"floor":9,"key":"aspiration:Lifesprig"},{"floor":11,"key":"Odd Mushroom"},{"floor":13,"key":"Kunai"},{"floor":23,"key":"infinitespire:Bottled Soul"},{"floor":26,"key":"hubris:ToyBattleship"},{"floor":29,"key":"Bromod:ArcaneConsequence"},{"floor":43,"key":"Oddly Smooth Stone"}],"event_choices":[{"damage_healed":0,"gold_gain":0,"player_choice":"Fought Mushrooms","damage_taken":0,"max_hp_gain":0,"max_hp_loss":0,"event_name":"Mushrooms","floor":11,"gold_loss":0},{"damage_healed":0,"gold_gain":0,"player_choice":"Obtain Plague Curse","damage_taken":0,"max_hp_gain":0,"max_hp_loss":0,"event_name":"Plague Doctor","floor":20,"gold_loss":0,"cards_obtained":["theForsaken:PlagueCurse"]},{"cards_removed":["theForsaken:PlagueCurse"],"damage_healed":0,"gold_gain":0,"player_choice":"Upgrade and Remove","damage_taken":0,"max_hp_gain":0,"max_hp_loss":0,"event_name":"Designer","floor":21,"gold_loss":90,"cards_upgraded":["Hololive_CallMurasakiShion"]},{"damage_healed":0,"gold_gain":0,"player_choice":"Ignored","damage_taken":0,"max_hp_gain":0,"max_hp_loss":0,"event_name":"Purifier","floor":39,"gold_loss":0},{"damage_healed":0,"gold_gain":0,"player_choice":"1 cards matched","damage_taken":0,"max_hp_gain":0,"max_hp_loss":0,"event_name":"Match and Keep!","floor":45,"gold_loss":0,"cards_obtained":["theForsaken:PlagueCurse"]},{"damage_healed":0,"gold_gain":0,"player_choice":"1 cards matched","damage_taken":0,"max_hp_gain":0,"max_hp_loss":0,"event_name":"Match and Keep!","floor":45,"gold_loss":0,"cards_obtained":["theForsaken:PlagueCurse"]}],"is_beta":false,"boss_relics":[{"not_picked":["SacredBark","hubris:GrandSneckoEye"],"picked":"Bromod:ArcaneBarrier"},{"not_picked":["Busted Crown","hubris:TerracottaHorce","Empty Cage"]}],"items_purged_floors":[],"is_endless":true,"potions_floor_spawned":[2,3,6,11,14,16,22,23,25,31,33,37,41,48],"killed_by":"Awakened One","ascension_level":0}}