{"host":"rolltorest","time":1612140694,"event":{"mods":["BaseMod","Minty Spire (QoL Compilation)","Relic Stats","Slay the Relics Exporter","StSLib"],"gold_per_floor":[119,119,269,269,19,48,48,81,104,119,137,59,59,77,77,148,148,162,62,62,73,73,104,104,104,104],"floor_reached":25,"language":"ENG","playtime":588,"items_purged":["Doubt","Strike_B"],"score":554,"play_id":"6d36000e-78a1-49f9-86be-991482d552e1","local_time":"20210131165134","is_ascension_mode":true,"campfire_choices":[{"data":"Defragment","floor":7,"key":"SMITH"},{"data":"Multi-Cast","floor":13,"key":"SMITH"},{"data":"Coolheaded","floor":15,"key":"SMITH"},{"data":"Reinforced Body","floor":24,"key":"SMITH"}],"circlet_count":0,"master_deck":["AscendersBane","Strike_B+1","Strike_B+1","Defend_B+1","Defend_B+1","Defend_B+1","Zap","Dualcast","Self Repair","Doom and Gloom","Defragment+1","Coolheaded+1","Ball Lightning","Reinforced Body+1","Lockon","Multi-Cast+1","Coolheaded","Seek","Stack+1","Hologram+1","Force Field"],"relics":["Cracked Core","NeowsBlessing","Calipers","Bottled Lightning","Bronze Scales","Snecko Eye","Toy Ornithopter"],"acts_visited":["Exordium","TheCity"],"potions_floor_usage":[23,25],"damage_taken":[{"damage":0,"enemies":"2 Louse","floor":1,"turns":1},{"damage":0,"enemies":"3 Sentries","floor":6,"turns":2},{"damage":0,"enemies":"Lagavulin","floor":8,"turns":1},{"damage":5,"enemies":"Jaw Worm","floor":10,"turns":4},{"damage":2,"enemies":"Cultist","floor":11,"turns":3},{"damage":3,"enemies":"Red Slaver","floor":14,"turns":3},{"damage":44,"enemies":"Hexaghost","floor":16,"turns":10},{"damage":18,"enemies":"Shell Parasite","floor":18,"turns":7},{"damage":4,"enemies":"Spheric Guardian","floor":21,"turns":6},{"damage":35,"enemies":"Book of Stabbing","floor":23,"turns":5},{"damage":29,"enemies":"Slavers","floor":25,"turns":1}],"seed_played":"1454220543773431783","potions_obtained":[{"floor":6,"key":"AttackPotion"},{"floor":10,"key":"LiquidBronze"},{"floor":14,"key":"LiquidMemories"}],"is_trial":false,"path_per_floor":["M","?","?","?","$","E","R","E","T","M","M","$","R","M","R","B",null,"M","$","?","M","?","E","R","E"],"character_chosen":"DEFECT","items_purchased":["Doom and Gloom","Defragment","Coolheaded","Multi-Cast"],"campfire_rested":0,"item_purchase_floors":[5,5,5,12],"current_hp_per_floor":[64,57,57,62,62,69,69,76,76,71,76,76,76,73,73,36,66,55,55,55,51,51,23,23,0,0],"gold":104,"neow_bonus":"THREE_ENEMY_KILL","is_daily":false,"chose_seed":false,"campfire_upgraded":4,"win_rate":0.0,"timestamp":1612140694,"path_taken":["M","?","?","?","?","E","R","E","T","M","?","?","R","M","R","BOSS","M","$","?","?","?","E","R","E"],"items_purchased_type":["Card","Card","Card","Card"],"build_version":"2020-12-18","purchased_purges":2,"victory":false,"max_hp_per_floor":[71,71,71,76,76,76,76,76,76,76,76,76,76,76,76,76,76,76,76,76,76,76,76,76,76,76],"relic_stats":{"counters":[11,43],"Bronze Scales":[146],"Snecko Eye":[34,28,30,34],"obtain_stats":[{"Calipers":6,"NeowsBlessing":0,"Bronze Scales":9,"Snecko Eye":17,"Bottled Lightning":8,"Cracked Core":0,"Toy Ornithopter":23},{"Calipers":2,"NeowsBlessing":0,"Bronze Scales":3,"Snecko Eye":7,"Bottled Lightning":3,"Cracked Core":0,"Toy Ornithopter":10},{"Calipers":3,"NeowsBlessing":0,"Bronze Scales":4,"Snecko Eye":24,"Bottled Lightning":4,"Cracked Core":0,"Toy Ornithopter":42}],"Toy Ornithopter":5},"card_choices":[{"not_picked":["Streamline","Cold Snap"],"picked":"Self Repair","floor":1},{"not_picked":["Tempest","Reprogram","Gash"],"picked":"SKIP","floor":6},{"not_picked":["Cold Snap","Darkness"],"picked":"Ball Lightning","floor":8},{"not_picked":["Beam Cell","Go for the Eyes"],"picked":"Reinforced Body","floor":10},{"not_picked":["Streamline","Darkness"],"picked":"Lockon","floor":11},{"not_picked":["Gash","Sunder"],"picked":"Coolheaded","floor":14},{"not_picked":["Multi-Cast","Creative AI"],"picked":"Seek","floor":16},{"not_picked":["Beam Cell","Redo+1"],"picked":"Stack+1","floor":18},{"not_picked":["Auto Shields","Ball Lightning+1"],"picked":"Hologram+1","floor":21},{"not_picked":["Turbo","Go for the Eyes"],"picked":"Force Field","floor":23}],"player_experience":1781435,"relics_obtained":[{"floor":6,"key":"Calipers"},{"floor":8,"key":"Bottled Lightning"},{"floor":9,"key":"Bronze Scales"},{"floor":23,"key":"Toy Ornithopter"}],"event_choices":[{"cards_removed":["Defend_B"],"damage_healed":0,"gold_gain":0,"player_choice":"Card Removal","damage_taken":7,"max_hp_gain":0,"max_hp_loss":0,"event_name":"Golden Wing","floor":2,"gold_loss":0},{"damage_healed":0,"gold_gain":150,"player_choice":"AGREE","damage_taken":0,"max_hp_gain":0,"max_hp_loss":0,"event_name":"Liars Game","floor":3,"gold_loss":0,"cards_obtained":["Doubt"]},{"damage_healed":0,"gold_gain":0,"player_choice":"Donut","damage_taken":0,"max_hp_gain":5,"max_hp_loss":0,"event_name":"Big Fish","floor":4,"gold_loss":0},{"cards_removed":["Strike_B"],"damage_healed":0,"gold_gain":0,"player_choice":"Purged","damage_taken":0,"max_hp_gain":0,"max_hp_loss":0,"event_name":"Purifier","floor":20,"gold_loss":0},{"damage_healed":0,"gold_gain":0,"player_choice":"Simplicity","damage_taken":0,"max_hp_gain":0,"max_hp_loss":0,"event_name":"Back to Basics","floor":22,"gold_loss":0,"cards_upgraded":["Strike_B","Strike_B","Defend_B","Defend_B","Defend_B"]}],"is_beta":true,"boss_relics":[{"not_picked":["Fusion Hammer","Runic Pyramid"],"picked":"Snecko Eye"}],"items_purged_floors":[5,19],"is_endless":false,"potions_floor_spawned":[6,10,11,14,18],"killed_by":"Slavers","ascension_level":20}}