{"host":"49pjgf1q9ev52n8z","time":1612158367,"event":{"mods":["BaseMod","Bestiary","Colored Map","Minty Spire (QoL Compilation)","Practice Mode","Relic Stats","StSLib"],"gold_per_floor":[111,111,124,274,288,288,52,68,68,68,102,102,102,102],"floor_reached":13,"language":"ENG","playtime":560,"items_purged":[],"score":142,"play_id":"94ed9ce7-5d4e-452d-b4dd-e43447603cbb","local_time":"20210131214607","is_ascension_mode":true,"campfire_choices":[{"data":"Neutralize","floor":6,"key":"SMITH"},{"data":"Noxious Fumes","floor":10,"key":"SMITH"}],"circlet_count":0,"master_deck":["AscendersBane","Strike_G","Strike_G","Strike_G","Strike_G","Strike_G","Defend_G","Defend_G","Defend_G","Defend_G","Defend_G","Survivor","Neutralize+1","Slice","Injury","Cloak And Dagger","Doubt","Adrenaline","Noxious Fumes+1","Deadly Poison","Crippling Poison"],"relics":["Ring of the Snake","NeowsBlessing","Golden Idol","Strange Spoon","Blue Candle","Odd Mushroom"],"acts_visited":["Exordium"],"potions_floor_usage":[11,11],"damage_taken":[{"damage":0,"enemies":"Jaw Worm","floor":1,"turns":1},{"damage":0,"enemies":"2 Louse","floor":3,"turns":1},{"damage":0,"enemies":"Small Slimes","floor":5,"turns":1},{"damage":7,"enemies":"Exordium Wildlife","floor":8,"turns":5},{"damage":44,"enemies":"The Mushroom Lair","floor":11,"turns":4},{"damage":18,"enemies":"Gremlin Nob","floor":13,"turns":3}],"seed_played":"-4149866348017163730","potions_obtained":[{"floor":3,"key":"LiquidBronze"},{"floor":8,"key":"DuplicationPotion"}],"is_trial":false,"path_per_floor":["M","?","M","?","M","R","$","M","T","R","?","?","E"],"character_chosen":"THE_SILENT","items_purchased":["Strange Spoon","Noxious Fumes"],"campfire_rested":0,"item_purchase_floors":[7,7],"current_hp_per_floor":[59,59,59,59,59,59,59,52,52,52,8,8,0,0],"gold":102,"neow_bonus":"THREE_ENEMY_KILL","is_daily":false,"chose_seed":false,"campfire_upgraded":2,"win_rate":0.0,"timestamp":1612158367,"path_taken":["M","?","M","?","M","R","$","M","T","R","?","?","E"],"items_purchased_type":["Relic","Card"],"build_version":"2020-12-22","purchased_purges":0,"victory":false,"max_hp_per_floor":[66,66,66,66,66,66,66,66,66,66,66,66,66,66],"relic_stats":{"Strange Spoon":[1],"counters":[6,15],"Golden Idol":16,"Blue Candle":[0],"obtain_stats":[{"Strange Spoon":7,"NeowsBlessing":0,"Golden Idol":2,"Blue Candle":9,"Odd Mushroom":11,"Ring of the Snake":0},{"Strange Spoon":3,"NeowsBlessing":0,"Golden Idol":1,"Blue Candle":4,"Odd Mushroom":5,"Ring of the Snake":0},{"Strange Spoon":3,"NeowsBlessing":0,"Golden Idol":1,"Blue Candle":8,"Odd Mushroom":12,"Ring of the Snake":0}],"Ring of the Snake":[12]},"card_choices":[{"not_picked":["Deflect","Eviscerate"],"picked":"Slice","floor":1},{"not_picked":["Backflip","Slice"],"picked":"Cloak And Dagger","floor":3},{"not_picked":["PiercingWail","Slice"],"picked":"Adrenaline","floor":5},{"not_picked":["Riddle With Holes","Prepared"],"picked":"Deadly Poison","floor":8},{"not_picked":["Backflip","Dagger Throw"],"picked":"Crippling Poison","floor":11}],"player_experience":679331,"relics_obtained":[{"floor":9,"key":"Blue Candle"},{"floor":11,"key":"Odd Mushroom"}],"event_choices":[{"damage_healed":0,"gold_gain":0,"player_choice":"Take Wound","damage_taken":0,"relics_obtained":["Golden Idol"],"max_hp_gain":0,"max_hp_loss":0,"event_name":"Golden Idol","floor":2,"gold_loss":0,"cards_obtained":["Injury"]},{"damage_healed":0,"gold_gain":150,"player_choice":"AGREE","damage_taken":0,"max_hp_gain":0,"max_hp_loss":0,"event_name":"Liars Game","floor":4,"gold_loss":0,"cards_obtained":["Doubt"]},{"damage_healed":0,"gold_gain":0,"player_choice":"Fought Mushrooms","damage_taken":0,"max_hp_gain":0,"max_hp_loss":0,"event_name":"Mushrooms","floor":11,"gold_loss":0},{"damage_healed":0,"gold_gain":0,"player_choice":"Searched \u00270\u0027 times","damage_taken":0,"max_hp_gain":0,"max_hp_loss":0,"event_name":"Dead Adventurer","floor":12,"gold_loss":0}],"is_beta":false,"boss_relics":[],"items_purged_floors":[],"is_endless":false,"potions_floor_spawned":[3,8],"killed_by":"Gremlin Nob","ascension_level":19}}