{"host":"2zjdcgw4be5n15ja","time":1612171592,"event":{"mods":["2.2 Compatiblity","AchievementEnabler","BaseMod","Bestiary","Better Skull","Better Third Choice","BetterRewards","Colored Powertips","Downfall","Hermit","Marisa????????","Marked Mod","Minty Spire (QoL Compilation)","Quick Restart","Rare Cards Sparkle","Reimu??????","Relic Stats","Reliquary","Replay The Spire","StSLib","The Bug Knight","The Problem Sleuth","The Runesmith"],"gold_per_floor":[116,116,116,27,27,62,0,41,67,30,30,30,30,46,46,166,166,190,208,285,285,285],"floor_reached":21,"language":"ENG","playtime":2099,"items_purged":[],"score":217,"play_id":"9b394fac-c3b1-4eee-9e1f-b9ba59419ea0","local_time":"20210201222632","is_ascension_mode":true,"campfire_choices":[{"floor":11,"key":"REST"},{"floor":13,"key":"REST"},{"floor":15,"key":"REST"}],"circlet_count":0,"master_deck":["Strike_G","Strike_G","Strike_G","Strike_G","Strike_G","Defend_G","Defend_G","Defend_G","Defend_G","Defend_G","Survivor","Poisoned Stab","Injury","Footwork","Slice","Slice","Bane","Catalyst","Enlightenment","Blade Dance","Backflip","Backflip","ReplayTheSpireMod:Shiv Toss","Finisher","Deadly Poison","Cloak And Dagger","A Thousand Cuts","Bane","Toxin Wave+1"],"relics":["Ring of the Snake","Golden Idol","reliquary:JackalopeAntler","Blood Vial","Dream Catcher","Divine Protection"],"acts_visited":["Exordium","TheCity"],"potions_floor_usage":[8,12,14,16,19],"damage_taken":[{"damage":2,"enemies":"Small Slimes","floor":1,"turns":4},{"damage":30,"enemies":"Lagavulin","floor":6,"turns":7},{"damage":44,"enemies":"3 Sentries","floor":8,"turns":11},{"damage":4,"enemies":"Jaw Worm","floor":14,"turns":2},{"damage":70,"enemies":"The Guardian","floor":16,"turns":9},{"damage":44,"enemies":"Shell Parasite","floor":18,"turns":9},{"damage":42,"enemies":"2 Thieves","floor":19,"turns":4},{"damage":24,"enemies":"Cultist and Chosen","floor":21,"turns":6}],"seed_played":"-8970084484229742648","potions_obtained":[{"floor":6,"key":"AttackPotion"},{"floor":12,"key":"Cursed Concoction"},{"floor":12,"key":"Fruit Juice"},{"floor":12,"key":"SneckoOil"},{"floor":16,"key":"Poison Potion"}],"is_trial":false,"path_per_floor":["M","?","?","$","?","E","?","E","T","$","R","?","R","M","R","B",null,"M","M","T","M"],"character_chosen":"THE_SILENT","items_purchased":["Slice","Bane","Backflip"],"campfire_rested":3,"item_purchase_floors":[4,4,10],"current_hp_per_floor":[75,75,75,75,75,45,51,7,7,7,31,36,62,60,86,18,88,44,4,4,0,0],"gold":285,"neow_bonus":"TEN_PERCENT_HP_BONUS","is_daily":false,"chose_seed":false,"campfire_upgraded":0,"win_rate":0.0,"timestamp":1612171592,"path_taken":["M","?","?","$","?","E","?","E","T","?","R","?","R","M","R","BOSS","M","?","?","?"],"items_purchased_type":["Card","Card","Card"],"build_version":"2020-12-22","purchased_purges":0,"victory":false,"max_hp_per_floor":[77,77,77,77,77,77,83,83,83,83,83,88,88,88,88,88,88,88,88,88,88,88],"relic_stats":{"Blood Vial":8,"Dream Catcher":3,"counters":[8,52],"Golden Idol":51,"obtain_stats":[{"reliquary:JackalopeAntler":6,"Blood Vial":8,"Divine Protection":20,"Dream Catcher":9,"Golden Idol":2,"Ring of the Snake":0},{"reliquary:JackalopeAntler":2,"Blood Vial":3,"Divine Protection":7,"Dream Catcher":3,"Golden Idol":1,"Ring of the Snake":0},{"reliquary:JackalopeAntler":11,"Blood Vial":22,"Divine Protection":46,"Dream Catcher":22,"Golden Idol":4,"Ring of the Snake":0}],"Ring of the Snake":[16]},"card_choices":[{"not_picked":["PiercingWail","Endless Agony"],"picked":"Poisoned Stab","floor":1},{"not_picked":["Deflect","Venomology"],"picked":"Catalyst","floor":6},{"not_picked":["Accuracy","Dodge and Roll"],"picked":"Blade Dance","floor":8},{"not_picked":["Backflip","Dash"],"picked":"ReplayTheSpireMod:Shiv Toss","floor":11},{"not_picked":["PiercingWail","Backflip"],"picked":"Finisher","floor":13},{"not_picked":["ReplayTheSpireMod:Speed Training","PiercingWail"],"picked":"Deadly Poison","floor":14},{"not_picked":["Flying Knee","ReplayTheSpireMod:Tripwire"],"picked":"Cloak And Dagger","floor":15},{"not_picked":["Poison Darts","Die Die Die"],"picked":"A Thousand Cuts","floor":16},{"not_picked":["Slice","ReplayTheSpireMod:Speed Training"],"picked":"Bane","floor":18},{"not_picked":["All Out Attack","Bane"],"picked":"Toxin Wave+1","floor":19}],"player_experience":373743,"relics_obtained":[{"floor":6,"key":"reliquary:JackalopeAntler"},{"floor":8,"key":"Blood Vial"},{"floor":9,"key":"Dream Catcher"},{"floor":20,"key":"Divine Protection"}],"event_choices":[{"damage_healed":0,"gold_gain":0,"player_choice":"Take Wound","damage_taken":0,"relics_obtained":["Golden Idol"],"max_hp_gain":0,"max_hp_loss":0,"event_name":"Golden Idol","floor":2,"gold_loss":0,"cards_obtained":["Injury"]},{"damage_healed":0,"gold_gain":0,"cards_transformed":["Neutralize"],"player_choice":"Change","damage_taken":0,"max_hp_gain":0,"max_hp_loss":0,"event_name":"Living Wall","floor":3,"gold_loss":0,"cards_obtained":["Footwork"]},{"damage_healed":0,"gold_gain":0,"player_choice":"RENOUNCE","damage_taken":62,"max_hp_gain":0,"max_hp_loss":0,"event_name":"betterThird:BetterSerpent","floor":7,"gold_loss":62,"cards_obtained":["Enlightenment"]},{"damage_healed":0,"gold_gain":0,"player_choice":"Got Potions","damage_taken":0,"max_hp_gain":0,"max_hp_loss":0,"event_name":"Lab","floor":12,"gold_loss":0}],"is_beta":false,"boss_relics":[{"not_picked":["reliquary:KinkedSpring","Velvet Choker","Philosopher\u0027s Stone"]}],"items_purged_floors":[],"is_endless":false,"potions_floor_spawned":[6,16],"killed_by":"Cultist and Chosen","ascension_level":1}}