{"host":"4kmvpqjeiacgn1pr","time":1612221596,"event":{"mods":["AchievementEnabler","BaseMod","Better Altar","Better Match","Better Note","Better Sensory Stone","Better Skull","Better Third Choice","Colored Map","Colored Powertips","Curses Come First","Downfall","Highlight Path","Infinite Spire","Minty Spire (QoL Compilation)","Permanent Neow","Quick Restart","Rare Cards Sparkle","Replay The Spire","Shop Mod","Spicy Shops","Spikes Relics","StSLib","Waifu the Spire"],"gold_per_floor":[14,14,101,55,70,70,70,70],"floor_reached":7,"language":"ENG","playtime":179,"items_purged":[],"score":59,"play_id":"fdc0a97f-8e47-42f2-94d0-dab9a02b3136","local_time":"20210201181956","is_ascension_mode":true,"campfire_choices":[{"data":"BlessedFruit","floor":6,"key":"SMITH"}],"circlet_count":0,"master_deck":["AscendersBane","Strike_G","Strike_G","Strike_G","Strike_G","Defend_G","Defend_G","Defend_G","Defend_G","Defend_G","Survivor","Neutralize","BlessedFruit","BlessedFruit+1","Flying Knee","Dagger Throw"],"relics":["Ring of the Snake","HeavenlyBonsai","ReplayFunnel","betterThird:SlimedRelic"],"acts_visited":["Exordium"],"potions_floor_usage":[5],"damage_taken":[{"damage":3,"enemies":"2 Louse","floor":1,"turns":3},{"damage":2,"enemies":"Small Slimes","floor":5,"turns":3},{"damage":15,"enemies":"Lagavulin","floor":7,"turns":3}],"seed_played":"-3800400300633539476","potions_obtained":[{"floor":1,"key":"DistilledChaos"}],"is_trial":false,"path_per_floor":["M","?","?","?","M","R","E"],"character_chosen":"THE_SILENT","items_purchased":[],"campfire_rested":0,"item_purchase_floors":[],"current_hp_per_floor":[62,55,27,16,16,16,4,4],"gold":70,"neow_bonus":"ONE_RARE_RELIC","is_daily":false,"chose_seed":false,"campfire_upgraded":1,"win_rate":0.0,"timestamp":1612221596,"path_taken":["M","?","?","?","M","R","E"],"items_purchased_type":[],"build_version":"2020-12-22","purchased_purges":0,"victory":false,"max_hp_per_floor":[72,72,72,72,74,74,77,77],"card_choices":[{"not_picked":["Tactician","Bane","Quick Slash"],"picked":"SKIP","floor":1},{"not_picked":["Riddle With Holes","Crippling Poison"],"picked":"Flying Knee","floor":3},{"not_picked":["Dodge and Roll","Poisoned Stab"],"picked":"Dagger Throw","floor":3},{"not_picked":["PiercingWail","Hidden Blade","Cloak And Dagger"],"picked":"SKIP","floor":5}],"player_experience":412161,"relics_obtained":[{"floor":3,"key":"ReplayFunnel"}],"event_choices":[{"cards_removed":["Strike_G"],"damage_healed":0,"gold_gain":0,"player_choice":"Card Removal","damage_taken":7,"max_hp_gain":0,"max_hp_loss":0,"event_name":"Golden Wing","floor":2,"gold_loss":0},{"damage_healed":0,"gold_gain":0,"player_choice":"Slimed","damage_taken":11,"max_hp_gain":0,"max_hp_loss":0,"event_name":"betterThird:BetterGoop","floor":4,"gold_loss":46}],"is_beta":false,"boss_relics":[],"items_purged_floors":[],"is_endless":false,"potions_floor_spawned":[1],"killed_by":"Lagavulin","ascension_level":10}}