{"host":"8j9942ssdstg70ua","time":1612157886,"event":{"mods":["BaseMod","Colored Map","Downfall","Minty Spire (QoL Compilation)","Relic Sorter","StSLib"],"gold_per_floor":[99,117,117,34,60,72,72,72,98,98,98,98,117,147,161,265,265,165,177,196,210,220,236,263,288,53,53,53,53,53],"floor_reached":28,"language":"ENG","playtime":2133,"items_purged":["bronze:Strike"],"score":248,"play_id":"64bebb10-71af-4a11-9d83-0831f51210f9","local_time":"20210131213806","is_ascension_mode":false,"campfire_choices":[{"data":"bronze:Goto","floor":1.0,"key":"SMITH"},{"data":"bronze:ItsAFeature","floor":10.0,"key":"SMITH"},{"floor":12.0,"key":"REST"},{"floor":18.0,"key":"DIG"}],"circlet_count":0,"master_deck":["bronze:Strike","bronze:Strike","bronze:Strike","bronze:Defend","bronze:Defend","bronze:Defend","bronze:Defend","bronze:Replicate","bronze:Goto+1","bronze:Iterate","bronze:ItsAFeature+1","bronze:ItsAFeature","bronze:Format","bronze:Break","bronze:Repulsor","bronze:DelayedSlice","bronze:Break","bronze:BugBarrage","bronze:Fortify","bronze:BronzeOrb","Writhe"],"relics":["bronze:BronzeCore","Boot","Girya","bronze:BottledCode","Pear","Shovel","SlaversCollar","downfall:HeartBlessingBlue","Ancient Tea Set","MealTicket","Calipers","Sling","Frozen Egg 2"],"acts_visited":["Exordium","TheCity"],"potions_floor_usage":[25,25,25,25,25,25],"damage_taken":[{"damage":1.0,"enemies":"Cultist","floor":2.0,"turns":3.0},{"damage":5.0,"enemies":"downfall:FleeingMerchant","floor":4.0,"turns":4.0},{"damage":12.0,"enemies":"2 Louse","floor":6.0,"turns":2.0},{"damage":14.0,"enemies":"Gremlin Nob","floor":9.0,"turns":3.0},{"damage":1.0,"enemies":"Jaw Worm","floor":13.0,"turns":2.0},{"damage":8.0,"enemies":"3 Sentries","floor":14.0,"turns":4.0},{"damage":3.0,"enemies":"Red Slaver","floor":15.0,"turns":2.0},{"damage":33.0,"enemies":"DF_ARCHETYPE_STREAMLINE","floor":16.0,"turns":6.0},{"damage":4.0,"enemies":"Spheric Guardian","floor":19.0,"turns":3.0},{"damage":15.0,"enemies":"Chosen","floor":20.0,"turns":4.0},{"damage":8.0,"enemies":"Centurion and Healer","floor":21.0,"turns":6.0},{"damage":12.0,"enemies":"Cultist and Chosen","floor":22.0,"turns":4.0},{"damage":10.0,"enemies":"3 Cultists","floor":23.0,"turns":4.0},{"damage":10,"enemies":"Gremlin Leader","floor":25,"turns":5},{"damage":12,"enemies":"downfall:FleeingMerchant","floor":26,"turns":4},{"damage":24,"enemies":"Centurion and Healer","floor":28,"turns":4}],"seed_played":"573994225790109767","potions_obtained":[{"floor":2.0,"key":"SteroidPotion"},{"floor":3.0,"key":"champ:CounterPotion"},{"floor":3.0,"key":"ColorlessPotion"},{"floor":13.0,"key":"EntropicBrew"},{"floor":16.0,"key":"Dexterity Potion"},{"floor":19.0,"key":"SneckoOil"},{"floor":21.0,"key":"bronze:BurnAndBuffPotion"}],"is_trial":false,"path_per_floor":["R","M","?","$","T","M","T","?","E","R","?","R","M","E","M","B",null,"R","M","M","M","M","M","T","E","$","?","M"],"character_chosen":"THE_AUTOMATON","items_purchased":["bronze:ItsAFeature","Sling"],"campfire_rested":1,"item_purchase_floors":[4,26],"current_hp_per_floor":[70,69,69,64,64,52,52,52,48,48,48,69,68,60,57,24,70,80,76,61,53,41,31,31,21,24,24,0,0,0],"gold":53,"neow_bonus":"RANDOM_COMMON_RELIC","is_daily":false,"chose_seed":false,"campfire_upgraded":2,"win_rate":0.0,"timestamp":1612157886,"path_taken":["R","M","?","$","?","M","T","?","E","R","?","R","?","E","M","BOSS","R","M","M","M","M","M","T","E","$","?","M"],"items_purchased_type":["Card","Relic"],"build_version":"2020-12-22","purchased_purges":1,"victory":false,"max_hp_per_floor":[70,70,70,70,70,70,70,60,70,70,70,70,70,70,70,70,70,80,80,80,80,80,80,80,80,80,80,80,80,80],"card_choices":[{"not_picked":["bronze:Flail","bronze:Deprecate","bronze:Overheat"],"picked":"SKIP","floor":2.0},{"not_picked":["bronze:GetLatest","bronze:DarkDash"],"picked":"bronze:Iterate","floor":4.0},{"not_picked":["bronze:BurnOut","bronze:BuggyMess"],"picked":"bronze:ItsAFeature","floor":6.0},{"not_picked":["bronze:Frontload","bronze:WhirlingStrike"],"picked":"bronze:Format","floor":9.0},{"not_picked":["bronze:NullPointer","bronze:ChosenStrike","bronze:Turbo"],"picked":"SKIP","floor":13.0},{"not_picked":["bronze:Branch","bronze:Turbo"],"picked":"bronze:Repulsor","floor":14.0},{"not_picked":["bronze:Branch","bronze:WildBeam"],"picked":"bronze:DelayedSlice","floor":15.0},{"not_picked":["bronze:HyperBeam","bronze:HardenedForm"],"picked":"bronze:Break","floor":16.0},{"not_picked":["bronze:DigitalCarnage+1","bronze:CloningBeam","bronze:Frontload"],"picked":"SKIP","floor":19.0},{"not_picked":["bronze:ItsAFeature+1","bronze:FineTuning"],"picked":"bronze:BugBarrage","floor":20.0},{"not_picked":["bronze:BitShift+1","bronze:WhirlingStrike","bronze:DigitalCarnage+1"],"picked":"SKIP","floor":21.0},{"not_picked":["bronze:CloningBeam","bronze:Frontload","bronze:Boost"],"picked":"SKIP","floor":22.0},{"not_picked":["bronze:DarkDash","bronze:Frontload"],"picked":"bronze:Fortify","floor":23.0},{"not_picked":["bronze:Boost","bronze:CutThrough","bronze:FindAndReplace"],"picked":"SKIP","floor":25},{"not_picked":["bronze:DelayedSlice","bronze:Branch+1"],"picked":"bronze:BronzeOrb","floor":26}],"player_experience":33563,"relics_obtained":[{"floor":7.0,"key":"Girya"},{"floor":9.0,"key":"Pear"},{"floor":14.0,"key":"Shovel"},{"floor":18.0,"key":"Ancient Tea Set"},{"floor":24.0,"key":"MealTicket"},{"floor":25,"key":"Calipers"}],"event_choices":[{"damage_healed":0.0,"max_hp_gain":0.0,"max_hp_loss":0.0,"gold_gain":0.0,"event_name":"Lab","player_choice":"Got Potions","floor":3.0,"gold_loss":0.0,"damage_taken":0.0}],"is_beta":false,"boss_relics":[{"not_picked":["Tiny House","SacredBark"],"picked":"SlaversCollar"}],"items_purged_floors":[26],"is_endless":false,"potions_floor_spawned":[2,13,14,16,19,20,21],"killed_by":"Centurion and Healer","ascension_level":0}}