{"host":"2se5dq1do2gp0x9k","time":1612162743,"event":{"mods":["AchievementEnabler","BaseMod","Block Reminder","Colored Map","Colored Powertips","Minty Spire (QoL Compilation)","Relic Stats","StSLib","SuperFastMode"],"gold_per_floor":[118,118,133,148,166,166,198,198,198,209,209,245,245,56,56,56,56],"floor_reached":16,"language":"ENG","playtime":381,"items_purged":[],"score":200,"play_id":"60ab4851-4433-416d-abf5-ac4c12d6247d","local_time":"20210131225903","is_ascension_mode":true,"campfire_choices":[{"data":"Zap","floor":6,"key":"SMITH"},{"data":"Doom and Gloom","floor":8,"key":"SMITH"},{"floor":15,"key":"REST"}],"circlet_count":0,"master_deck":["AscendersBane","Strike_B","Strike_B","Strike_B","Strike_B","Defend_B","Defend_B","Defend_B","Defend_B+1","Zap+1","Dualcast","Compile Driver","Self Repair","Glacier+1","Doom and Gloom+1","Capacitor","Hologram","Hologram"],"relics":["Cracked Core","NeowsBlessing","Dead Branch","Calipers","Golden Idol","Odd Mushroom","War Paint"],"acts_visited":["Exordium"],"potions_floor_usage":[7,16],"damage_taken":[{"damage":0,"enemies":"Jaw Worm","floor":1,"turns":1},{"damage":0,"enemies":"Small Slimes","floor":3,"turns":1},{"damage":0,"enemies":"2 Louse","floor":4,"turns":1},{"damage":23,"enemies":"Exordium Thugs","floor":5,"turns":4},{"damage":33,"enemies":"Lagavulin","floor":7,"turns":10},{"damage":1,"enemies":"Large Slime","floor":10,"turns":6},{"damage":24,"enemies":"The Mushroom Lair","floor":12,"turns":4},{"damage":36,"enemies":"Hexaghost","floor":16,"turns":9}],"seed_played":"717794207583225800","potions_obtained":[{"floor":5,"key":"DuplicationPotion"},{"floor":7,"key":"FearPotion"},{"floor":13,"key":"LiquidBronze"}],"is_trial":false,"path_per_floor":["M","?","M","M","M","R","E","R","T","M","?","?","?","$","R","B"],"character_chosen":"DEFECT","items_purchased":["Hologram","War Paint"],"campfire_rested":1,"item_purchase_floors":[14,14],"current_hp_per_floor":[64,69,69,69,53,53,27,27,27,33,33,16,16,16,36,0,0],"gold":56,"neow_bonus":"THREE_ENEMY_KILL","is_daily":false,"chose_seed":false,"campfire_upgraded":2,"win_rate":0.0,"timestamp":1612162743,"path_taken":["M","?","M","M","M","R","E","R","T","M","?","?","?","$","R","BOSS"],"items_purchased_type":["Card","Relic"],"build_version":"2020-12-22","purchased_purges":0,"victory":false,"max_hp_per_floor":[71,76,76,76,76,76,76,76,76,76,69,69,69,69,69,69,69],"relic_stats":{"counters":[8,36],"Golden Idol":7,"Dead Branch":[4],"War Paint":["Defend_B","Glacier"],"obtain_stats":[{"Calipers":9,"NeowsBlessing":0,"Golden Idol":11,"Dead Branch":7,"Odd Mushroom":12,"War Paint":14,"Cracked Core":0},{"Calipers":5,"NeowsBlessing":0,"Golden Idol":6,"Dead Branch":5,"Odd Mushroom":7,"War Paint":7,"Cracked Core":0},{"Calipers":17,"NeowsBlessing":0,"Golden Idol":23,"Dead Branch":17,"Odd Mushroom":27,"War Paint":27,"Cracked Core":0}]},"card_choices":[{"not_picked":["Stack","Redo"],"picked":"Compile Driver","floor":1},{"not_picked":["Redo","Leap"],"picked":"Self Repair","floor":3},{"not_picked":["Double Energy","Auto Shields","Recycle"],"picked":"SKIP","floor":4},{"not_picked":["Self Repair","Storm"],"picked":"Glacier","floor":5},{"not_picked":["Turbo","Skim"],"picked":"Doom and Gloom","floor":7},{"not_picked":["Darkness","Rebound"],"picked":"Capacitor","floor":10},{"not_picked":["Reboot","Go for the Eyes"],"picked":"Hologram","floor":12}],"player_experience":4042402,"relics_obtained":[{"floor":7,"key":"Dead Branch"},{"floor":9,"key":"Calipers"},{"floor":12,"key":"Odd Mushroom"}],"event_choices":[{"damage_healed":0,"gold_gain":0,"player_choice":"Donut","damage_taken":0,"max_hp_gain":5,"max_hp_loss":0,"event_name":"Big Fish","floor":2,"gold_loss":0},{"damage_healed":0,"gold_gain":0,"player_choice":"Lose Max HP","damage_taken":0,"relics_obtained":["Golden Idol"],"max_hp_gain":0,"max_hp_loss":7,"event_name":"Golden Idol","floor":11,"gold_loss":0},{"damage_healed":0,"gold_gain":0,"player_choice":"Fought Mushrooms","damage_taken":0,"max_hp_gain":0,"max_hp_loss":0,"event_name":"Mushrooms","floor":12,"gold_loss":0},{"damage_healed":0,"gold_gain":0,"player_choice":"Got Potions","damage_taken":0,"max_hp_gain":0,"max_hp_loss":0,"event_name":"Lab","floor":13,"gold_loss":0}],"is_beta":false,"boss_relics":[],"items_purged_floors":[],"is_endless":false,"potions_floor_spawned":[5,7],"killed_by":"Hexaghost","ascension_level":20}}