{"host":"xjs3b8lu14idcd3l","time":1612152554,"event":{"mods":["Act Like it!","BaseMod","CapriCore","Friendly Minions","Gensokyo","Kiyohime£®«Âºß£©","Koishi","Marisa£®ÏF”Í°°ƒß¿Ì…≥£©","Minty Spire (QoL Compilation)","Prisma Mod","Reimu£®≤©¿ˆ¡È√Œ£©","Remilia£®¿Ÿ√◊¿Ú—«£©","Replay The Spire","StSLib","The Administrix","The Immortal","The Servant 0.9.4","Yakumo Yukari mod","Youmu£®ªÍ∆«—˝√Œ£©","Yuyuko"],"gold_per_floor":[130,142,142,190,202,14,39,39,39,53,84,97,125,139,139,241,241,251,264,284,244,135,160,176,193,193,222,235,235,18,36,36,135,185,195,195,207,226,243,253,271,297,322,322,356,371,390,406,406,406],"floor_reached":51,"language":"ZHS","playtime":2402,"items_purged":["AT_purpleEX"],"score":904,"play_id":"8d89da57-f33d-4ee4-ab48-c65801147099","local_time":"20210201120914","is_ascension_mode":false,"campfire_choices":[{"data":"AdvanceAttack_purple","floor":8,"key":"SMITH"},{"data":"CommonSense_AntiCommonSense_purple","floor":15,"key":"SMITH"},{"data":"Know_ledgeAbilityRealm_purple","floor":29,"key":"SMITH"},{"data":"Boundary_of_Extermination_purpleEX","floor":32,"key":"SMITH"},{"data":"WatchEChange_purple","floor":44,"key":"SMITH"},{"data":"NB:ReiMu","floor":49,"key":"SMITH"}],"circlet_count":0,"master_deck":["AT_purpleEX","AT_purpleEX","AT_purpleEX","Defend_purpleEX","Defend_purpleEX","Defend_purpleEX","Defend_purpleEX","Observe_purple_1","Observe_purple_2","AdvanceAttack_purple+1","Photoelasticity_Doppler_Effect_purple","DarkRealmRedLine_purple","AdvanceAttack_purple","RuleDissolution_purple","WangLiang_LineAndCurveDreams_purple","Charmbait_purple","CommonSense_AntiCommonSense_purple+1","Know_ledgeAbilityRealm_purple+1","MNeedle_purple","Shallow_ocean_purpleEX","WatchEChange_purple+1","WorldDissolvedintheRealm_purple","Boundary_of_Extermination_purpleEX+1","StateErode_purple+1","Shallow_ocean_purpleEX","Anti_communist_purple","MeetDecomposer_purple","Boundary_of_Extermination_purpleEX+1","ReplayTheSpireMod:Brewmster","Shallow_ocean_purpleEX","Monsters_DoubleDeathButterfly_purple","Photoelasticity_Doppler_Effect_purple+1","Line_surface_state_purple+1","NB:ReiMu+1","Shallow_ocean_purpleEX+1","SharpContractionReality_purple+1","RuptureOfTimeAndSpace_purple","Mirror_FourBoundary_purple","DarkRealmRedLine_purple","StateErode_purple+1","Mirror_FourBoundary_purple","Realm_recovery_purpleEX+1","Umbrella_purple+1","RealityDreamConfluencek_purple+1"],"relics":["Boundary_crack","Memoryfragments_purpleEX","NeowsBlessing","Toy Ornithopter","TheAbacus","Vajra","Shuriken","Incense Burner","Gambling Chip","Replay:Bronze Core","Pear","Bag of Preparation","Blue Doll","Tiny House","StrikeDummy","Simple Rune","Mercury Hourglass"],"acts_visited":["Exordium","TheCity","TheBeyond"],"potions_floor_usage":[7,11,13,31,31,33,33,33,33,35,37,38,41,50,50,50],"damage_taken":[{"damage":0,"enemies":"2 Louse","floor":1,"turns":1},{"damage":0,"enemies":"Jaw Worm","floor":2,"turns":1},{"damage":0,"enemies":"Cultist","floor":5,"turns":1},{"damage":45,"enemies":"Lagavulin","floor":7,"turns":6},{"damage":0,"enemies":"Exordium Thugs","floor":10,"turns":5},{"damage":22,"enemies":"Gremlin Nob","floor":11,"turns":3},{"damage":4,"enemies":"Gremlin Gang","floor":12,"turns":4},{"damage":14,"enemies":"Lagavulin","floor":13,"turns":4},{"damage":2,"enemies":"Red Slaver","floor":14,"turns":3},{"damage":8,"enemies":"Hexaghost","floor":16,"turns":8},{"damage":17,"enemies":"2 Thieves","floor":18,"turns":3},{"damage":10,"enemies":"Chosen","floor":19,"turns":3},{"damage":14,"enemies":"Snake Plant","floor":20,"turns":3},{"damage":14,"enemies":"Gremlin Leader","floor":23,"turns":4},{"damage":0,"enemies":"Cultist and Chosen","floor":24,"turns":4},{"damage":0,"enemies":"3 Cultists","floor":25,"turns":3},{"damage":6,"enemies":"Replay:Snechameleon","floor":27,"turns":3},{"damage":0,"enemies":"Snecko","floor":28,"turns":1},{"damage":0,"enemies":"Snake Plant","floor":31,"turns":3},{"damage":14,"enemies":"Collector","floor":33,"turns":5},{"damage":0,"enemies":"3 Darklings","floor":35,"turns":2},{"damage":0,"enemies":"3 Shapes","floor":37,"turns":1},{"damage":0,"enemies":"Jaw Worm Horde","floor":38,"turns":1},{"damage":0,"enemies":"Sphere and 2 Shapes","floor":39,"turns":1},{"damage":0,"enemies":"Transient","floor":40,"turns":5},{"damage":0,"enemies":"Maw","floor":41,"turns":5},{"damage":14,"enemies":"Nemesis","floor":42,"turns":3},{"damage":0,"enemies":"Reptomancer","floor":45,"turns":1},{"damage":0,"enemies":"Jaw Worm Horde","floor":46,"turns":1},{"damage":0,"enemies":"Writhing Mass","floor":47,"turns":1},{"damage":0,"enemies":"Sphere and 2 Shapes","floor":48,"turns":1},{"damage":42,"enemies":"Time Eater","floor":50,"turns":3}],"seed_played":"4281691056710130236","potions_obtained":[{"floor":5,"key":"Adrenaline Potion"},{"floor":10,"key":"RealmPotion"},{"floor":12,"key":"BlessingOfTheForge"},{"floor":13,"key":"GamblersBrew"},{"floor":14,"key":"Elixir"},{"floor":20,"key":"Strength Potion"},{"floor":21,"key":"Adrenaline Potion"},{"floor":21,"key":"LiquidBronze"},{"floor":31,"key":"Regen Potion"},{"floor":33,"key":"AttackPotion"},{"floor":34,"key":"LiquidBronze"},{"floor":35,"key":"Dexterity Potion"},{"floor":37,"key":"EssenceOfSteel"},{"floor":41,"key":"Explosive Potion"}],"is_trial":false,"path_per_floor":["M","M","?","T","M","$","E","R","T","M","E","M","E","M","R","B",null,"M","M","M","?","$","E","M","M","T","E","M","R","$","M","R","B",null,"M","?","M","M","M","M","M","E","T","R","E","M","M","M","R","B",null],"character_chosen":"Youkari","items_purchased":["Mirror_FourBoundary_purple","TheAbacus","WorldDissolvedintheRealm_purple","Boundary_of_Extermination_purpleEX","ReplayTheSpireMod:Brewmster"],"campfire_rested":0,"item_purchase_floors":[6,6,22,30,30],"current_hp_per_floor":[70,70,70,70,70,70,28,28,28,30,19,24,25,28,28,30,70,57,55,46,46,46,44,49,55,55,54,54,54,54,70,70,80,85,85,85,85,85,85,85,85,73,73,73,73,75,76,77,77,59],"gold":406,"neow_bonus":"THREE_ENEMY_KILL","is_daily":false,"chose_seed":false,"campfire_upgraded":6,"win_rate":0.0,"timestamp":1612152554,"path_taken":["M","M","?","?","M","?","E","R","T","M","E","M","E","M","R","BOSS","M","M","?","?","$","E","M","?","T","E","M","R","?","M","R","BOSS","M","?","M","M","M","M","M","E","T","R","E","M","?","M","R","BOSS"],"items_purchased_type":["Card","Relic","Card","Card","Card"],"build_version":"2020-12-22","purchased_purges":1,"victory":true,"max_hp_per_floor":[70,70,70,70,70,70,70,70,70,70,70,70,70,70,70,70,70,70,70,70,70,70,80,80,80,80,80,80,80,80,80,80,80,85,85,85,85,85,85,85,85,85,85,85,85,85,85,85,85,85],"card_choices":[{"not_picked":["ExistenceContinue_purple","Line_surface_state_purple"],"picked":"AdvanceAttack_purple","floor":1},{"not_picked":["Boundary_ObjectiveBoundary_purple","SharpContractionReality_purple","Extrememeaning_purpleEX"],"picked":"SKIP","floor":2},{"not_picked":["Monsters_DoubleDeathButterfly_purple","ExternalForce_HighSpeedFlying_purple"],"picked":"Photoelasticity_Doppler_Effect_purple","floor":5},{"not_picked":["MeetDecomposer_purple","Shallow_ocean_purpleEX"],"picked":"DarkRealmRedLine_purple","floor":7},{"not_picked":["ExistenceContinue_purple","Bait_Toxicbait_purple"],"picked":"AdvanceAttack_purple","floor":10},{"not_picked":["SfantasyHide_purple","ExistenceContinue_purple"],"picked":"RuleDissolution_purple","floor":11},{"not_picked":["MonsterNeedle_purple","OmniscientAndOmnipotent_Monster_purple"],"picked":"WangLiang_LineAndCurveDreams_purple","floor":12},{"not_picked":["WatchEChange_purple","Photoelasticity_Doppler_Effect_purple"],"picked":"Charmbait_purple","floor":13},{"not_picked":["OmniscientAndOmnipotent_Monster_purple","StateErode_purple"],"picked":"CommonSense_AntiCommonSense_purple","floor":14},{"not_picked":["D_absorption_purple","Fancifulhole_purple"],"picked":"Know_ledgeAbilityRealm_purple","floor":16},{"not_picked":["ExistenceContinue_purple+1","AdvanceAttack_purple+1"],"picked":"MNeedle_purple","floor":18},{"not_picked":["ButterflyHabitatTemple_purple","Mirror_FormAndEmptin_purple+1"],"picked":"Shallow_ocean_purpleEX","floor":19},{"not_picked":["OmniscientAndOmnipotent_Monster_purple","PositiveMatter_Antimatter_Universe_purple"],"picked":"WatchEChange_purple","floor":20},{"not_picked":["StretchesForeverDream_purple+1","RuleDissolution_purple"],"picked":"Boundary_of_Extermination_purpleEX+1","floor":23},{"not_picked":["ButterflyHabitatTemple_purple","RuptureOfTimeAndSpace_purple+1"],"picked":"StateErode_purple+1","floor":24},{"not_picked":["Line_surface_state_purple","Umbrella_purple"],"picked":"Shallow_ocean_purpleEX","floor":25},{"not_picked":["UniverseChoice_purple","SharpContractionReality_purple"],"picked":"Anti_communist_purple","floor":27},{"not_picked":["Mirror_WaveAndshot_purple","SharpContractionReality_purple"],"picked":"MeetDecomposer_purple","floor":28},{"not_picked":["Realm_recovery_purpleEX+1","Worldmountain_purple+1"],"picked":"Shallow_ocean_purpleEX","floor":31},{"not_picked":["WangLiang_LineAndCurveDreams_purple","Boundary_LifeAndDeath_purple"],"picked":"Monsters_DoubleDeathButterfly_purple","floor":33},{"not_picked":["RuleDissolution_purple","Worldmountain_purple"],"picked":"Photoelasticity_Doppler_Effect_purple+1","floor":34},{"not_picked":["Mirror_Drifter_purple","RuleDissolution_purple"],"picked":"Line_surface_state_purple+1","floor":35},{"not_picked":["Worldmountain_purple","Umbrella_purple"],"picked":"Shallow_ocean_purpleEX+1","floor":37},{"not_picked":["Mirror_FormAndEmptin_purple","StateDuplicate_purple"],"picked":"SharpContractionReality_purple+1","floor":38},{"not_picked":["StateDuplicate_purple","Bait_Toxicbait_purple+1"],"picked":"RuptureOfTimeAndSpace_purple","floor":39},{"not_picked":["Realm_recovery_purpleEX+1","MeetDecomposer_purple"],"picked":"Mirror_FourBoundary_purple","floor":40},{"not_picked":["Umbrella_purple","Photoelasticity_Doppler_Effect_purple+1"],"picked":"DarkRealmRedLine_purple","floor":41},{"not_picked":["Charmbait_purple","Realm_recovery_purpleEX+1"],"picked":"StateErode_purple+1","floor":42},{"not_picked":["StateErode_purple","D_absorption_purple"],"picked":"Mirror_FourBoundary_purple","floor":45},{"not_picked":["ExistenceContinue_purple","Shallow_ocean_purpleEX"],"picked":"Realm_recovery_purpleEX+1","floor":46},{"not_picked":["Mirror_FormAndEmptin_purple+1","StretchesForeverDream_purple"],"picked":"Umbrella_purple+1","floor":47},{"not_picked":["Umbrella_purple+1","MeetDecomposer_purple"],"picked":"RealityDreamConfluencek_purple+1","floor":48}],"player_experience":207433,"relics_obtained":[{"floor":4,"key":"Toy Ornithopter"},{"floor":7,"key":"Vajra"},{"floor":9,"key":"Shuriken"},{"floor":11,"key":"Incense Burner"},{"floor":13,"key":"Gambling Chip"},{"floor":23,"key":"Pear"},{"floor":26,"key":"Bag of Preparation"},{"floor":27,"key":"Blue Doll"},{"floor":42,"key":"StrikeDummy"},{"floor":43,"key":"Simple Rune"},{"floor":45,"key":"Mercury Hourglass"}],"event_choices":[{"damage_healed":0,"gold_gain":0,"player_choice":"Ignored","damage_taken":0,"max_hp_gain":0,"max_hp_loss":0,"event_name":"Liars Game","floor":3,"gold_loss":0},{"damage_healed":0,"gold_gain":0,"player_choice":"Bought 3 Potions","damage_taken":0,"max_hp_gain":0,"max_hp_loss":0,"event_name":"The Woman in Blue","floor":21,"gold_loss":0},{"cards_removed":["Mirror_FourBoundary_purple"],"damage_healed":0,"gold_gain":0,"player_choice":"Took Card","damage_taken":0,"max_hp_gain":0,"max_hp_loss":0,"event_name":"NoteForYourself","floor":36,"gold_loss":0,"cards_obtained":["NB:ReiMu"]}],"is_beta":false,"boss_relics":[{"not_picked":["Velvet Choker","Runic Pyramid"],"picked":"Replay:Bronze Core"},{"not_picked":["Busted Crown","Replay:Drink Me"],"picked":"Tiny House"}],"items_purged_floors":[22],"is_endless":false,"potions_floor_spawned":[5,10,12,13,14,20,23,24,27,31,33,35,37,41,42],"ascension_level":0}}