{"host":"lv3zv4svf9qrs9uo","time":1612219301,"event":{"mods":["AchievementEnabler","BaseMod","Minty Spire (QoL Compilation)"],"gold_per_floor":[110,110,110,120,45,45,58,58,135,167,167,194,205,225,225,324,324,304,304,60,75,87,98,98,131,131,131,6,6,6,6],"floor_reached":30,"language":"ENG","playtime":2851,"items_purged":["Strike_G","Bouncing Flask","Concentrate"],"score":361,"play_id":"6ef092df-2127-442d-b546-6171e08d2383","local_time":"20210201144141","is_ascension_mode":true,"campfire_choices":[{"data":"Neutralize","floor":6,"key":"SMITH"},{"data":"Heel Hook","floor":8,"key":"SMITH"},{"floor":15,"key":"REST"},{"floor":24,"key":"REST"},{"floor":27,"key":"REST"}],"circlet_count":0,"master_deck":["Survivor","Neutralize+1","Eviscerate","Heel Hook+1","Terror","Envenom+1","Malaise","Backstab","A Thousand Cuts+1","Footwork+1","Malaise","Cloak And Dagger","PiercingWail+1"],"relics":["Ring of the Snake","Lizard Tail","HornCleat","Ginger","Frozen Egg 2","Blue Candle","Pandora\u0027s Box","Lantern","Sundial","Bottled Tornado"],"acts_visited":["Exordium","TheCity"],"potions_floor_usage":[10,14,16],"damage_taken":[{"damage":7,"enemies":"Small Slimes","floor":1,"turns":3},{"damage":0,"enemies":"2 Louse","floor":4,"turns":3},{"damage":0,"enemies":"Jaw Worm","floor":7,"turns":3},{"damage":15,"enemies":"3 Sentries","floor":10,"turns":9},{"damage":24,"enemies":"Lagavulin","floor":12,"turns":7},{"damage":0,"enemies":"Blue Slaver","floor":13,"turns":4},{"damage":0,"enemies":"Exordium Thugs","floor":14,"turns":4},{"damage":15,"enemies":"The Guardian","floor":16,"turns":11},{"damage":22,"enemies":"2 Thieves","floor":18,"turns":4},{"damage":0,"enemies":"3 Byrds","floor":21,"turns":5},{"damage":18,"enemies":"Snecko","floor":22,"turns":6},{"damage":4,"enemies":"Snake Plant","floor":23,"turns":5},{"damage":29,"enemies":"Book of Stabbing","floor":25,"turns":8},{"damage":73,"enemies":"Slavers","floor":30,"turns":9}],"seed_played":"-8668601126730699708","potions_obtained":[{"floor":7,"key":"DuplicationPotion"},{"floor":10,"key":"Ancient Potion"},{"floor":12,"key":"Dexterity Potion"},{"floor":13,"key":"EssenceOfSteel"},{"floor":14,"key":"EssenceOfSteel"},{"floor":22,"key":"SpeedPotion"}],"is_trial":false,"path_per_floor":["M","?","?","M","$","R","M","R","T","E","T","E","M","M","R","B",null,"M","?","$","M","M","M","R","E","T","R","$","?","E"],"character_chosen":"THE_SILENT","items_purchased":["Lantern"],"campfire_rested":3,"item_purchase_floors":[20],"current_hp_per_floor":[56,44,49,49,49,49,49,49,49,34,34,10,10,10,32,17,61,39,39,39,39,21,17,39,10,10,32,32,32,0,0],"gold":6,"neow_bonus":"TRANSFORM_CARD","is_daily":false,"chose_seed":false,"campfire_upgraded":2,"win_rate":0.0,"timestamp":1612219301,"path_taken":["M","?","?","M","?","R","M","R","T","E","?","E","M","?","R","BOSS","M","?","$","M","M","M","R","E","T","R","?","?","E"],"items_purchased_type":["Relic"],"build_version":"2020-12-22","purchased_purges":3,"victory":false,"max_hp_per_floor":[70,70,75,75,75,75,75,75,75,75,75,75,75,75,75,75,75,75,75,75,75,75,75,75,75,75,75,75,75,75,75],"card_choices":[{"not_picked":["Sucker Punch","Backflip"],"picked":"Heel Hook","floor":1},{"not_picked":["Underhanded Strike","Flying Knee","Deflect"],"picked":"SKIP","floor":4},{"not_picked":["Noxious Fumes","Backflip"],"picked":"Terror","floor":7},{"not_picked":["Deadly Poison","Reflex","Slice"],"picked":"SKIP","floor":10},{"not_picked":["Slice","Blade Dance"],"picked":"Envenom+1","floor":12},{"not_picked":["Slice","Blade Dance","Dagger Spray"],"picked":"SKIP","floor":13},{"not_picked":["Deflect","Backstab","Prepared"],"picked":"SKIP","floor":14},{"not_picked":["A Thousand Cuts+1","After Image+1"],"picked":"Malaise","floor":16},{"not_picked":["Flying Knee+1","Dodge and Roll"],"picked":"Cloak And Dagger","floor":18},{"not_picked":["Deflect","Flying Knee"],"picked":"PiercingWail+1","floor":21},{"not_picked":["Deflect+1","Dagger Spray","Blur"],"picked":"SKIP","floor":22},{"not_picked":["Sucker Punch","Outmaneuver","Dagger Throw"],"picked":"SKIP","floor":23},{"not_picked":["Quick Slash","Escape Plan","Acrobatics"],"picked":"SKIP","floor":25}],"player_experience":479877,"relics_obtained":[{"floor":9,"key":"HornCleat"},{"floor":10,"key":"Ginger"},{"floor":11,"key":"Frozen Egg 2"},{"floor":12,"key":"Blue Candle"},{"floor":25,"key":"Sundial"},{"floor":26,"key":"Bottled Tornado"}],"event_choices":[{"damage_healed":0,"gold_gain":0,"player_choice":"Success","damage_taken":12,"relics_obtained":["Lizard Tail"],"max_hp_gain":0,"max_hp_loss":0,"event_name":"Scrap Ooze","floor":2,"gold_loss":0},{"damage_healed":0,"gold_gain":0,"player_choice":"Donut","damage_taken":0,"max_hp_gain":5,"max_hp_loss":0,"event_name":"Big Fish","floor":3,"gold_loss":0},{"cards_removed":["Phantasmal Killer"],"damage_healed":0,"gold_gain":0,"player_choice":"Purged","damage_taken":0,"max_hp_gain":0,"max_hp_loss":0,"event_name":"Purifier","floor":19,"gold_loss":0},{"cards_removed":["Storm of Steel"],"damage_healed":0,"gold_gain":0,"player_choice":"Elegance","damage_taken":0,"max_hp_gain":0,"max_hp_loss":0,"event_name":"Back to Basics","floor":29,"gold_loss":0}],"is_beta":false,"boss_relics":[{"not_picked":["Tiny House","Sozu"],"picked":"Pandora\u0027s Box"}],"items_purged_floors":[5,20,28],"is_endless":false,"potions_floor_spawned":[7,10,12,13,14,22,25],"killed_by":"Slavers","ascension_level":8}}