{"host":"y89x8uui45kcjy42","time":1612179435,"event":{"mods":["2.2 Compatiblity","BaseMod","CapriCore","Colored Map","Colored Powertips","Custom Start","Friendly Minions","Keyboard Shortcuts","Minty Spire (QoL Compilation)","Relic Stats","Slay the Relics Exporter","StSLib","SuperFastMode","Uncapped"],"gold_per_floor":[118,129,19,19,33,33,33,33,58,58,58,58,91,166,166,257,257,273,294,26,26,26,26,26,57,130,130,161,161,161,195,195,285,285,298,298,194,194,241,253,265,308,347,403,201,201,217,248,248,248,248,248,248,248,279,279],"floor_reached":57,"language":"KOR","playtime":2173,"items_purged":[],"score":3233,"play_id":"e8fd52ce-a5dd-4b42-9345-4fb5f3525ecf","local_time":"20210201203715","is_ascension_mode":true,"campfire_choices":[{"data":"Tools of the Trade","floor":6,"key":"SMITH"},{"data":"Calculated Gamble","floor":7,"key":"SMITH"},{"data":"Quick Slash","floor":8,"key":"SMITH"},{"data":"Neutralize","floor":10,"key":"SMITH"},{"data":"Acrobatics","floor":15,"key":"SMITH"},{"data":"Cloak And Dagger","floor":23,"key":"SMITH"},{"data":"Backflip","floor":24,"key":"SMITH"},{"data":"After Image","floor":27,"key":"SMITH"},{"floor":30,"key":"RECALL"},{"data":"Reflex","floor":32,"key":"SMITH"},{"data":"Malaise","floor":40,"key":"SMITH"},{"data":"Finesse","floor":41,"key":"SMITH"},{"floor":46,"key":"REST"},{"floor":49,"key":"REST"},{"floor":53,"key":"REST"}],"circlet_count":0,"master_deck":["Neutralize+1","Tools of the Trade+1","Reprogram+1","Calculated Gamble+1","Acrobatics+1","Quick Slash+1","After Image+1","Cloak And Dagger+1","Backflip+1","Envenom+1","Reflex+1","A Thousand Cuts+1","Malaise+1","Finesse+1","Accuracy+1","After Image+1","Tactician+1","Malaise+1"],"relics":["Ring of the Snake","Paper Crane","Membership Card","TheAbacus","Blood Vial","Golden Idol","Cursed Key","Chemical X","StoneCalendar","Bottled Flame","Frozen Egg 2","Letter Opener","Orichalcum","Snake Skull","Peace Pipe","Sozu","TwistedFunnel","Vajra","Shuriken","MawBank","Oddly Smooth Stone","Bag of Marbles","Omamori","Juzu Bracelet","WingedGreaves","Medical Kit","Kunai","Bird Faced Urn","Kunai","Calipers","Ginger"],"acts_visited":["Exordium","TheCity","TheBeyond","TheEnding"],"potions_floor_usage":[56,56],"damage_taken":[{"damage":0,"enemies":"Jaw Worm","floor":1,"turns":4},{"damage":0,"enemies":"2 Louse","floor":2,"turns":3},{"damage":0,"enemies":"Small Slimes","floor":5,"turns":5},{"damage":22,"enemies":"3 Sentries","floor":13,"turns":10},{"damage":26,"enemies":"Slime Boss","floor":16,"turns":10},{"damage":4,"enemies":"Shell Parasite","floor":18,"turns":5},{"damage":7,"enemies":"2 Thieves","floor":19,"turns":4},{"damage":0,"enemies":"Gremlin Leader","floor":25,"turns":6},{"damage":12,"enemies":"Slavers","floor":28,"turns":5},{"damage":0,"enemies":"Gremlin Leader","floor":31,"turns":5},{"damage":0,"enemies":"Champ","floor":33,"turns":5},{"damage":4,"enemies":"Orb Walker","floor":35,"turns":2},{"damage":0,"enemies":"Giant Head","floor":42,"turns":5},{"damage":0,"enemies":"Reptomancer","floor":44,"turns":4},{"damage":0,"enemies":"3 Darklings","floor":47,"turns":2},{"damage":0,"enemies":"Mind Bloom Boss Battle","floor":48,"turns":5},{"damage":0,"enemies":"Donu and Deca","floor":50,"turns":5},{"damage":10,"enemies":"Time Eater","floor":51,"turns":10},{"damage":8,"enemies":"Shield and Spear","floor":55,"turns":4},{"damage":30,"enemies":"The Heart","floor":56,"turns":8}],"seed_played":"6075009940957305651","potions_obtained":[{"floor":1,"key":"Dexterity Potion"},{"floor":16,"key":"BlessingOfTheForge"},{"floor":19,"key":"Dexterity Potion"},{"floor":31,"key":"SpeedPotion"}],"is_trial":false,"path_per_floor":["M","M","$","?","M","R","R","R","T","R","?","?","E","?","R","B",null,"M","M","$","?","?","R","R","E","T","R","E","?","R","E","R","B",null,"M","?","$","T","T","R","R","E","T","E","$","R","M","?","R","B","B",null,"R","$","E","B",null],"character_chosen":"THE_SILENT","items_purchased":["TheAbacus","Acrobatics","Backflip","Chemical X","StoneCalendar","TwistedFunnel","Vajra","Malaise","Finesse","Medical Kit","Kunai"],"campfire_rested":3,"item_purchase_floors":[3,3,20,20,20,37,37,37,37,45,45],"current_hp_per_floor":[69,69,69,69,70,70,70,70,70,70,63,39,19,8,8,44,64,62,57,57,57,57,57,57,59,59,59,49,49,49,51,51,53,66,64,64,64,64,64,64,64,66,66,68,68,70,70,70,70,70,68,70,70,70,62,46],"gold":279,"neow_bonus":"THREE_RARE_CARDS","is_daily":false,"chose_seed":false,"campfire_upgraded":11,"win_rate":0.0,"timestamp":1612179435,"path_taken":["M","M","$","?","M","R","R","R","T","R","?","?","E","?","R","BOSS","M","M","$","?","?","R","R","E","T","R","E","?","R","E","R","BOSS","M","?","$","?","?","R","R","E","T","E","$","R","M","?","R","BOSS","BOSS","R","$","E","BOSS"],"items_purchased_type":["Relic","Card","Card","Relic","Relic","Relic","Relic","Card","Card","Relic","Relic"],"build_version":"2020-12-22","purchased_purges":0,"victory":true,"max_hp_per_floor":[70,70,70,70,70,70,70,70,70,70,70,70,70,70,70,70,70,70,70,70,70,70,70,70,70,70,70,70,70,70,70,70,70,70,70,70,70,70,70,70,70,70,70,70,70,70,70,70,70,70,70,70,70,70,70,70],"relic_stats":{"counters":[20,107],"Golden Idol":157,"StoneCalendar":[52],"Snake Skull":[152],"Juzu Bracelet":1,"Letter Opener":[329],"Ginger":[2],"Orichalcum":[18],"Cursed Key":4,"MawBank":72,"Medical Kit":[11],"Blood Vial":25,"Peace Pipe":0,"Sozu":3,"TheAbacus":[1410],"Shuriken":[31],"Bird Faced Urn":[20],"Chemical X":[10],"Kunai":[34],"obtain_stats":[{"TwistedFunnel":37,"Calipers":52,"Vajra":37,"StoneCalendar":20,"Snake Skull":30,"Juzu Bracelet":44,"Ginger":55,"Cursed Key":17,"Blood Vial":4,"Sozu":34,"TheAbacus":3,"WingedGreaves":6,"Chemical X":20,"Kunai":45,"Ring of the Snake":0,"Golden Idol":12,"Oddly Smooth Stone":42,"Omamori":4,"Letter Opener":28,"Paper Crane":2,"Frozen Egg 2":26,"Orichalcum":29,"MawBank":39,"Medical Kit":45,"Peace Pipe":31,"Bottled Flame":25,"Shuriken":38,"Bird Faced Urn":48,"Bag of Marbles":43,"Membership Card":2},{"TwistedFunnel":12,"Calipers":18,"Vajra":12,"StoneCalendar":7,"Snake Skull":9,"Juzu Bracelet":14,"Ginger":19,"Cursed Key":5,"Blood Vial":2,"Sozu":11,"TheAbacus":2,"WingedGreaves":3,"Chemical X":7,"Kunai":14,"Ring of the Snake":0,"Golden Idol":3,"Oddly Smooth Stone":13,"Omamori":2,"Letter Opener":9,"Paper Crane":2,"Frozen Egg 2":8,"Orichalcum":9,"MawBank":12,"Medical Kit":14,"Peace Pipe":10,"Bottled Flame":8,"Shuriken":12,"Bird Faced Urn":16,"Bag of Marbles":13,"Membership Card":2},{"TwistedFunnel":64,"Calipers":95,"Vajra":64,"StoneCalendar":41,"Snake Skull":52,"Juzu Bracelet":73,"Ginger":99,"Cursed Key":32,"Blood Vial":7,"Sozu":62,"TheAbacus":7,"WingedGreaves":12,"Chemical X":41,"Kunai":73,"Ring of the Snake":0,"Golden Idol":12,"Oddly Smooth Stone":69,"Omamori":7,"Letter Opener":52,"Paper Crane":6,"Frozen Egg 2":47,"Orichalcum":52,"MawBank":64,"Medical Kit":73,"Peace Pipe":57,"Bottled Flame":47,"Shuriken":64,"Bird Faced Urn":80,"Bag of Marbles":69,"Membership Card":7}],"Ring of the Snake":[40]},"card_choices":[{"not_picked":["Venomology","Night Terror"],"picked":"Tools of the Trade","floor":0},{"not_picked":["Distraction","Finisher"],"picked":"Calculated Gamble","floor":1},{"not_picked":["Setup","PiercingWail","Flying Knee"],"picked":"SKIP","floor":2},{"not_picked":["Underhanded Strike","Infinite Blades"],"picked":"Quick Slash","floor":5},{"not_picked":["Acrobatics","Leg Sweep"],"picked":"After Image","floor":13},{"not_picked":["Poisoned Stab","Leg Sweep","Outmaneuver"],"picked":"SKIP","floor":18},{"not_picked":["Sucker Punch+1","Leg Sweep"],"picked":"Cloak And Dagger","floor":19},{"not_picked":["Flying Knee","Quick Slash","Tools of the Trade"],"picked":"SKIP","floor":25},{"not_picked":["Glass Knife","Leg Sweep"],"picked":"Envenom+1","floor":28},{"not_picked":["Slice","Expertise"],"picked":"Reflex","floor":31},{"not_picked":["Corpse Explosion","Wraith Form v2+1"],"picked":"A Thousand Cuts+1","floor":33},{"not_picked":["Poisoned Stab","Flying Knee","Outmaneuver"],"picked":"SKIP","floor":35},{"not_picked":["Wraith Form v2+1","Deflect","Dagger Spray+1"],"picked":"SKIP","floor":42},{"not_picked":["Prepared","Terror+1"],"picked":"Accuracy+1","floor":44},{"not_picked":["Sucker Punch+1","Underhanded Strike"],"picked":"After Image+1","floor":47},{"not_picked":["Slice","Flechettes","Poisoned Stab+1"],"picked":"SKIP","floor":55}],"player_experience":673350,"relics_obtained":[{"floor":25,"key":"Bottled Flame"},{"floor":26,"key":"Frozen Egg 2"},{"floor":28,"key":"Letter Opener"},{"floor":31,"key":"Peace Pipe"},{"floor":38,"key":"Shuriken"},{"floor":39,"key":"MawBank"},{"floor":42,"key":"Oddly Smooth Stone"},{"floor":43,"key":"Bag of Marbles"},{"floor":44,"key":"Juzu Bracelet"},{"floor":48,"key":"Bird Faced Urn"},{"floor":55,"key":"Ginger"}],"event_choices":[{"damage_healed":0,"gold_gain":0,"player_choice":"Box","damage_taken":0,"relics_obtained":["Blood Vial"],"max_hp_gain":0,"max_hp_loss":0,"event_name":"Big Fish","floor":4,"gold_loss":0,"cards_obtained":["Regret"]},{"cards_removed":["Strike_G"],"damage_healed":0,"gold_gain":0,"player_choice":"Card Removal","damage_taken":7,"max_hp_gain":0,"max_hp_loss":0,"event_name":"Golden Wing","floor":11,"gold_loss":0},{"damage_healed":0,"gold_gain":0,"player_choice":"Take Damage","damage_taken":24,"relics_obtained":["Golden Idol"],"max_hp_gain":0,"max_hp_loss":0,"event_name":"Golden Idol","floor":12,"gold_loss":0},{"damage_healed":0,"gold_gain":75,"player_choice":"Gather Gold","damage_taken":11,"max_hp_gain":0,"max_hp_loss":0,"event_name":"World of Goop","floor":14,"gold_loss":0},{"cards_removed":["Strike_G"],"damage_healed":0,"gold_gain":0,"player_choice":"Elegance","damage_taken":0,"max_hp_gain":0,"max_hp_loss":0,"event_name":"Back to Basics","floor":21,"gold_loss":0},{"damage_healed":0,"gold_gain":0,"player_choice":"Ignored","damage_taken":0,"max_hp_gain":0,"max_hp_loss":0,"event_name":"Ghosts","floor":22,"gold_loss":0},{"damage_healed":0,"gold_gain":0,"player_choice":"Gave Potion","damage_taken":0,"relics_obtained":["Orichalcum"],"max_hp_gain":0,"max_hp_loss":0,"event_name":"WeMeetAgain","floor":29,"gold_loss":0},{"cards_removed":["Survivor"],"damage_healed":0,"gold_gain":0,"player_choice":"Purged","damage_taken":0,"max_hp_gain":0,"max_hp_loss":0,"event_name":"Purifier","floor":36,"gold_loss":0},{"damage_healed":0,"gold_gain":0,"player_choice":"Fight","damage_taken":0,"max_hp_gain":0,"max_hp_loss":0,"event_name":"MindBloom","floor":48,"gold_loss":0}],"is_beta":false,"boss_relics":[{"not_picked":["Runic Pyramid","Astrolabe","Tiny House"]},{"not_picked":["Runic Dome","Black Star"],"picked":"Sozu"}],"items_purged_floors":[],"is_endless":false,"potions_floor_spawned":[1,16,19,31,35,47,48],"ascension_level":20}}