{"host":"6p0attdrtjqaih7v","time":1612148237,"event":{"mods":["2.2 Compatiblity","AchievementEnabler","Bard","BaseMod","Better Skull","Better Third Choice","Colored Powertips","Downfall","Hermit","Highlight Path","Key Reminder","Minty Spire (QoL Compilation)","Permanent Neow","Quick Restart","Random Character Button","Relic Stats","Replay The Spire","Robot Space Explorer","StSLib","The Witch"],"gold_per_floor":[111,111,128,128,144,170,170,170,170,170,205,205,229,229,229,331,331,360,285,285,285],"floor_reached":20,"language":"ENG","playtime":743,"items_purged":[],"score":360,"play_id":"0979eba3-b44d-4c73-ab60-78ee84890f32","local_time":"20210131215717","is_ascension_mode":true,"campfire_choices":[{"floor":7,"key":"REST"},{"floor":10,"key":"REST"},{"floor":12,"key":"REST"},{"floor":15,"key":"REST"}],"circlet_count":0,"master_deck":["AscendersBane","hermit:Strike_Hermit","hermit:Strike_Hermit","hermit:Strike_Hermit","hermit:Defend_Hermit","hermit:Defend_Hermit","hermit:Defend_Hermit","hermit:Defend_Hermit","hermit:Snapshot","hermit:Covet","hermit:Spite","hermit:CalledShot","Normality","hermit:PistolWhip","hermit:Spite","hermit:Brawl","hermit:FlashPowder","hermit:Roughhouse","hermit:TakeCover"],"relics":["hermit:Momento","Calipers","Ring of Fangs","Ring of Fury","Replay:Bottled Flurry","Bag of Preparation","Toy Ornithopter","CeramicFish","Golden Idol","Honey Jar"],"acts_visited":["Exordium","TheCity"],"potions_floor_usage":[6,16,20],"damage_taken":[{"damage":0,"enemies":"2 Louse","floor":1,"turns":3},{"damage":0,"enemies":"Jaw Worm","floor":3,"turns":3},{"damage":4,"enemies":"Small Slimes","floor":5,"turns":3},{"damage":55,"enemies":"3 Sentries","floor":6,"turns":11},{"damage":40,"enemies":"Lagavulin","floor":11,"turns":6},{"damage":16,"enemies":"Looter","floor":13,"turns":4},{"damage":27,"enemies":"The Guardian","floor":16,"turns":12},{"damage":19,"enemies":"2 Thieves","floor":18,"turns":5},{"damage":36,"enemies":"3 Byrds","floor":20,"turns":6}],"seed_played":"1986944516497232404","potions_obtained":[{"floor":1,"key":"SkillPotion"},{"floor":11,"key":"FearPotion"},{"floor":13,"key":"AttackPotion"}],"is_trial":false,"path_per_floor":["M","?","M","?","M","E","R","?","T","R","E","R","M","?","R","B",null,"M","?","M"],"character_chosen":"HERMIT","items_purchased":[],"campfire_rested":4,"item_purchase_floors":[],"current_hp_per_floor":[64,69,69,69,65,10,30,25,25,45,5,25,9,9,27,5,49,30,30,0,0],"gold":285,"neow_bonus":"ONE_RARE_RELIC","is_daily":false,"chose_seed":false,"campfire_upgraded":0,"win_rate":0.0,"timestamp":1612148237,"path_taken":["M","?","M","?","M","E","R","?","T","R","E","R","M","?","R","BOSS","M","?","M"],"items_purchased_type":[],"build_version":"2020-12-22","purchased_purges":0,"victory":false,"max_hp_per_floor":[64,69,69,69,69,69,69,69,69,69,69,69,69,63,63,63,63,63,63,63,63],"relic_stats":{"counters":[9,53],"Golden Idol":23,"CeramicFish":36,"Bag of Preparation":[10],"obtain_stats":[{"Calipers":0,"Ring of Fangs":4,"Golden Idol":14,"CeramicFish":11,"Honey Jar":17,"Ring of Fury":4,"Replay:Bottled Flurry":6,"Bag of Preparation":8,"hermit:Momento":0,"Toy Ornithopter":9},{"Calipers":0,"Ring of Fangs":2,"Golden Idol":6,"CeramicFish":5,"Honey Jar":7,"Ring of Fury":2,"Replay:Bottled Flurry":4,"Bag of Preparation":4,"hermit:Momento":0,"Toy Ornithopter":4},{"Calipers":0,"Ring of Fangs":6,"Golden Idol":30,"CeramicFish":26,"Honey Jar":42,"Ring of Fury":6,"Replay:Bottled Flurry":20,"Bag of Preparation":20,"hermit:Momento":0,"Toy Ornithopter":20}],"Toy Ornithopter":10},"card_choices":[{"not_picked":["hermit:DeadMansHand","hermit:BigShot"],"picked":"hermit:Spite","floor":1},{"not_picked":["hermit:EyeOfTheStorm","hermit:HoleUp"],"picked":"hermit:CalledShot","floor":3},{"not_picked":["hermit:Feint","hermit:BigShot"],"picked":"hermit:PistolWhip","floor":5},{"not_picked":["hermit:Ricochet","hermit:Virtue"],"picked":"hermit:Spite","floor":6},{"not_picked":["hermit:EyeOfTheStorm","hermit:CursedWeapon"],"picked":"hermit:Brawl","floor":11},{"not_picked":["hermit:Feint","hermit:TakeAim"],"picked":"hermit:FlashPowder","floor":13},{"not_picked":["hermit:FatalDesire","hermit:Gambit"],"picked":"hermit:Roughhouse","floor":16},{"not_picked":["hermit:Feint","hermit:Enervate"],"picked":"hermit:TakeCover","floor":18}],"player_experience":1010100,"relics_obtained":[{"floor":4,"key":"Ring of Fangs"},{"floor":4,"key":"Ring of Fury"},{"floor":6,"key":"Replay:Bottled Flurry"},{"floor":9,"key":"Toy Ornithopter"},{"floor":11,"key":"CeramicFish"}],"event_choices":[{"damage_healed":0,"gold_gain":0,"player_choice":"Donut","damage_taken":0,"max_hp_gain":5,"max_hp_loss":0,"event_name":"Big Fish","floor":2,"gold_loss":0},{"damage_healed":0,"gold_gain":0,"player_choice":"Relic ","damage_taken":5,"max_hp_gain":0,"max_hp_loss":0,"event_name":"betterThird:BetterScrap","floor":8,"gold_loss":0,"cards_obtained":["Grand Finale"]},{"damage_healed":0,"gold_gain":0,"player_choice":"Lose Max HP","damage_taken":0,"relics_obtained":["Golden Idol"],"max_hp_gain":0,"max_hp_loss":6,"event_name":"Golden Idol","floor":14,"gold_loss":0},{"cards_removed":["hermit:Strike_Hermit"],"damage_healed":0,"gold_gain":0,"player_choice":"Gave Gold","damage_taken":0,"max_hp_gain":0,"max_hp_loss":0,"event_name":"Beggar","floor":19,"gold_loss":75}],"is_beta":false,"boss_relics":[{"not_picked":["Coffee Dripper","Replay:Bronze Core"],"picked":"Honey Jar"}],"items_purged_floors":[],"is_endless":false,"potions_floor_spawned":[1,11,13],"killed_by":"3 Byrds","ascension_level":20}}