{"host":"piuz6nvfxy08hmbs","time":1612153470,"event":{"mods":["100% Spire Juice","ATMod(°¢èªMod)","Arknights","Ascension Reborn","Aspiration","BaseMod","Better Altar","Better Match","Better Note","Better Sensory Stone","Better Skull","Better Vampires","Better-Laid Plans","BetterRewards","Colored Powertips","Curses Come First","Dark Map","Defuse TimeMaze Blight","Downfall","Energized Spire","Grow up Mod","Minty Spire (QoL Compilation)","Red Circlet Mod","Relic Filter Mod","Reliquary","Remove Card Discount Mod","Replay The Spire","Reworked Bosses","RumiaBox-Â¶Ã×æ«µÄÉñÃØºÐ×Ó","RyuuouÁúÍõ","Shop Mod","Spicy Shops","StSLib","TestMod","The Runesmith","Transform Curses","Uncapped","UnlockEverythingMod","Waifu the Spire","Wide Potions","[GremlinLeader]The Maniac","¡¾¹¦ÄÜMod¡¿»ìãçÖ®»·ÐÞ¸´²¹¶¡","¡¾ÒÅÎï¿¨ÅÆ¡¿REMEMod"],"gold_per_floor":[99,118,118,118,59,73,73,73,92,92,192,202,229,243,263,361,361,61,79,79,79,4,21,21,21,40,65,46,46,63,11,24,126,126,126,144,163,217,217,45,45,60,60,73,90,119,119,119,131,131,131,159,0,0,0,0],"floor_reached":57,"language":"ZHS","playtime":5303,"items_purged":["Slimebound:Strike_Slimebound","Slimebound:Strike_Slimebound","Slimebound:Defend_Slimebound","Slimebound:Defend_Slimebound","Slimebound:Defend_Slimebound","Slimebound:Tackle","testmod-LimitFlipper","Slimebound:CorrosiveSpit","Slimebound:Split+1","Slimebound:LevelUp","Slimebound:LevelUp"],"score":1279,"play_id":"bf8e523e-3bf0-457b-a3f8-7cca9114367e","local_time":"20210201122430","is_ascension_mode":true,"campfire_choices":[{"floor":1,"key":"RECALL"},{"data":"Slimebound:SplitLeeching","floor":8,"key":"SMITH"},{"data":"Slimebound:Split","floor":10,"key":"SMITH"},{"data":"Slimebound:DuplicatedForm","floor":18,"key":"SMITH"},{"data":"Slimebound:SplitLeeching","floor":25,"key":"SMITH"},{"data":"Slimebound:SamplingLick","floor":35,"key":"SMITH"},{"data":"Slimebound:LeadByExample","floor":47,"key":"SMITH"},{"data":"Replay:SS_forest_2","floor":54,"key":"SMITH"}],"circlet_count":0,"master_deck":["AT_DarkMatter","Slimebound:SplitLeeching+1","Slimebound:SlimeTap","Slimebound:SpikyOuterGoop+1","Slimebound:AcidTongue","Slimebound:ProtectTheBoss","Slimebound:SamplingLick+1","Slimebound:LevelUp","Slimebound:GrowthPunch+1","Slimebound:DuplicatedForm+1","Slimebound:SplitLeeching+1","AT_DarkMatter","Slimebound:Prepare","Slimebound:RejuvenatingLick+1","Slimebound:MassRepurpose+1","Slimebound:SamplingLick+1","Slimebound:Gluttony+1","Slimebound:SamplingLick+1","Slimebound:LeadByExample+1","Replay:SS_forest_2+1","expansioncontent:Hexaburn","expansioncontent:AwakenDeath","Slimebound:MegaLick+1","Slimebound:MegaLick+1"],"relics":["Slimebound:AbsorbEndCombat","AT_ATBox","testmod-TestBox","REME_ComplimentaryCards","testmod-SaigiyounoYou","Letter Opener","EasyGame_NEW","downfall:HeartBlessingRed","downfall:HeartBlessingGreen","downfall:HeartBlessingBlue","Toxic Egg 2","aspiration:StickyExplosives_weak","Mango","HornCleat","reliquary:Knoch","Slimebound:MaxSlimesRelic","Whetstone","Replay:Bottled Snecko","testmod-IndustrialRevolution"],"acts_visited":["Exordium","TheCity","TheBeyond","TheEnding"],"potions_floor_usage":[],"damage_taken":[{"damage":16,"enemies":"Small Slimes","floor":2,"turns":5},{"damage":0,"enemies":"downfall:FleeingMerchant","floor":5,"turns":4},{"damage":0,"enemies":"2 Louse","floor":6,"turns":3},{"damage":0,"enemies":"Cultist","floor":9,"turns":3},{"damage":42,"enemies":"downfall:Heads","floor":11,"turns":5},{"damage":8,"enemies":"Blue Slaver","floor":12,"turns":4},{"damage":74,"enemies":"Gremlin Nob","floor":13,"turns":6},{"damage":2,"enemies":"Exordium Wildlife","floor":14,"turns":2},{"damage":35,"enemies":"Lots of Slimes","floor":15,"turns":4},{"damage":5,"enemies":"DF_ARCHETYPE_STREAMLINE","floor":16,"turns":10},{"damage":40,"enemies":"Shell Parasite","floor":19,"turns":4},{"damage":35,"enemies":"Snecko","floor":23,"turns":5},{"damage":20,"enemies":"Centurion and Healer","floor":26,"turns":6},{"damage":36,"enemies":"REME_1_Revenger","floor":27,"turns":6},{"damage":24,"enemies":"downfall:FleeingMerchant","floor":28,"turns":4},{"damage":36,"enemies":"Snake Plant","floor":30,"turns":3},{"damage":29,"enemies":"downfall:FleeingMerchant","floor":31,"turns":4},{"damage":43,"enemies":"3 Cultists","floor":32,"turns":5},{"damage":19,"enemies":"WA_ARCHETYPE_CALM","floor":33,"turns":8},{"damage":90,"enemies":"3 Shapes","floor":36,"turns":4},{"damage":11,"enemies":"Orb Walker","floor":37,"turns":4},{"damage":195,"enemies":"2 Orb Walkers","floor":38,"turns":7},{"damage":20,"enemies":"downfall:FleeingMerchant","floor":40,"turns":4},{"damage":15,"enemies":"Spire Growth","floor":42,"turns":5},{"damage":22,"enemies":"Maw","floor":44,"turns":6},{"damage":40,"enemies":"Sphere and 2 Shapes","floor":45,"turns":6},{"damage":15,"enemies":"R_Hoarder","floor":46,"turns":7},{"damage":8,"enemies":"Transient","floor":49,"turns":5},{"damage":155,"enemies":"SI_POISON_ARCHETYPE","floor":50,"turns":6},{"damage":34,"enemies":"downfall:CharBossMerchant","floor":52,"turns":6},{"damage":45,"enemies":"downfall:NeowBoss","floor":55,"turns":12},{"damage":293,"enemies":"downfall:NeowBossFinal","floor":56,"turns":11}],"seed_played":"5130557085494581994","potions_obtained":[{"floor":6,"key":"SneckoOil"},{"floor":23,"key":"Ancient Potion"},{"floor":29,"key":"CultistPotion"}],"is_trial":false,"path_per_floor":["R","M","?","?","$","M","T","R","M","R","?","M","E","M","M","B",null,"R","M","?","?","?","M","T","R","M","E","$","?","M","$","M","B",null,"R","M","M","?","?","$","T","M","?","M","M","E","R","?","M","B",null,"E","$","R","B","B",null],"character_chosen":"SLIMEBOUND","items_purchased":["Slimebound:SpikyOuterGoop","Slimebound:LevelUp","reliquary:Knoch","testmod-IndustrialRevolution"],"campfire_rested":0,"item_purchase_floors":[5,31,40,53],"current_hp_per_floor":[91,93,103,113,131,141,151,161,171,181,160,172,125,142,122,150,251,271,267,277,287,297,305,315,325,351,357,371,381,384,400,407,421,431,441,385,401,273,283,305,315,352,352,385,384,424,434,444,477,378,615,625,635,645,655,400],"gold":0,"neow_bonus":"TEN_PERCENT_HP_BONUS","is_daily":false,"chose_seed":false,"campfire_upgraded":7,"win_rate":0.0,"timestamp":1612153470,"path_taken":["R","M","?","?","$","?","T","R","M","R","?","M","E","M","M","BOSS","R","M","?","?","?","M","T","R","M","E","?","?","M","$","M","BOSS","R","M","M","?","?","$","T","M","?","M","?","E","R","?","M","BOSS","E","$","R","BOSS","BOSS"],"items_purchased_type":["Card","Card","Relic","Relic"],"build_version":"2020-12-22","purchased_purges":11,"victory":true,"max_hp_per_floor":[91,101,111,121,131,141,151,161,171,181,191,201,211,221,231,241,251,271,281,291,301,311,321,331,341,351,361,371,381,391,401,411,421,431,441,451,461,485,495,505,515,525,535,545,555,565,575,585,595,605,615,625,635,645,655,665],"card_choices":[{"not_picked":["Slimebound:LeadByExample","Slimebound:SplitBruiser"],"picked":"Slimebound:SplitLeeching","floor":2},{"not_picked":["Slimebound:SplitLeeching","Slimebound:GoopTackle"],"picked":"Slimebound:SlimeTap","floor":5},{"not_picked":["Slimebound:LeechingTouch","Slimebound:ViciousTackle","Slimebound:SplitBruiser"],"picked":"SKIP","floor":6},{"not_picked":["Slimebound:Grow","Slimebound:SplitBruiser"],"picked":"Slimebound:LevelUp","floor":9},{"not_picked":["Slimebound:TongueLash","Slimebound:FormOfPuddle"],"picked":"Slimebound:AcidTongue","floor":11},{"not_picked":["Slimebound:PressTheAttack","Slimebound:LivingWall"],"picked":"Slimebound:ProtectTheBoss","floor":12},{"not_picked":["Slimebound:SplitBruiser","Slimebound:SlimeSlap"],"picked":"Slimebound:SamplingLick","floor":13},{"not_picked":["Slimebound:PressTheAttack","Slimebound:RainOfGoop"],"picked":"Slimebound:LevelUp","floor":14},{"not_picked":["Slimebound:SplitBruiser","Slimebound:Prepare"],"picked":"Slimebound:GrowthPunch","floor":15},{"not_picked":["Slimebound:RallyTheTroops","Slimebound:OozeBath"],"picked":"Slimebound:DuplicatedForm","floor":16},{"not_picked":["Slimebound:SplitAcid","Slimebound:GoopSpray"],"picked":"Slimebound:SplitLeeching","floor":19},{"not_picked":["Slimebound:LeechEnergy","Slimebound:GoopTackle"],"picked":"Slimebound:Prepare","floor":23},{"not_picked":["Slimebound:ComboTackle","Slimebound:GoopTackle","Slimebound:SlimeSpikes+1"],"picked":"SKIP","floor":26},{"not_picked":["Slimebound:PressTheAttack","Slimebound:SplitAcid+1","Slimebound:RollThrough"],"picked":"SKIP","floor":27},{"not_picked":["Slimebound:LeechingTouch","Slimebound:RainOfGoop+1"],"picked":"Slimebound:Gluttony","floor":28},{"not_picked":["Slimebound:SlimeSlap","Slimebound:GrowthPunch+1","Slimebound:RollThrough+1"],"picked":"SKIP","floor":30},{"not_picked":["Slimebound:TongueLash","Slimebound:FormOfPuddle+1","Slimebound:GoopTackle"],"picked":"SKIP","floor":31},{"not_picked":["Slimebound:SplitLeeching+1","Slimebound:SamplingLick+1"],"picked":"Slimebound:RejuvenatingLick+1","floor":32},{"not_picked":["Slimebound:SlimeSlap","Slimebound:MinionMaster"],"picked":"Slimebound:MassRepurpose+1","floor":33},{"not_picked":["Slimebound:SlimeSpikes+1","Slimebound:Chomp+1"],"picked":"Slimebound:SamplingLick+1","floor":36},{"not_picked":["Slimebound:SplitBruiser+1","Slimebound:LeechingTouch","Slimebound:GoopTackle"],"picked":"SKIP","floor":37},{"not_picked":["Slimebound:ForwardTackle+1","Slimebound:SlimeBarrage"],"picked":"Slimebound:Gluttony+1","floor":38},{"not_picked":["Slimebound:Grow","Slimebound:ItLooksTasty+1"],"picked":"Slimebound:SamplingLick+1","floor":40},{"not_picked":["Slimebound:SlimeBrawl+1","Slimebound:LevelUp+1"],"picked":"Slimebound:LeadByExample","floor":42},{"not_picked":["expansioncontent:HyperBeam","expansioncontent:DecaShield"],"picked":"Replay:SS_forest_2","floor":43},{"not_picked":["expansioncontent:LastStand","expansioncontent:InvincibleStrength"],"picked":"expansioncontent:Hexaburn","floor":43},{"not_picked":["expansioncontent:DecaShield","expansioncontent:LastStand"],"picked":"expansioncontent:AwakenDeath","floor":43},{"not_picked":["Slimebound:LeechingTouch+1","Slimebound:PressTheAttack","Slimebound:BestDefense+1"],"picked":"SKIP","floor":44},{"not_picked":["Slimebound:Teamwork+1","Slimebound:ForwardTackle"],"picked":"Slimebound:MegaLick+1","floor":45},{"not_picked":["Slimebound:LevelUp","Slimebound:LeechingTouch+1"],"picked":"Slimebound:MegaLick+1","floor":46},{"not_picked":["Slimebound:GoopTackle+1","Slimebound:SplitMire+1","Slimebound:Equalize"],"picked":"SKIP","floor":49},{"not_picked":["Slimebound:GrowthPunch+1","Slimebound:LeechEnergy+1","Slimebound:PressTheAttack+1"],"picked":"SKIP","floor":52}],"player_experience":2050,"relics_obtained":[{"floor":13,"key":"Letter Opener"},{"floor":24,"key":"Toxic Egg 2"},{"floor":27,"key":"aspiration:StickyExplosives_weak"},{"floor":38,"key":"Mango"},{"floor":39,"key":"HornCleat"},{"floor":41,"key":"Slimebound:MaxSlimesRelic"},{"floor":46,"key":"Whetstone"},{"floor":52,"key":"Replay:Bottled Snecko"}],"event_choices":[{"damage_healed":0,"gold_gain":0,"player_choice":"Forge","damage_taken":0,"max_hp_gain":0,"max_hp_loss":0,"event_name":"Accursed Blacksmith","floor":20,"gold_loss":0,"cards_upgraded":["Slimebound:GrowthPunch"]},{"cards_removed":["AT_DarkMatter"],"damage_healed":0,"gold_gain":0,"player_choice":"Take \u0026 Give","damage_taken":0,"max_hp_gain":0,"max_hp_loss":0,"event_name":"betterNote:BetterNote","floor":21,"gold_loss":0,"cards_obtained":["AT_DarkMatter"]},{"damage_healed":0,"gold_gain":0,"player_choice":"3","damage_taken":0,"max_hp_gain":0,"max_hp_loss":0,"event_name":"betterMatch:BetterMatch","floor":22,"gold_loss":0,"cards_obtained":[]},{"damage_healed":0,"gold_gain":0,"player_choice":"Fight","damage_taken":0,"max_hp_gain":0,"max_hp_loss":0,"event_name":"Mysterious Sphere","floor":38,"gold_loss":0},{"cards_removed":["Slimebound:Gluttony"],"damage_healed":0,"gold_gain":0,"player_choice":"Removed Power","damage_taken":0,"max_hp_gain":0,"max_hp_loss":0,"event_name":"Falling","floor":48,"gold_loss":0}],"is_beta":false,"boss_relics":[{"not_picked":["reliquary:WritOfMandamus","REME_DuelDisc"],"picked":"EasyGame_NEW"},{"not_picked":["ChewingGum","testmod-KeyOfTheVoid","energizedSpire:OgreHead"]}],"items_purged_floors":[5,5,5,5,28,28,40,40,40,53,53],"is_endless":false,"potions_floor_spawned":[6,11,12,16,23,26,30,38,42,44,49],"ascension_level":0}}