{"host":"tvwbxqry54t86y0v","time":1612177313,"event":{"mods":["2.2 Compatiblity","A Magickal Journey","Arknights","Astrologer","BaseMod","Beaked The Cultist","BetterRewards","Block Reminder","Clockwork Mod","Colored Powertips","DeckTracker","Downfall","Fiend Mod","GungeonMod","Hermit","Hubris","Infinite Spire","Ironclad Rager","Marked Mod","Mimic Mod","Minty Spire (QoL Compilation)","Potionbrewer","Replay The Spire","Shade Mod","Somnambulant","StSLib","The Bug Knight","The Cursed","The Death Knight","The Druid","The Elementalist","The Exalted","The Forsaken","The Hierophant","The Jungle","The Marked","The Mystic","The Problem Sleuth","The Runesmith","The Senshi","The Spell Scribe","The Valiant","The Wild Card","TheFirefly","TheHeartMod","Unceasing Turn Reminder","thorton"],"gold_per_floor":[99,118,32,49,63,63,63,63,73,98,114,114,114,114],"floor_reached":12,"language":"ENG","playtime":803,"items_purged":[],"score":80,"play_id":"19d7077f-5b3a-4e34-8442-3374a9aa0e85","local_time":"20210201220153","is_ascension_mode":false,"campfire_choices":[{"floor":1,"key":"RECALL"},{"data":"bronze:Iterate","floor":6,"key":"SMITH"}],"circlet_count":0,"master_deck":["bronze:Strike","bronze:Strike","bronze:Strike","bronze:Strike","bronze:Defend","bronze:Defend","bronze:Defend","bronze:Defend","bronze:Replicate","bronze:Goto","bronze:Iterate+1","bronze:FollowUp","bronze:GetLatest+1","bronze:ForLoop","bronze:FineTuning","bronze:AlphaBuild","bronze:Boost","bronze:Repulsor"],"relics":["bronze:BronzeCore","Bromod:ArcaneTempo","DemoMod:GlassGuonStoneRelic"],"acts_visited":["Exordium"],"potions_floor_usage":[10],"damage_taken":[{"damage":1,"enemies":"Jaw Worm","floor":2,"turns":4},{"damage":5,"enemies":"downfall:FleeingMerchant","floor":3,"turns":4},{"damage":0,"enemies":"Cultist","floor":4,"turns":4},{"damage":6,"enemies":"Small Slimes","floor":5,"turns":3},{"damage":19,"enemies":"Exordium Wildlife","floor":9,"turns":7},{"damage":26,"enemies":"3 Sentries","floor":10,"turns":9},{"damage":11,"enemies":"Blue Slaver","floor":11,"turns":5},{"damage":44,"enemies":"Gremlin Nob","floor":12,"turns":5}],"seed_played":"-736266700058556928","potions_obtained":[{"floor":4,"key":"Adrenaline Potion"},{"floor":9,"key":"potionbrewer:AcidPotion"}],"is_trial":false,"path_per_floor":["R","M","$","M","M","R","T","?","M","E","M","E"],"character_chosen":"THE_AUTOMATON","items_purchased":["bronze:GetLatest"],"campfire_rested":0,"item_purchase_floors":[3],"current_hp_per_floor":[77,76,71,71,65,65,65,65,46,20,9,0,0,0],"gold":114,"neow_bonus":"TEN_PERCENT_HP_BONUS","is_daily":false,"chose_seed":false,"campfire_upgraded":1,"win_rate":0.0,"timestamp":1612177313,"path_taken":["R","M","$","M","M","R","T","?","M","E","M","E"],"items_purchased_type":["Card"],"build_version":"2020-12-22","purchased_purges":0,"victory":false,"max_hp_per_floor":[77,77,77,77,77,77,77,77,77,77,77,77,77,77],"card_choices":[{"not_picked":["bronze:DelayedGuard","bronze:Branch"],"picked":"bronze:Iterate","floor":2},{"not_picked":["bronze:BugBarrage","bronze:Philosophize"],"picked":"bronze:FollowUp","floor":3},{"not_picked":["bronze:Return","bronze:Overheat"],"picked":"bronze:ForLoop","floor":4},{"not_picked":["bronze:Invalidate","bronze:Overheat"],"picked":"bronze:FineTuning","floor":5},{"not_picked":["bronze:BitShift","bronze:ClassDefault"],"picked":"bronze:AlphaBuild","floor":9},{"not_picked":["bronze:OilSpill","bronze:Overheat"],"picked":"bronze:Boost","floor":10},{"not_picked":["bronze:Branch","bronze:DelayedGuard"],"picked":"bronze:Repulsor","floor":11}],"player_experience":1142723,"relics_obtained":[{"floor":10,"key":"Bromod:ArcaneTempo"}],"event_choices":[],"is_beta":false,"boss_relics":[],"items_purged_floors":[],"is_endless":false,"potions_floor_spawned":[4,9],"killed_by":"Gremlin Nob","ascension_level":0}}