{"host":"vca5odlxycr7xk6d","time":1612193208,"event":{"mods":["Act Like it!","Arknights","BaseMod","Better Note","BetterRewards","Gensokyo","GungeonMod","Hermit","Hubris","Infinite Spire","Marisa????????","Minty Spire (QoL Compilation)","Morshu Shopkeeper","Reimu??????","Replay The Spire","Shop Mod","Spire Arcade","StSLib","The Animator","The Cursed","The Fake Hero","The Poker Player"],"gold_per_floor":[119,119,134,134,134,134,153,166,190,200,54,85,85,85,85,184,184,199,199,196,206,206,206,216,216,241,241,259,259,259,173,173,270,270,283,283,308,308,308],"floor_reached":38,"language":"ENG","playtime":1818,"items_purged":["TheCursedMod:Strike_TheCursed"],"score":465,"play_id":"7c11e285-b5b0-4042-81e6-376154810ddd","local_time":"20210201222648","is_ascension_mode":false,"campfire_choices":[{"data":"TheCursedMod:Torture","floor":6,"key":"SMITH"},{"data":"TheCursedMod:SpitefulPlan","floor":13,"key":"SMITH"},{"data":"TheCursedMod:AntiAging","floor":15,"key":"SMITH"},{"data":"TheCursedMod:VoidForm","floor":23,"key":"SMITH"},{"data":"TheCursedMod:DemonicPact","floor":25,"key":"SMITH"},{"floor":27,"key":"REST"},{"floor":29,"key":"REST"},{"data":"TheCursedMod:Grudge","floor":32,"key":"SMITH"}],"circlet_count":0,"master_deck":["TheCursedMod:Strike_TheCursed+1","TheCursedMod:Defend_TheCursed","TheCursedMod:Defend_TheCursed","TheCursedMod:Defend_TheCursed","TheCursedMod:CursedWand","TheCursedMod:CleanUpWorkshop+1","TheCursedMod:Dregs","TheCursedMod:Mangle+1","TheCursedMod:Torture+1","TheCursedMod:Grudge+1","TheCursedMod:CursedAmulet","TheCursedMod:SpitefulPlan+1","TheCursedMod:VoidForm+1","TheCursedMod:AntiAging+1","TheCursedMod:DemonicPact+1","TheCursedMod:FleshFromBone+1","TheCursedMod:WearCloak+1","TheCursedMod:TacticalStrike+1","TheCursedMod:SoulReap+1","TheCursedMod:CursedBoomerang","TheCursedMod:DemonSword","CurseOfTheBell","TheCursedMod:AbyssShockwave+1"],"relics":["TheCursedMod:BlackMagic101","NeowsBlessing","Whetstone","Tiny Chest","ChewingGum","Nloth\u0027s Gift","hubris:PeanutButter","Smiling Mask","Gremlin Food","Calling Bell","Anchor","Meat on the Bone","hubris:64BitClover","hubris:Icosahedron","Replay:Wax Seal"],"acts_visited":["Exordium","TheCity","TheBeyond"],"potions_floor_usage":[12,16,16,24,24,33],"damage_taken":[{"damage":0,"enemies":"Small Slimes","floor":1,"turns":1},{"damage":0,"enemies":"Cultist","floor":3,"turns":1},{"damage":0,"enemies":"Jaw Worm","floor":7,"turns":1},{"damage":10,"enemies":"Looter","floor":8,"turns":4},{"damage":6,"enemies":"Red Slaver","floor":10,"turns":4},{"damage":26,"enemies":"Gremlin Nob","floor":12,"turns":4},{"damage":13,"enemies":"Slime Boss","floor":16,"turns":9},{"damage":31,"enemies":"Spheric Guardian","floor":18,"turns":6},{"damage":4,"enemies":"Shell Parasite","floor":20,"turns":6},{"damage":24,"enemies":"Snake Plant","floor":21,"turns":5},{"damage":22,"enemies":"Slavers","floor":24,"turns":7},{"damage":35,"enemies":"Shelled Parasite and Fungi","floor":28,"turns":5},{"damage":5,"enemies":"hubris:MusketHawk","floor":33,"turns":6},{"damage":14,"enemies":"3 Darklings","floor":35,"turns":5},{"damage":201,"enemies":"Orb Walker","floor":38,"turns":4}],"seed_played":"-1168363583260814324","potions_obtained":[{"floor":1,"key":"SkillPotion"},{"floor":7,"key":"SpeedPotion"},{"floor":12,"key":"SkillPotion"},{"floor":16,"key":"Elixir"},{"floor":20,"key":"ColorlessPotion"},{"floor":21,"key":"Adrenaline Potion"},{"floor":28,"key":"FearPotion"}],"is_trial":false,"path_per_floor":["M","?","M","?","?","R","M","M","T","M","$","E","R","?","R","B",null,"M","?","M","M","T","R","E","R","T","R","M","R","?","$","R","B",null,"M","?","T","M"],"character_chosen":"THE_CURSED","items_purchased":["TheCursedMod:VoidForm","TheCursedMod:CursedBoomerang"],"campfire_rested":2,"item_purchase_floors":[11,31],"current_hp_per_floor":[75,75,75,75,75,75,75,65,65,59,59,33,33,26,26,16,78,50,50,49,28,28,28,6,6,6,32,7,34,34,34,34,34,90,86,86,86,0,0],"gold":308,"neow_bonus":"THREE_ENEMY_KILL","is_daily":false,"chose_seed":false,"campfire_upgraded":6,"win_rate":0.0,"timestamp":1612193208,"path_taken":["M","?","?","?","?","R","M","M","T","M","$","E","R","?","R","BOSS","M","?","M","?","?","R","E","R","T","R","M","R","?","?","R","BOSS","M","?","?","M"],"items_purchased_type":["Card","Card"],"build_version":"2020-12-22","purchased_purges":1,"victory":false,"max_hp_per_floor":[75,75,75,75,75,75,75,75,75,75,75,75,75,75,75,78,78,81,81,84,87,87,87,87,87,87,87,90,90,90,90,90,90,90,93,93,93,96,96],"card_choices":[{"not_picked":["TheCursedMod:SmokeScreen","TheCursedMod:CircleOfWindfury"],"picked":"TheCursedMod:Mangle","floor":1},{"not_picked":["TheCursedMod:CursedMace","TheCursedMod:Stigma"],"picked":"TheCursedMod:Torture","floor":3},{"not_picked":["TheCursedMod:CursedMace","TheCursedMod:BloodBarrier"],"picked":"TheCursedMod:Grudge","floor":7},{"not_picked":["TheCursedMod:TacticalStrike","TheCursedMod:CircleOfWindfury"],"picked":"TheCursedMod:CursedAmulet","floor":8},{"not_picked":["TheCursedMod:SmokeScreen","TheCursedMod:Obscuration"],"picked":"TheCursedMod:SpitefulPlan","floor":10},{"not_picked":["TheCursedMod:Stretching","TheCursedMod:SaltUponWound"],"picked":"TheCursedMod:AntiAging","floor":12},{"not_picked":["TheCursedMod:CircleOfAbyss","TheCursedMod:CursedRelics"],"picked":"TheCursedMod:DemonicPact","floor":16},{"not_picked":["TheCursedMod:Mangle","TheCursedMod:Wield"],"picked":"TheCursedMod:FleshFromBone","floor":18},{"not_picked":["TheCursedMod:CircleOfAbyss","TheCursedMod:CursedBoomerang"],"picked":"TheCursedMod:WearCloak+1","floor":20},{"not_picked":["TheCursedMod:SpreadPlague","TheCursedMod:RavingStaff"],"picked":"TheCursedMod:TacticalStrike+1","floor":21},{"not_picked":["TheCursedMod:FuryStrike","TheCursedMod:Obscuration"],"picked":"TheCursedMod:SoulReap+1","floor":24},{"not_picked":["TheCursedMod:SpitefulPlan","TheCursedMod:CircleOfCorruption","TheCursedMod:TacticalStrike+1"],"picked":"SKIP","floor":28},{"not_picked":["TheCursedMod:StunningStrike","TheCursedMod:ManaCirculation"],"picked":"TheCursedMod:DemonSword","floor":33},{"not_picked":["TheCursedMod:CursedAmulet+1","TheCursedMod:CursedShiv"],"picked":"TheCursedMod:AbyssShockwave+1","floor":35}],"player_experience":545849,"relics_obtained":[{"floor":5,"key":"Whetstone"},{"floor":9,"key":"Tiny Chest"},{"floor":12,"key":"Akabeko"},{"floor":22,"key":"hubris:PeanutButter"},{"floor":24,"key":"Smiling Mask"},{"floor":26,"key":"Gremlin Food"},{"floor":34,"key":"DemoMod:WeirdEgg"},{"floor":34,"key":"Meat on the Bone"},{"floor":34,"key":"hubris:64BitClover"},{"floor":37,"key":"Replay:Wax Seal"}],"event_choices":[{"cards_removed":["TheCursedMod:Strike_TheCursed"],"damage_healed":0,"gold_gain":0,"player_choice":"Offered Basic","damage_taken":0,"max_hp_gain":0,"max_hp_loss":0,"event_name":"Bonfire Elementals","floor":2,"gold_loss":0},{"cards_removed":["TheCursedMod:Defend_TheCursed"],"damage_healed":0,"gold_gain":0,"player_choice":"Forget","damage_taken":0,"max_hp_gain":0,"max_hp_loss":0,"event_name":"Living Wall","floor":4,"gold_loss":0},{"cards_removed":["TheCursedMod:Strike_TheCursed"],"damage_healed":0,"gold_gain":0,"player_choice":"Card Removal","damage_taken":7,"max_hp_gain":0,"max_hp_loss":0,"event_name":"Golden Wing","floor":14,"gold_loss":0},{"damage_healed":0,"gold_gain":0,"player_choice":"Traded Relic","damage_taken":0,"relics_obtained":["Nloth\u0027s Gift"],"max_hp_gain":0,"max_hp_loss":0,"event_name":"N\u0027loth","floor":19,"relics_lost":["Akabeko"],"gold_loss":0},{"damage_healed":0,"gold_gain":0,"player_choice":"Ignored","damage_taken":0,"max_hp_gain":0,"max_hp_loss":0,"event_name":"Fountain of Cleansing","floor":30,"gold_loss":0}],"is_beta":false,"boss_relics":[{"not_picked":["TheCursedMod:FourLeafCloverCharm","RedLine:ReiMu"],"picked":"ChewingGum"},{"not_picked":["Painkiller Herb","hubris:RunicObelisk"],"picked":"Calling Bell"}],"items_purged_floors":[31],"is_endless":false,"potions_floor_spawned":[1,7,12,16,20,21,28],"killed_by":"Orb Walker","ascension_level":0}}