{"host":"r4aerl4ckfvw1dw3","time":1612198832,"event":{"mods":["BaseMod","BetterRewards","Minty Spire (QoL Compilation)","Quick Restart","StSLib"],"gold_per_floor":[113,184,196,209,229,229,258,162,162,162,179,191,191,216,216,313,363,374,394,406,126,126,46,46,46],"floor_reached":24,"language":"ENG","playtime":1473,"items_purged":[],"score":373,"play_id":"73d686f2-8529-4c48-a051-9ee808ea227a","local_time":"20210201090032","is_ascension_mode":true,"campfire_choices":[{"data":"Barricade","floor":6.0,"key":"SMITH"},{"floor":10.0,"key":"RECALL"},{"data":"Trip","floor":15.0,"key":"SMITH"}],"circlet_count":0,"master_deck":["Strike_R","Strike_R","Strike_R","Strike_R","Strike_R","Defend_R","Defend_R","Defend_R+1","Defend_R","Bash","Feed","Trip+1","Flame Barrier","Armaments","Dropkick","Barricade+1","Heavy Blade","Anger","Thunderclap","Impervious","Shockwave","Iron Wave","Iron Wave","Ghostly Armor","Disarm"],"relics":["Burning Blood","Bronze Scales","Bottled Flame","Meat on the Bone","Darkstone Periapt","Tiny House","MealTicket","MutagenicStrength","Boot"],"acts_visited":["Exordium","TheCity"],"potions_floor_usage":[24,24,24],"damage_taken":[{"damage":1.0,"enemies":"2 Louse","floor":1.0,"turns":2.0},{"damage":0.0,"enemies":"Cultist","floor":3.0,"turns":4.0},{"damage":0.0,"enemies":"Small Slimes","floor":4.0,"turns":3.0},{"damage":10.0,"enemies":"Exordium Thugs","floor":5.0,"turns":5.0},{"damage":18.0,"enemies":"3 Sentries","floor":7.0,"turns":10.0},{"damage":4.0,"enemies":"Exordium Wildlife","floor":11.0,"turns":5.0},{"damage":8.0,"enemies":"3 Louse","floor":12.0,"turns":3.0},{"damage":23.0,"enemies":"Lagavulin","floor":14.0,"turns":8.0},{"damage":45.0,"enemies":"Slime Boss","floor":16.0,"turns":13.0},{"damage":7.0,"enemies":"Chosen","floor":18.0,"turns":8.0},{"damage":18.0,"enemies":"3 Byrds","floor":19.0,"turns":4.0},{"damage":33,"enemies":"Shelled Parasite and Fungi","floor":20,"turns":9},{"damage":113,"enemies":"Gremlin Leader","floor":24,"turns":14}],"seed_played":"7324416791606825881","potions_obtained":[{"floor":1.0,"key":"BloodPotion"},{"floor":4.0,"key":"Explosive Potion"},{"floor":11.0,"key":"SkillPotion"},{"floor":12.0,"key":"ElixirPotion"},{"floor":19.0,"key":"FearPotion"}],"is_trial":false,"path_per_floor":["M","?","M","M","M","R","E","$","T","R","M","M","?","E","R","B",null,"M","M","M","$","?","?","E"],"character_chosen":"IRONCLAD","items_purchased":["Bronze Scales","Feed","Trip","Fruit Juice","Disarm","Explosive Potion","MealTicket"],"campfire_rested":0,"item_purchase_floors":[0,0,0,8,21,21,21],"current_hp_per_floor":[80,80,80,83,82,82,73,78,78,78,83,84,84,71,71,48,113,112,103,76,76,76,76,0,0],"gold":46,"neow_bonus":"","is_daily":false,"chose_seed":false,"campfire_upgraded":2,"win_rate":0.0,"timestamp":1612198832,"path_taken":["M","?","M","M","M","R","E","$","T","R","M","M","?","E","R","BOSS","M","M","M","$","?","?","E"],"items_purchased_type":["Relic","Card","Card","Potion","Card","Potion","Relic"],"build_version":"2020-12-22","purchased_purges":0,"victory":false,"max_hp_per_floor":[80,80,80,83,86,86,89,94,94,94,97,100,100,104,104,108,113,113,116,116,116,116,116,116,116],"card_choices":[{"not_picked":["Clothesline","Perfected Strike"],"picked":"Flame Barrier","floor":1.0},{"not_picked":["Flex","Shrug It Off"],"picked":"Armaments","floor":3.0},{"not_picked":["Sever Soul","Shockwave"],"picked":"Dropkick","floor":4.0},{"not_picked":["Sword Boomerang","Battle Trance"],"picked":"Barricade","floor":5.0},{"not_picked":["Clash","Clothesline","Dual Wield"],"picked":"SKIP","floor":7.0},{"not_picked":["Feel No Pain","Sword Boomerang"],"picked":"Heavy Blade","floor":11.0},{"not_picked":["Clash","Combust"],"picked":"Anger","floor":12.0},{"not_picked":["Hemokinesis","Second Wind"],"picked":"Thunderclap","floor":14.0},{"not_picked":["Juggernaut","Brutality"],"picked":"Impervious","floor":16.0},{"not_picked":["Pummel","Hemokinesis"],"picked":"Shockwave","floor":17.0},{"not_picked":["Wild Strike","Pommel Strike"],"picked":"Iron Wave","floor":18.0},{"not_picked":["Warcry+1","True Grit"],"picked":"Iron Wave","floor":19.0},{"not_picked":["Dark Embrace","Clothesline"],"picked":"Ghostly Armor","floor":20}],"player_experience":456159,"relics_obtained":[{"floor":7.0,"key":"Bottled Flame"},{"floor":9.0,"key":"Meat on the Bone"},{"floor":14.0,"key":"Darkstone Periapt"}],"event_choices":[{"damage_healed":0.0,"max_hp_gain":0.0,"max_hp_loss":0.0,"gold_gain":71.0,"event_name":"Golden Wing","player_choice":"Gained Gold","floor":2.0,"gold_loss":0.0,"damage_taken":0.0},{"damage_healed":0.0,"max_hp_gain":0.0,"max_hp_loss":0.0,"gold_gain":0.0,"event_name":"The Cleric","player_choice":"Leave","floor":13.0,"gold_loss":0.0,"damage_taken":0.0},{"damage_healed":0,"gold_gain":0,"player_choice":"Inject Mutagens","damage_taken":0,"relics_obtained":["MutagenicStrength"],"max_hp_gain":0,"max_hp_loss":0,"event_name":"Drug Dealer","floor":22,"gold_loss":0},{"damage_healed":0,"gold_gain":0,"player_choice":"Paid Gold","damage_taken":0,"relics_obtained":["Boot"],"max_hp_gain":0,"max_hp_loss":0,"event_name":"WeMeetAgain","floor":23,"gold_loss":80}],"is_beta":false,"boss_relics":[{"not_picked":["Pandora\u0027s Box","Velvet Choker"],"picked":"Tiny House"}],"items_purged_floors":[],"is_endless":false,"potions_floor_spawned":[1,4,11,12,19],"killed_by":"Gremlin Leader","ascension_level":1}}