{"host":"Lucas","time":1612176981,"event":{"mods":["BaseMod","Downfall","Minty Spire (QoL Compilation)","READ ME - Guardian Mod","StSLib","The Cursed","The Disciple","The Necromancer","The Servant 0.9.4"],"gold_per_floor":[99,116,135,153,253,273,296,296,296,296,311,311,311,321,332,428,428,428,441,441,454,474,484,484,484,484,518,131,131,44,83,103,103,103,103],"floor_reached":33,"language":"ENG","playtime":2904,"items_purged":["downfall:Bewildered"],"score":329,"play_id":"2b02a08c-fa5a-44e4-ae87-c82d6aba72f3","local_time":"20210201105621","is_ascension_mode":false,"campfire_choices":[{"data":"champ:Execute","floor":1,"key":"SMITH"},{"data":"champ:Encircle","floor":9,"key":"SMITH"},{"data":"champ:UltimateStance","floor":18,"key":"SMITH"},{"floor":26,"key":"REST"}],"circlet_count":0,"master_deck":["champ:Strike","champ:Strike","champ:Strike","champ:Strike","champ:Defend","champ:Defend","champ:Defend","champ:Defend","champ:Execute+1","champ:Taunt","champ:Encircle+1","champ:BringItOn","champ:CrownThrow","CurseOfTheBell","CurseOfTheBell","downfall:Icky","champ:VampiricStrike","champ:ShieldSlam","champ:FaceSlap","champ:Duel","champ:PreciseThrust","champ:UltimateStance+1","champ:FlashCut","champ:FanOfKnives","champ:ShieldWall","champ:Shatter","champ:GladiatorStyle","champ:FanOfKnives+1","champ:Parry","champ:UltimateStance","champ:IgnorePain","champ:Encircle+1","expansioncontent:QuickStudy","champ:FalseCounter+1","champ:SetATrap+1"],"relics":["champ:ChampionCrown","downfall:ExtraCursedBell","Bag of Preparation","The Courier","Pocketwatch","PreservedInsect","Sozu","Pantograph","Akabeko","Membership Card","Pear","CeramicFish"],"acts_visited":["Exordium","TheCity"],"potions_floor_usage":[16,27,27],"damage_taken":[{"damage":10,"enemies":"Small Slimes","floor":2,"turns":3},{"damage":4,"enemies":"Jaw Worm","floor":3,"turns":5},{"damage":0,"enemies":"2 Louse","floor":4,"turns":3},{"damage":13,"enemies":"Red Slaver","floor":6,"turns":2},{"damage":17,"enemies":"Gremlin Gang","floor":11,"turns":4},{"damage":10,"enemies":"Large Slime","floor":14,"turns":4},{"damage":29,"enemies":"3 Louse","floor":15,"turns":3},{"damage":87,"enemies":"WA_ARCHETYPE_RETAIN","floor":16,"turns":8},{"damage":22,"enemies":"Shell Parasite","floor":19,"turns":5},{"damage":0,"enemies":"Chosen","floor":20,"turns":1},{"damage":41,"enemies":"Snake Plant","floor":21,"turns":4},{"damage":20,"enemies":"Chosen and Byrds","floor":22,"turns":4},{"damage":35,"enemies":"Cultist and Chosen","floor":23,"turns":6},{"damage":57,"enemies":"Slavers","floor":27,"turns":3},{"damage":25,"enemies":"downfall:FleeingMerchant","floor":28,"turns":4},{"damage":30,"enemies":"downfall:FleeingMerchant","floor":30,"turns":4},{"damage":48,"enemies":"Gremlin Leader","floor":31,"turns":4},{"damage":25,"enemies":"Snecko","floor":32,"turns":4},{"damage":114,"enemies":"SI_MIRROR_ARCHETYPE","floor":33,"turns":8}],"seed_played":"6367179614446726246","potions_obtained":[{"floor":3,"key":"SteroidPotion"},{"floor":4,"key":"AttackPotion"},{"floor":11,"key":"BlessingOfTheForge"}],"is_trial":false,"path_per_floor":["R","M","M","M","?","M","T","?","R","?","M","?","?","M","M","B",null,"R","M","M","M","M","M","T","?","R","E","$","?","$","E","M","B"],"character_chosen":"THE_CHAMP","items_purchased":["Membership Card","Pear","champ:UltimateStance","champ:IgnorePain","expansioncontent:QuickStudy"],"campfire_rested":1,"item_purchase_floors":[28,28,28,28,30],"current_hp_per_floor":[99,99,95,95,100,87,87,87,87,87,80,80,80,80,66,9,104,104,97,97,81,76,56,56,56,87,50,60,60,60,42,32,0,0,0],"gold":103,"neow_bonus":"TEN_PERCENT_HP_BONUS","is_daily":false,"chose_seed":false,"campfire_upgraded":3,"win_rate":0.0,"timestamp":1612176981,"path_taken":["R","M","M","M","?","M","T","?","R","?","?","?","?","?","M","BOSS","R","M","M","M","M","?","T","?","R","E","$","?","$","E","M","BOSS"],"items_purchased_type":["Relic","Relic","Card","Card","Card"],"build_version":"2020-12-18","purchased_purges":1,"victory":false,"max_hp_per_floor":[99,99,99,99,104,104,104,104,104,104,104,104,104,104,104,104,104,104,104,104,104,104,104,104,104,104,104,114,114,114,114,114,114,114,114],"card_choices":[{"not_picked":["champ:FocusedDefense","champ:SkillfulDodge"],"picked":"champ:Encircle","floor":2},{"not_picked":["champ:EnGarde","champ:BladeFlurry"],"picked":"champ:BringItOn","floor":3},{"not_picked":["champ:PerfectedStrike","champ:PreemptiveStrike"],"picked":"champ:CrownThrow","floor":4},{"not_picked":["champ:Lariat","champ:PreemptiveStrike"],"picked":"champ:ShieldSlam","floor":6},{"not_picked":["champ:FanOfKnives","champ:PreciseThrust"],"picked":"champ:FaceSlap","floor":11},{"not_picked":["champ:PreemptiveStrike","champ:BerserkersShout"],"picked":"champ:Duel","floor":14},{"not_picked":["champ:ArenaPreparation","champ:Haymaker"],"picked":"champ:PreciseThrust","floor":15},{"not_picked":["champ:MurderStrike","champ:DancingMaster"],"picked":"champ:UltimateStance","floor":16},{"not_picked":["champ:GutPunch+1","champ:Backstep"],"picked":"champ:FlashCut","floor":19},{"not_picked":["champ:BringItOn","champ:Lariat"],"picked":"champ:FanOfKnives","floor":20},{"not_picked":["champ:PerfectedStrike","champ:RecklessLeap"],"picked":"champ:ShieldWall","floor":21},{"not_picked":["champ:PerfectedStrike+1","champ:Lariat"],"picked":"champ:Shatter","floor":22},{"not_picked":["champ:FanOfKnives","champ:FlashCut"],"picked":"champ:GladiatorStyle","floor":23},{"not_picked":["champ:Backstep","champ:PerfectedStrike"],"picked":"champ:FanOfKnives+1","floor":27},{"not_picked":["champ:FocusedDefense","champ:Backstep"],"picked":"champ:Parry","floor":28},{"not_picked":["champ:Improvising","champ:EnGarde"],"picked":"champ:Encircle+1","floor":30},{"not_picked":["champ:TornadoPunch","champ:FocusedBerserking"],"picked":"champ:FalseCounter+1","floor":31},{"not_picked":["champ:AdrenalArmor+1","champ:PerfectedStrike"],"picked":"champ:SetATrap+1","floor":32}],"player_experience":1248974,"relics_obtained":[{"floor":5,"key":"Bag of Preparation"},{"floor":5,"key":"The Courier"},{"floor":5,"key":"Pocketwatch"},{"floor":7,"key":"PreservedInsect"},{"floor":24,"key":"Pantograph"},{"floor":27,"key":"Akabeko"},{"floor":31,"key":"CeramicFish"}],"event_choices":[{"cards_removed":["downfall:Haunted"],"damage_healed":0,"gold_gain":0,"player_choice":"Forget","damage_taken":0,"max_hp_gain":0,"max_hp_loss":0,"event_name":"Living Wall","floor":10,"gold_loss":0},{"damage_healed":0,"gold_gain":0,"player_choice":"Ignored","damage_taken":0,"max_hp_gain":0,"max_hp_loss":0,"event_name":"Vampires","floor":25,"gold_loss":0}],"is_beta":true,"boss_relics":[{"not_picked":["Runic Pyramid","Fusion Hammer"],"picked":"Sozu"}],"items_purged_floors":[28],"is_endless":false,"potions_floor_spawned":[3,4,11,22,23,27,31,32],"killed_by":"SI_MIRROR_ARCHETYPE","ascension_level":0}}