{"host":"8i4doyxqctgl5qb0","time":1612208285,"event":{"mods":["AchievementEnabler","BaseMod","Block Reminder","Colored Powertips","Downfall","Minty Spire (QoL Compilation)","Permanent Neow","Potion Indicator Mod","Rare Cards Sparkle","StSLib","SuperFastMode","The Jungle"],"gold_per_floor":[18,18,18,33,53,53,53,91,118,149,149,149,172,190,190,190,190],"floor_reached":16,"language":"ZHS","playtime":405,"items_purged":[],"score":196,"play_id":"fa36abae-aeb8-45eb-8853-b32d72680118","local_time":"20210202033805","is_ascension_mode":true,"campfire_choices":[{"data":"Armaments","floor":6.0,"key":"SMITH"},{"floor":12.0,"key":"REST"},{"floor":15.0,"key":"REST"}],"circlet_count":0,"master_deck":["AscendersBane","Strike_R","Strike_R","Strike_R","Strike_R","Defend_R","Defend_R","Defend_R","Defend_R","Bash","Dual Wield","Twin Strike","Clash","Armaments+1","Injury","Disarm","Impervious","Entrench"],"relics":["Burning Blood","Golden Idol","Blood Vial","Ancient Tea Set","White Beast Statue","Vajra"],"acts_visited":["Exordium"],"potions_floor_usage":[],"damage_taken":[{"damage":10.0,"enemies":"Small Slimes","floor":1.0,"turns":4.0},{"damage":0.0,"enemies":"2 Louse","floor":4.0,"turns":3.0},{"damage":1.0,"enemies":"Cultist","floor":5.0,"turns":3.0},{"damage":37.0,"enemies":"Lagavulin","floor":8.0,"turns":9.0},{"damage":13.0,"enemies":"Gremlin Nob","floor":10.0,"turns":4.0},{"damage":23.0,"enemies":"Large Slime","floor":13.0,"turns":8.0},{"damage":3.0,"enemies":"2 Fungi Beasts","floor":14.0,"turns":6.0},{"damage":82,"enemies":"Hexaghost","floor":16,"turns":15}],"seed_played":"601231322036521219","potions_obtained":[{"floor":4.0,"key":"SmokeBomb"},{"floor":5.0,"key":"EssenceOfSteel"},{"floor":13.0,"key":"SteroidPotion"}],"is_trial":false,"path_per_floor":["M","?","?","M","M","R","?","E","T","E","?","R","M","M","R","B"],"character_chosen":"IRONCLAD","items_purchased":[],"campfire_rested":2,"item_purchase_floors":[],"current_hp_per_floor":[84,84,75,81,86,86,86,55,55,50,32,60,45,50,78,0,0],"gold":190,"neow_bonus":"TWENTY_PERCENT_HP_BONUS","is_daily":false,"chose_seed":false,"campfire_upgraded":1,"win_rate":0.0,"timestamp":1612208285,"path_taken":["M","?","?","?","M","R","?","E","T","E","?","R","M","M","R","BOSS"],"items_purchased_type":[],"build_version":"2020-12-22","purchased_purges":0,"victory":false,"max_hp_per_floor":[96,96,96,96,96,96,96,96,96,96,96,96,96,96,96,96,96],"card_choices":[{"not_picked":["Twin Strike","Perfected Strike"],"picked":"Dual Wield","floor":1.0},{"not_picked":["Clothesline","Sword Boomerang"],"picked":"Clash","floor":4.0},{"not_picked":["Thunderclap","Body Slam"],"picked":"Armaments","floor":5.0},{"not_picked":["Iron Wave","Havoc"],"picked":"Disarm","floor":8.0},{"not_picked":["Rampage","Sever Soul"],"picked":"Impervious","floor":10.0},{"not_picked":["Second Wind","Wild Strike","Thunderclap"],"picked":"SKIP","floor":13.0},{"not_picked":["Anger","Pommel Strike"],"picked":"Entrench","floor":14.0}],"player_experience":264724,"relics_obtained":[{"floor":8.0,"key":"Blood Vial"},{"floor":9.0,"key":"Ancient Tea Set"},{"floor":10.0,"key":"White Beast Statue"}],"event_choices":[{"damage_healed":0.0,"max_hp_gain":0.0,"max_hp_loss":0.0,"gold_gain":0.0,"cards_transformed":["Strike_R"],"event_name":"Living Wall","player_choice":"Change","floor":2.0,"gold_loss":0.0,"damage_taken":0.0,"cards_obtained":["Twin Strike"]},{"damage_healed":0.0,"max_hp_gain":0.0,"max_hp_loss":0.0,"gold_gain":0.0,"event_name":"Wheel of Change","player_choice":"Damaged","floor":3.0,"gold_loss":0.0,"damage_taken":9.0},{"damage_healed":0.0,"max_hp_gain":0.0,"max_hp_loss":0.0,"gold_gain":0.0,"event_name":"Golden Idol","player_choice":"Take Wound","floor":7.0,"gold_loss":0.0,"damage_taken":0.0,"relics_obtained":["Golden Idol"],"cards_obtained":["Injury"]},{"damage_healed":0.0,"max_hp_gain":0.0,"max_hp_loss":0.0,"gold_gain":0.0,"event_name":"Scrap Ooze","player_choice":"Success","floor":11.0,"gold_loss":0.0,"damage_taken":18.0,"relics_obtained":["Vajra"]}],"is_beta":false,"boss_relics":[],"items_purged_floors":[],"is_endless":false,"potions_floor_spawned":[4,5,13,14],"killed_by":"Hexaghost","ascension_level":11}}