{"host":"4frmwgfdu3ku469n","time":1612208541,"event":{"mods":["BaseMod","Minty Spire (QoL Compilation)","StSLib"],"gold_per_floor":[109,121,141,157,169,169,186,361,410,297,4,4,24,24,24,122,122,133,146,21,39,39,39,39],"floor_reached":23,"language":"ZHS","playtime":647,"items_purged":["Doubt","Strike_G","Strike_G"],"score":287,"play_id":"d58d03f2-9c1f-425d-9da3-5b08c4bdaed7","local_time":"20210202034221","is_ascension_mode":true,"campfire_choices":[{"data":"Cloak And Dagger","floor":6.0,"key":"SMITH"},{"data":"Noxious Fumes","floor":12.0,"key":"SMITH"},{"data":"Venomology","floor":15.0,"key":"SMITH"}],"circlet_count":0,"master_deck":["AscendersBane","Strike_G","Strike_G","Strike_G","Defend_G","Defend_G","Defend_G","Defend_G","Defend_G","Survivor","Neutralize","Infinite Blades","Cloak And Dagger+1","Quick Slash","Cloak And Dagger","Noxious Fumes+1","Venomology+1","Venomology","Acrobatics","Accuracy"],"relics":["WristBlade","Bag of Preparation","OrangePellets","Black Star","MutagenicStrength"],"acts_visited":["Exordium","TheCity"],"potions_floor_usage":[23,23],"damage_taken":[{"damage":2.0,"enemies":"Cultist","floor":1.0,"turns":4.0},{"damage":4.0,"enemies":"2 Louse","floor":2.0,"turns":4.0},{"damage":0.0,"enemies":"Jaw Worm","floor":3.0,"turns":4.0},{"damage":10.0,"enemies":"Gremlin Gang","floor":4.0,"turns":5.0},{"damage":3.0,"enemies":"Looter","floor":5.0,"turns":4.0},{"damage":13.0,"enemies":"3 Louse","floor":7.0,"turns":4.0},{"damage":0.0,"enemies":"2 Fungi Beasts","floor":13.0,"turns":3.0},{"damage":20.0,"enemies":"Hexaghost","floor":16.0,"turns":8.0},{"damage":11.0,"enemies":"Spheric Guardian","floor":18.0,"turns":4.0},{"damage":27.0,"enemies":"Chosen","floor":19.0,"turns":6.0},{"damage":15.0,"enemies":"Snake Plant","floor":21.0,"turns":5.0},{"damage":13,"enemies":"Gremlin Leader","floor":23,"turns":4}],"seed_played":"-2981590202762019401","potions_obtained":[{"floor":2.0,"key":"DuplicationPotion"},{"floor":5.0,"key":"EntropicBrew"},{"floor":16.0,"key":"LiquidMemories"},{"floor":19.0,"key":"Poison Potion"}],"is_trial":false,"path_per_floor":["M","M","M","M","M","R","M","?","T","$","$","R","M","?","R","B",null,"M","M","$","M","?","E"],"character_chosen":"THE_SILENT","items_purchased":["Noxious Fumes","OrangePellets","ColorlessPotion"],"campfire_rested":0,"item_purchase_floors":[10,11,11],"current_hp_per_floor":[61,57,57,47,44,44,43,43,43,43,43,43,43,43,43,23,58,47,20,20,5,5,0,0],"gold":39,"neow_bonus":"BOSS_RELIC","is_daily":false,"chose_seed":false,"campfire_upgraded":3,"win_rate":0.0,"timestamp":1612208541,"path_taken":["M","M","M","M","M","R","?","?","T","?","$","R","?","?","R","BOSS","M","M","$","M","?","E"],"items_purchased_type":["Card","Relic","Potion"],"build_version":"2020-12-22","purchased_purges":3,"victory":false,"max_hp_per_floor":[70,70,70,70,70,70,70,70,70,70,70,70,70,70,70,70,70,70,70,70,70,70,70,70],"card_choices":[{"not_picked":["Poisoned Stab","Dodge and Roll","Bane"],"picked":"SKIP","floor":1.0},{"not_picked":["Poisoned Stab","Calculated Gamble"],"picked":"Infinite Blades","floor":2.0},{"not_picked":["Eviscerate","Choke"],"picked":"Cloak And Dagger","floor":3.0},{"not_picked":["Sucker Punch","Prepared","Poisoned Stab"],"picked":"SKIP","floor":4.0},{"not_picked":["Backstab","Acrobatics"],"picked":"Quick Slash","floor":5.0},{"not_picked":["Flechettes","Acrobatics"],"picked":"Cloak And Dagger","floor":7.0},{"not_picked":["Crippling Poison","Cloak And Dagger"],"picked":"Venomology","floor":13.0},{"not_picked":["Storm of Steel","Grand Finale"],"picked":"Venomology","floor":16.0},{"not_picked":["Caltrops","Dagger Spray","Slice"],"picked":"SKIP","floor":18.0},{"not_picked":["Riddle With Holes+1","Skewer"],"picked":"Acrobatics","floor":19.0},{"not_picked":["Deadly Poison","Backflip"],"picked":"Accuracy","floor":21.0}],"player_experience":669741,"relics_obtained":[{"floor":9.0,"key":"Bag of Preparation"}],"event_choices":[{"damage_healed":0.0,"max_hp_gain":0.0,"max_hp_loss":0.0,"gold_gain":175.0,"event_name":"Liars Game","player_choice":"AGREE","floor":8.0,"gold_loss":0.0,"damage_taken":0.0,"cards_obtained":["Doubt"]},{"damage_healed":0.0,"max_hp_gain":0.0,"max_hp_loss":0.0,"gold_gain":0.0,"event_name":"Scrap Ooze","player_choice":"Fled","floor":14.0,"gold_loss":0.0,"damage_taken":0.0},{"damage_healed":0.0,"max_hp_gain":0.0,"max_hp_loss":0.0,"gold_gain":0.0,"event_name":"Drug Dealer","player_choice":"Inject Mutagens","floor":22.0,"gold_loss":0.0,"damage_taken":0.0,"relics_obtained":["MutagenicStrength"]}],"is_beta":false,"boss_relics":[{"not_picked":["Calling Bell","Cursed Key"],"picked":"Black Star"}],"items_purged_floors":[10,11,20],"is_endless":false,"potions_floor_spawned":[2,5,16,19],"killed_by":"Gremlin Leader","ascension_level":11}}