{"host":"va54hb6vb0xjmjwj","time":1612191747,"event":{"mods":["BaseMod","Highlight Path","Minty Spire (QoL Compilation)","Replay The Spire","StSLib"],"gold_per_floor":[110,125,125,125,141,166,166,182,182,182,100,114,132,132,132,227,227,245,344,190,209,223,254,274,222,222,222,57,75,91,105,105,205,205,222,294,311,323,52,65,79,79,79,79,96,96,96],"floor_reached":46,"language":"ENG","playtime":3934,"items_purged":[],"score":598,"play_id":"03e9eed1-57e6-40a8-95b7-8ece68cafcc6","local_time":"20210201100227","is_ascension_mode":false,"campfire_choices":[{"data":"Limit Break","floor":7,"key":"SMITH"},{"floor":15,"key":"REST"},{"floor":27,"key":"REST"},{"floor":32,"key":"REST"},{"floor":42,"key":"REST"}],"circlet_count":0,"master_deck":["Strike_R+1","Strike_R+1","Strike_R+1","Strike_R+1","Defend_R","Defend_R","Defend_R","Defend_R","Bash","Apotheosis+1","Thunderclap","ReplayTheSpireMod:Stacked","Sword Boomerang","Limit Break+1","Battle Trance","Thunderclap","Shrug It Off+1","Life Link","Iron Wave","Demon Form","Replay:Undeath\u0027s Touch","Heavy Blade","Headbutt","Evolve+1","Flex+1","Flex","Replay:BasicMightCard","Replay:BasicMightCard","Power Through+1","ReplayTheSpireMod:Corrosion Curse+1","Replay:Undeath\u0027s Touch+1","Juggernaut","Thunderclap","ReplayTheSpireMod:Splinters","True Grit","Whirlwind","Thunderclap","Crow Ritual","Replay:Undeath\u0027s Touch","Replay:Undeath\u0027s Touch","Parasite","Flex+1","Heavy Blade","Forethought","Thunderclap+1"],"relics":["Burning Blood","ReplayTheSpireMod:Ninjato","Replay:Bottled Steam","Replay:Bottled Eggs","Thread and Needle","ReplayTheSpireMod:Spearhead","Empty Cage","Blue Doll","PreservedInsect","Matryoshka","Honey Jar","Divine Protection","Lantern","Pen Nib","Blue Candle"],"acts_visited":["Exordium","TheCity","TheBeyond"],"potions_floor_usage":[18,22,22,30,33,35,38,38,40,45],"damage_taken":[{"damage":3,"enemies":"Jaw Worm","floor":1,"turns":3},{"damage":12,"enemies":"2 Louse","floor":2,"turns":2},{"damage":0,"enemies":"Small Slimes","floor":5,"turns":4},{"damage":28,"enemies":"Gremlin Nob","floor":6,"turns":5},{"damage":12,"enemies":"Exordium Thugs","floor":8,"turns":5},{"damage":0,"enemies":"2 Fungi Beasts","floor":12,"turns":3},{"damage":3,"enemies":"Lots of Slimes","floor":13,"turns":3},{"damage":47,"enemies":"The Guardian","floor":16,"turns":10},{"damage":15,"enemies":"3 Byrds","floor":18,"turns":7},{"damage":12,"enemies":"Spheric Guardian","floor":21,"turns":6},{"damage":13,"enemies":"Centurion and Healer","floor":22,"turns":5},{"damage":11,"enemies":"Replay:Snechameleon","floor":23,"turns":5},{"damage":37,"enemies":"Snake Plant","floor":24,"turns":3},{"damage":22,"enemies":"Shelled Parasite and Fungi","floor":29,"turns":4},{"damage":8,"enemies":"Centurion and Healer","floor":30,"turns":6},{"damage":3,"enemies":"Snake Plant","floor":31,"turns":4},{"damage":0,"enemies":"Champ","floor":33,"turns":9},{"damage":38,"enemies":"3 Darklings","floor":35,"turns":6},{"damage":0,"enemies":"3 Shapes","floor":37,"turns":5},{"damage":16,"enemies":"3 Darklings","floor":38,"turns":5},{"damage":20,"enemies":"Writhing Mass","floor":40,"turns":7},{"damage":10,"enemies":"Spire Growth","floor":41,"turns":5},{"damage":10,"enemies":"Maw","floor":45,"turns":7},{"damage":46,"enemies":"Jaw Worm Horde","floor":46,"turns":3}],"seed_played":"-1167886757131025445","potions_obtained":[{"floor":1,"key":"Toxic Potion"},{"floor":12,"key":"FearPotion"},{"floor":13,"key":"GamblersBrew"},{"floor":21,"key":"AttackPotion"},{"floor":29,"key":"Block Potion"},{"floor":30,"key":"Venom Potion"},{"floor":31,"key":"Energy Potion"},{"floor":36,"key":"LiquidBronze"},{"floor":36,"key":"Ancient Potion"},{"floor":36,"key":"Reflective Coating"},{"floor":36,"key":"Block Potion"},{"floor":37,"key":"SkillPotion"},{"floor":41,"key":"Weak Potion"}],"is_trial":false,"path_per_floor":["M","M","?","?","M","E","R","M","T","?","$","M","M","?","R","B",null,"M","?","$","M","M","E","M","$","T","R","$","M","M","M","R","B",null,"M","?","M","M","$","M","M","R","T","?","M","M"],"character_chosen":"IRONCLAD","items_purchased":["Thunderclap","Shrug It Off+1","Blue Doll","Flex","Replay:BasicMightCard","Doom Potion","Crow Ritual","Replay:Undeath\u0027s Touch","Lantern"],"campfire_rested":4,"item_purchase_floors":[11,11,20,25,28,28,39,39,39],"current_hp_per_floor":[72,66,59,59,65,43,43,37,37,37,37,43,46,46,67,26,72,63,63,63,57,50,45,14,14,14,35,35,19,17,20,41,47,72,40,40,46,36,36,22,18,39,39,39,35,0,0],"gold":96,"neow_bonus":"RANDOM_COLORLESS_2","is_daily":false,"chose_seed":false,"campfire_upgraded":1,"win_rate":0.0,"timestamp":1612191747,"path_taken":["M","M","?","?","M","E","R","M","T","?","$","M","?","?","R","BOSS","M","?","?","M","?","E","M","$","T","R","$","M","M","M","R","BOSS","M","?","M","M","$","M","M","R","T","?","M","M"],"items_purchased_type":["Card","Card","Relic","Card","Card","Potion","Card","Card","Relic"],"build_version":"2020-12-22","purchased_purges":0,"victory":false,"max_hp_per_floor":[72,72,72,72,72,72,72,72,72,72,72,72,72,72,72,72,72,72,72,72,72,72,72,72,72,72,72,72,72,72,72,72,72,72,72,72,72,72,72,72,72,72,72,72,72,72,72],"card_choices":[{"not_picked":["Midas Touch","Chrysalis"],"picked":"Apotheosis","floor":0},{"not_picked":["Perfected Strike","Anger"],"picked":"Thunderclap","floor":1},{"not_picked":["Body Slam","Infernal Blade"],"picked":"ReplayTheSpireMod:Stacked","floor":2},{"not_picked":["Heavy Blade","Hemokinesis"],"picked":"Sword Boomerang","floor":5},{"not_picked":["Thunderclap","Iron Wave"],"picked":"Limit Break","floor":6},{"not_picked":["Fire Breathing","ReplayTheSpireMod:Strike From Hell"],"picked":"Battle Trance","floor":8},{"not_picked":["Seeing Red","Twin Strike"],"picked":"Life Link","floor":12},{"not_picked":["Hemogenesis","Clothesline"],"picked":"Iron Wave","floor":13},{"not_picked":["Offering","Berserk"],"picked":"Demon Form","floor":16},{"not_picked":["Perfected Strike","Shrug It Off"],"picked":"Replay:Undeath\u0027s Touch","floor":18},{"not_picked":["Infernal Blade","ReplayTheSpireMod:Strike From Hell"],"picked":"Heavy Blade","floor":21},{"not_picked":["Uppercut","Twin Strike"],"picked":"Headbutt","floor":22},{"not_picked":["Pommel Strike+1","Armaments+1"],"picked":"Evolve+1","floor":23},{"not_picked":["Havoc","Twin Strike"],"picked":"Flex+1","floor":24},{"not_picked":["Burning Pact","Uppercut"],"picked":"Power Through+1","floor":29},{"not_picked":["Warcry+1","Ghostly Armor+1"],"picked":"ReplayTheSpireMod:Corrosion Curse+1","floor":30},{"not_picked":["Carnage+1","Berserk"],"picked":"Replay:Undeath\u0027s Touch+1","floor":31},{"not_picked":["Exhume","Berserk"],"picked":"Juggernaut","floor":33},{"not_picked":["Dark Embrace+1","Fire Breathing","Rampage"],"picked":"Thunderclap","floor":35},{"not_picked":["Warcry+1","Clash+1","Headbutt"],"picked":"True Grit","floor":36},{"not_picked":["Metallicize","Searing Blow","Heavy Blade"],"picked":"Whirlwind","floor":37},{"not_picked":["True Grit","Intimidate","Metallicize+1"],"picked":"Thunderclap","floor":38},{"not_picked":["Armaments","Shrug It Off","Life Link"],"picked":"Flex+1","floor":40},{"not_picked":["Run Through","Seeing Red","Shrug It Off"],"picked":"Heavy Blade","floor":41},{"not_picked":["Jack Of All Trades","Mind Blast","Trip"],"picked":"Forethought","floor":44},{"not_picked":["Body Slam","Iron Wave","Rampage"],"picked":"Thunderclap+1","floor":45}],"player_experience":195676,"relics_obtained":[{"floor":6,"key":"Replay:Bottled Steam"},{"floor":9,"key":"Replay:Bottled Eggs"},{"floor":23,"key":"PreservedInsect"},{"floor":26,"key":"Matryoshka"},{"floor":36,"key":"Divine Protection"},{"floor":43,"key":"Pen Nib"},{"floor":43,"key":"Blue Candle"}],"event_choices":[{"damage_healed":0,"gold_gain":0,"player_choice":"Success","damage_taken":7,"relics_obtained":["ReplayTheSpireMod:Ninjato"],"max_hp_gain":0,"max_hp_loss":0,"event_name":"Scrap Ooze","floor":3,"gold_loss":0},{"damage_healed":0,"gold_gain":0,"player_choice":"Grow","damage_taken":0,"max_hp_gain":0,"max_hp_loss":0,"event_name":"Living Wall","floor":4,"gold_loss":0,"cards_upgraded":["Apotheosis"]},{"damage_healed":0,"gold_gain":0,"player_choice":"Gave Potion","damage_taken":0,"relics_obtained":["Thread and Needle"],"max_hp_gain":0,"max_hp_loss":0,"event_name":"WeMeetAgain","floor":10,"gold_loss":0},{"damage_healed":0,"gold_gain":0,"player_choice":"Box","damage_taken":0,"relics_obtained":["ReplayTheSpireMod:Spearhead"],"max_hp_gain":0,"max_hp_loss":0,"event_name":"Big Fish","floor":14,"gold_loss":0,"cards_obtained":["Regret"]},{"damage_healed":0,"gold_gain":99,"player_choice":"Stole From Cult","damage_taken":0,"max_hp_gain":0,"max_hp_loss":0,"event_name":"Nest","floor":19,"gold_loss":0},{"damage_healed":0,"gold_gain":0,"player_choice":"Memory 1","damage_taken":0,"max_hp_gain":0,"max_hp_loss":0,"event_name":"SensoryStone","floor":44,"gold_loss":0}],"is_beta":false,"boss_relics":[{"not_picked":["Replay:Drink Me","Ectoplasm"],"picked":"Empty Cage"},{"not_picked":["Ooze Armor","ReplayTheSpireMod:DimensionalGlitch"],"picked":"Honey Jar"}],"items_purged_floors":[],"is_endless":false,"potions_floor_spawned":[1,12,13,21,29,30,31,37,41],"killed_by":"Jaw Worm Horde","ascension_level":0}}