{"host":"bxdue9bkfm2khp2x","time":1612160186,"event":{"mods":["ATMod(阿瑾Mod)","Arknights","Aspiration","BaseMod","Better Vampires","Challenge The Spire","Colored Map","Colored Powertips","Conspire","Decade(王小明)","Dota2Spire","Highlight Path","Minty Spire (QoL Compilation)","MostiFishMod","Reliquary","Remilia（蕾米莉亚）","Replay The Spire","RumiaBox-露米娅的神秘盒子","Ryuuou龙王","Spicy Shops","StSLib","Td1madao Mod","The Alterego","The Bug Knight","The Cursed","The Servant 0.9.4","WarShipGirlsR/战舰少女R mod","Wide Potions","noobMod","【功能Mod】混沌之环修复补丁","【遗物卡牌】REMEMod","残留之物","篝火指南"],"gold_per_floor":[114,114,114,39,39,39,39,72,72,83,94,94,110,10,10,105,105,117,117,57,157,167,167,193,193,193,229,229,247,247,264,103,203,203,213,223,223,73,85,85,85,85,85,114,114,175,236,298,298,301],"floor_reached":51,"language":"ZHS","playtime":3380,"items_purged":["PlaceholderMod:BaseDefend","Injury","PlaceholderMod:BaseStrike","PlaceholderMod:BaseStrike"],"score":1061,"play_id":"f746b3c5-5713-4c30-a17d-d47de78c75f8","local_time":"20210201141626","is_ascension_mode":true,"campfire_choices":[{"data":"PlaceholderMod:Crystal","floor":6.0,"key":"SMITH"},{"data":"PlaceholderMod:Crystallization","floor":12.0,"key":"SMITH"},{"data":"PlaceholderMod:Crystallization","floor":15.0,"key":"SMITH"},{"data":"PlaceholderMod:HardStrike","floor":23.0,"key":"SMITH"},{"data":"PlaceholderMod:Assimilation","floor":25.0,"key":"SMITH"},{"data":"PlaceholderMod:BaseDefend","floor":28.0,"key":"SMITH"},{"data":"PlaceholderMod:BaseDefend","floor":30.0,"key":"SMITH"},{"data":"PlaceholderMod:HighConcentration","floor":40,"key":"SMITH"},{"data":"PlaceholderMod:BaseStrike","floor":42,"key":"SMITH"},{"data":"PlaceholderMod:BaseStrike","floor":45,"key":"SMITH"},{"floor":49,"key":"REST"}],"circlet_count":0,"master_deck":["PlaceholderMod:BaseStrike+1","PlaceholderMod:BaseStrike+1","PlaceholderMod:BaseStrike+1","PlaceholderMod:BaseDefend+1","PlaceholderMod:BaseDefend+1","PlaceholderMod:Crystal+1","PlaceholderMod:Hard+1","PlaceholderMod:Crystallization+1","PlaceholderMod:Stratification+1","PlaceholderMod:Crystallization+1","PlaceholderMod:Assimilation+1","PlaceholderMod:CorePoison+1","PlaceholderMod:HardStrike+1","PlaceholderMod:DiffusionChemical+1","PlaceholderMod:Hard+1","PlaceholderMod:HardStinger+1","PlaceholderMod:HighConcentration+1","PlaceholderMod:SeverePoisonStrike+1","conspire:Banana+1","PlaceholderMod:PoisonAbsorb+1","PlaceholderMod:Activation+1"],"relics":["PlaceholderMod:Tancle","DaveBox","REME_ComplimentaryCards","ice","AT_ATBox","RhineSuit","Bag of Preparation","SynthV:TestCard","Toxic Egg 2","Iron Hammer","conspire:SpecialSausage","aspiration:VileToxins","Dota2Spire:EtherealBlade","Counterbalance","PreservedInsect","REME_ArchaeologicalTools","PlaceholderMod:EltdownShards"],"acts_visited":["Exordium","TheCity","TheBeyond"],"potions_floor_usage":[],"damage_taken":[{"damage":0.0,"enemies":"Small Slimes","floor":1.0,"turns":2.0},{"damage":0.0,"enemies":"Lagavulin","floor":8.0,"turns":4.0},{"damage":0.0,"enemies":"2 Louse","floor":10.0,"turns":3.0},{"damage":0.0,"enemies":"Cultist","floor":11.0,"turns":3.0},{"damage":0.0,"enemies":"2 Fungi Beasts","floor":13.0,"turns":4.0},{"damage":0.0,"enemies":"Fading Forest","floor":16.0,"turns":11.0},{"damage":0.0,"enemies":"conspire:FuzzyDice","floor":18.0,"turns":6.0},{"damage":0.0,"enemies":"Chosen","floor":22.0,"turns":4.0},{"damage":0.0,"enemies":"Book of Stabbing","floor":24.0,"turns":5.0},{"damage":0.0,"enemies":"conspire:MimicChest","floor":27.0,"turns":8.0},{"damage":0.0,"enemies":"Snake Plant","floor":29.0,"turns":3.0},{"damage":0.0,"enemies":"Shelled Parasite and Fungi","floor":31.0,"turns":4.0},{"damage":0.0,"enemies":"Champ","floor":33.0,"turns":10.0},{"damage":0,"enemies":"Orb Walker","floor":35,"turns":3},{"damage":0,"enemies":"3 Shapes","floor":36,"turns":5},{"damage":9,"enemies":"4 Shapes","floor":39,"turns":6},{"damage":0,"enemies":"Giant Head","floor":44,"turns":6},{"damage":0,"enemies":"Transient","floor":47,"turns":5},{"damage":0,"enemies":"Mind Bloom Boss Battle","floor":48,"turns":6},{"damage":0,"enemies":"conspire:OrnateMirror","floor":50,"turns":7}],"seed_played":"-6803005728531274735","potions_obtained":[{"floor":1.0,"key":"LifebloodPotion"},{"floor":11.0,"key":"Explosive Potion"},{"floor":13.0,"key":"Dota2Spire:Clarity"},{"floor":29.0,"key":"Elixir"},{"floor":31.0,"key":"Dota2Spire:HealingSalve"}],"is_trial":false,"path_per_floor":["M","?","?","$","?","R","?","E","T","M","M","R","M","$","R","B",null,"M","?","?","?","M","R","E","R","T","?","R","M","R","M","R","B",null,"M","M","?","$","M","R","?","R","T","E","R","?","M","?","R","B",null],"character_chosen":"THE_PLACEHOLDER","items_purchased":["PlaceholderMod:HighConcentration"],"campfire_rested":1,"item_purchase_floors":[32],"current_hp_per_floor":[78,62,62,62,62,62,62,62,62,62,62,62,62,62,62,72,78,78,78,78,78,78,78,82,82,82,82,82,87,87,92,92,97,97,102,107,107,107,103,103,103,103,103,105,105,77,79,86,122,129],"gold":301,"neow_bonus":"RANDOM_COMMON_RELIC","is_daily":false,"chose_seed":false,"campfire_upgraded":10,"win_rate":0.0,"timestamp":1612160186,"path_taken":["M","?","?","$","?","R","?","E","T","M","?","R","M","$","R","BOSS","M","?","?","?","?","R","E","R","T","?","R","M","R","M","R","BOSS","M","M","?","$","M","R","?","R","T","E","R","?","M","?","R","BOSS"],"items_purchased_type":["Card"],"build_version":"2020-12-22","purchased_purges":4,"victory":true,"max_hp_per_floor":[78,78,78,78,78,78,78,78,78,78,78,78,78,78,78,78,78,78,78,78,78,78,78,82,82,82,82,82,87,87,92,92,97,97,102,107,107,107,112,112,112,112,112,114,114,114,116,123,123,130],"card_choices":[{"not_picked":["PlaceholderMod:SelectReaction","PlaceholderMod:ContinueSpray","PlaceholderMod:SpinBlade"],"picked":"SKIP","floor":1.0},{"not_picked":["PlaceholderMod:Internalization+1","PlaceholderMod:SeverePoisonStrike","PlaceholderMod:AttackAsDefend","PlaceholderMod:TriggerStrike"],"picked":"PlaceholderMod:Crystallization","floor":8.0},{"not_picked":["PlaceholderMod:HealingAttack","PlaceholderMod:SevereHeat+1","PlaceholderMod:DissolvingSpikes","PlaceholderMod:Sweep"],"picked":"PlaceholderMod:Stratification+1","floor":10.0},{"not_picked":["PlaceholderMod:UnpureUse","PlaceholderMod:HealingAttack","PlaceholderMod:Break","PlaceholderMod:AttackAsDefend"],"picked":"PlaceholderMod:Crystallization","floor":11.0},{"not_picked":["PlaceholderMod:SevereHeat+1","PlaceholderMod:Stratification+1","PlaceholderMod:SpinBlade","PlaceholderMod:ConsolidateHit"],"picked":"PlaceholderMod:Assimilation","floor":13.0},{"not_picked":["PlaceholderMod:AbsorbTouch","PlaceholderMod:InnerSoften+1","PlaceholderMod:BlastSpray","PlaceholderMod:Inner"],"picked":"PlaceholderMod:CorePoison+1","floor":16.0},{"not_picked":["PlaceholderMod:SprayAttack","PlaceholderMod:Turn+1","PlaceholderMod:PoisonBlast","PlaceholderMod:Hard+1"],"picked":"PlaceholderMod:HardStrike","floor":18.0},{"not_picked":["PlaceholderMod:ThreeBenzyolStart","PlaceholderMod:FastReaction+1","PlaceholderMod:CrystallizationStrike","PlaceholderMod:StressReaction+1"],"picked":"PlaceholderMod:DiffusionChemical+1","floor":22.0},{"not_picked":["PlaceholderMod:Sweep","PlaceholderMod:CrystallizationStrike","PlaceholderMod:EvolutionSpray+1","PlaceholderMod:Internalization+1"],"picked":"PlaceholderMod:Hard+1","floor":24.0},{"not_picked":["PlaceholderMod:CrystallizationStrike","PlaceholderMod:SelectReaction+1","PlaceholderMod:CycleAttack","PlaceholderMod:PoisonAbsorb+1"],"picked":"PlaceholderMod:HardStinger+1","floor":29.0},{"not_picked":["PlaceholderMod:SeverePoisonStrike+1","PlaceholderMod:ContinueSpray","PlaceholderMod:Internalization+1","PlaceholderMod:ConsolidateHit+1","PlaceholderMod:MultipleOxi+1"],"picked":"SKIP","floor":31.0},{"not_picked":["PlaceholderMod:Polyp+1","PlaceholderMod:HornyBlast+1","PlaceholderMod:SprayAttack","PlaceholderMod:InnerStable+1","PlaceholderMod:Sweep"],"picked":"SKIP","floor":35},{"not_picked":["PlaceholderMod:Corrosion+1","PlaceholderMod:SpinBlade","PlaceholderMod:EvolutionSpray+1","PlaceholderMod:Hyperplasia+1"],"picked":"PlaceholderMod:SeverePoisonStrike+1","floor":36},{"not_picked":["PlaceholderMod:Package+1","PlaceholderMod:Corrosion+1","PlaceholderMod:DirectingGroup+1","PlaceholderMod:RadicalHit","PlaceholderMod:Stable"],"picked":"SKIP","floor":39},{"not_picked":["Metamorphosis+1","AT_CelerityRune","AT_TearsDenial+1","AT_PowerWithin"],"picked":"conspire:Banana+1","floor":41},{"not_picked":["PlaceholderMod:OHStrongAttack+1","PlaceholderMod:QualitativeChange+1","PlaceholderMod:DirectingGroup+1","PlaceholderMod:Internalization+1"],"picked":"PlaceholderMod:PoisonAbsorb+1","floor":44},{"not_picked":["PlaceholderMod:ProliferateStrike","PlaceholderMod:DirectingGroup+1","PlaceholderMod:CycleAttack","PlaceholderMod:Turn+1","PlaceholderMod:Colorful+1"],"picked":"SKIP","floor":47},{"not_picked":["PlaceholderMod:HealingAttack","PlaceholderMod:SprayAttack","PlaceholderMod:DirectingGroup+1","PlaceholderMod:ChainPoly+1"],"picked":"PlaceholderMod:Activation+1","floor":48}],"player_experience":1389441,"relics_obtained":[{"floor":1.0,"key":"SynthV:TestCard"},{"floor":8.0,"key":"Iron Hammer"},{"floor":24.0,"key":"aspiration:VileToxins"},{"floor":26.0,"key":"Dota2Spire:EtherealBlade"},{"floor":43,"key":"Counterbalance"},{"floor":44,"key":"PreservedInsect"},{"floor":46,"key":"REME_ArchaeologicalTools"},{"floor":48,"key":"PlaceholderMod:EltdownShards"}],"event_choices":[{"damage_healed":0.0,"max_hp_gain":0.0,"max_hp_loss":0.0,"gold_gain":0.0,"event_name":"Shining Light","player_choice":"Entered Light","floor":2.0,"gold_loss":0.0,"damage_taken":16.0,"cards_upgraded":["PlaceholderMod:BaseDefend","PlaceholderMod:BaseStrike"]},{"damage_healed":0.0,"max_hp_gain":0.0,"max_hp_loss":0.0,"gold_gain":100.0,"event_name":"Golden Shrine","player_choice":"Pray","floor":21.0,"gold_loss":0.0,"damage_taken":0.0},{"cards_removed":["PlaceholderMod:BaseDefend"],"damage_healed":0,"gold_gain":0,"player_choice":"Removed Skill","damage_taken":0,"max_hp_gain":0,"max_hp_loss":0,"event_name":"Falling","floor":37,"gold_loss":0},{"damage_healed":0,"gold_gain":0,"player_choice":"Memory 1","damage_taken":0,"max_hp_gain":0,"max_hp_loss":0,"event_name":"SensoryStone","floor":41,"gold_loss":0},{"damage_healed":0,"gold_gain":0,"player_choice":"Fight","damage_taken":0,"max_hp_gain":0,"max_hp_loss":0,"event_name":"MindBloom","floor":48,"gold_loss":0}],"is_beta":false,"boss_relics":[{"not_picked":["GuanYuAspect","Fusion Hammer"],"picked":"conspire:SpecialSausage"},{"not_picked":["conspire:SeveredTorchhead","ReplayTheSpireMod:DimensionalGlitch","HereWithMe"]}],"items_purged_floors":[4,14,32,38],"is_endless":false,"potions_floor_spawned":[1,11,13,22,24,29,31,35,44],"ascension_level":1}}