{"host":"gk5m6v7zec9neb0j","time":1612144738,"event":{"mods":["AchievementEnabler","AlwaysNeverKeys","BaseMod","BetterRewards","Block Reminder","Minty Spire (QoL Compilation)","Rare Cards Sparkle","Relic Stats","StSLib"],"gold_per_floor":[117,136,136,150,77,77,91,111,111,111,111,111,76,151,151,255,255,235,249,164,164,180,180,110,110,110,110,126,139,159,175,175,276,276,293,293,293,311,2,34,50,62,140,165,178,188,206,25,25,25,25,25,25,57,57,57],"floor_reached":55,"language":"ENG","playtime":2718,"items_purged":["Strike_B","Strike_B+1"],"score":898,"play_id":"20a3ae5c-370c-4f7a-9490-7d436e106013","local_time":"20210131205858","is_ascension_mode":false,"campfire_choices":[{"floor":6.0,"key":"REST"},{"data":"Loop","floor":10.0,"key":"SMITH"},{"data":"Defragment","floor":12.0,"key":"SMITH"},{"data":"Dualcast","floor":15.0,"key":"SMITH"},{"data":"Echo Form","floor":23,"key":"SMITH"},{"data":"Loop","floor":25,"key":"SMITH"},{"data":"Chill","floor":27,"key":"SMITH"},{"data":"Echo Form","floor":32,"key":"SMITH"},{"data":"Zap","floor":49,"key":"SMITH"},{"data":"Coolheaded","floor":52,"key":"SMITH"}],"circlet_count":0,"master_deck":["Strike_B+1","Defend_B+1","Defend_B+1","Defend_B+1","Defend_B+1","Zap+1","Dualcast+1","Loop+1","Coolheaded+1","FTL","Defragment+1","Leap","Self Repair","Conserve Battery","Cold Snap","Echo Form+1","Conserve Battery","Chill+1","Loop+1","Echo Form+1","Reboot","Gash","Ball Lightning","Gash+1","Lockon+1","Gash+1","Finesse+1","Conserve Battery+1"],"relics":["FrozenCore","ClockworkSouvenir","Runic Capacitor","OrangePellets","Matryoshka","Orichalcum","Happy Flower","Blue Candle","Sozu","Pear","Toxic Egg 2","Mercury Hourglass","Du-Vu Doll","Cables","Bronze Scales","Lantern"],"acts_visited":["Exordium","TheCity","TheBeyond","TheEnding"],"potions_floor_usage":[33,33,44,55],"damage_taken":[{"damage":3.0,"enemies":"Small Slimes","floor":1.0,"turns":4.0},{"damage":6.0,"enemies":"Jaw Worm","floor":2.0,"turns":4.0},{"damage":0.0,"enemies":"2 Louse","floor":4.0,"turns":3.0},{"damage":3.0,"enemies":"Exordium Wildlife","floor":7.0,"turns":4.0},{"damage":0.0,"enemies":"2 Fungi Beasts","floor":8.0,"turns":4.0},{"damage":20.0,"enemies":"Slime Boss","floor":16.0,"turns":10.0},{"damage":20.0,"enemies":"2 Thieves","floor":18.0,"turns":5.0},{"damage":0.0,"enemies":"Chosen","floor":19.0,"turns":6.0},{"damage":0,"enemies":"Shelled Parasite and Fungi","floor":22,"turns":9},{"damage":0,"enemies":"Centurion and Healer","floor":28,"turns":9},{"damage":0,"enemies":"Snecko","floor":29,"turns":7},{"damage":0,"enemies":"Cultist and Chosen","floor":30,"turns":9},{"damage":4,"enemies":"Centurion and Healer","floor":31,"turns":9},{"damage":30,"enemies":"Collector","floor":33,"turns":13},{"damage":7,"enemies":"3 Darklings","floor":35,"turns":8},{"damage":0,"enemies":"3 Shapes","floor":38,"turns":10},{"damage":21,"enemies":"Nemesis","floor":40,"turns":11},{"damage":8,"enemies":"3 Darklings","floor":41,"turns":10},{"damage":0,"enemies":"Writhing Mass","floor":42,"turns":10},{"damage":9,"enemies":"Reptomancer","floor":44,"turns":8},{"damage":0,"enemies":"Maw","floor":45,"turns":8},{"damage":0,"enemies":"4 Shapes","floor":46,"turns":6},{"damage":3,"enemies":"Spire Growth","floor":47,"turns":6},{"damage":52,"enemies":"Awakened One","floor":50,"turns":10},{"damage":15,"enemies":"Shield and Spear","floor":54,"turns":8},{"damage":89,"enemies":"The Heart","floor":55,"turns":14}],"seed_played":"1717156029356609872","potions_obtained":[{"floor":1.0,"key":"Fruit Juice"},{"floor":2.0,"key":"Block Potion"},{"floor":8.0,"key":"Fire Potion"},{"floor":16.0,"key":"Ancient Potion"},{"floor":29,"key":"SkillPotion"},{"floor":33,"key":"AttackPotion"}],"is_trial":false,"path_per_floor":["M","M","?","M","$","R","M","M","T","R","?","R","?","?","R","B",null,"M","M","?","?","M","R","$","R","T","R","M","M","M","M","R","B",null,"M","?","T","M","$","E","M","M","T","E","M","M","M","$","R","B",null,"R","$","E","B"],"character_chosen":"DEFECT","items_purchased":["ClockworkSouvenir","Loop","Runic Capacitor","OrangePellets","Coolheaded","FTL","Self Repair","Loop","Gash","Mercury Hourglass","Finesse+1"],"campfire_rested":1,"item_purchase_floors":[0,0,0,0,0,0,5,24,39,39,48],"current_hp_per_floor":[30,24,17,17,17,41,45,52,52,52,52,52,72,61,61,48,80,74,80,80,80,80,80,80,80,80,80,80,80,80,80,80,57,80,80,80,90,90,90,76,82,90,90,90,90,90,90,90,90,52,90,90,90,89,0,0],"gold":57,"neow_bonus":"","is_daily":false,"chose_seed":false,"campfire_upgraded":9,"win_rate":0.0,"timestamp":1612144738,"path_taken":["M","M","?","M","$","R","M","M","T","R","?","R","?","?","R","BOSS","M","M","?","?","M","R","$","R","T","R","M","M","M","?","R","BOSS","M","?","?","M","$","E","M","M","T","E","M","?","M","$","R","BOSS","R","$","E","BOSS"],"items_purchased_type":["Relic","Card","Relic","Relic","Card","Card","Card","Card","Card","Relic","Card"],"build_version":"2020-12-22","purchased_purges":2,"victory":false,"max_hp_per_floor":[80,80,80,80,80,80,80,80,80,80,80,80,80,80,80,80,80,80,80,80,80,80,80,80,80,80,80,80,80,80,80,80,80,80,80,80,90,90,90,90,90,90,90,90,90,90,90,90,90,90,90,90,90,90,90,90],"relic_stats":{"Sozu":2,"OrangePellets":[49],"Happy Flower":[52],"counters":[120,736],"Blue Candle":[0],"Bronze Scales":[904],"Orichalcum":[138],"obtain_stats":[{"Ice Cream":0,"Tiny House":17,"Calipers":23,"CeramicFish":26,"Vajra":39,"Runic Capacitor":0,"Whetstone":9,"Boot":44,"Old Coin":38,"FrozenCore":17,"Sozu":34,"Lizard Tail":0,"HornCleat":42,"DollysMirror":45,"Strawberry":8,"Kunai":0,"Toxic Egg 2":37,"Pear":37,"Happy Flower":45,"Blue Candle":43,"War Paint":54,"Question Card":9,"Cables":0,"Du-Vu Doll":40,"OrangePellets":0,"Bronze Scales":0,"Black Star":34,"Symbiotic Virus":26,"StrikeDummy":47,"Darkstone Periapt":41,"Regal Pillow":47,"Lantern":54,"Mango":0,"ClockworkSouvenir":0,"Matryoshka":9,"Mummified Hand":25,"Gambling Chip":0,"Tiny Chest":20,"Chemical X":0,"Cracked Core":0,"Potion Belt":43,"Inserter":34,"Golden Idol":3,"PreservedInsect":40,"Omamori":43,"Frozen Egg 2":39,"Orichalcum":20,"White Beast Statue":54,"Mercury Hourglass":9,"Nuclear Battery":17,"Peace Pipe":9,"CaptainsWheel":11,"Bag of Marbles":47,"TungstenRod":54,"Toy Ornithopter":26},{"Ice Cream":66,"Tiny House":38,"Calipers":41,"CeramicFish":53,"Vajra":86,"Runic Capacitor":0,"Whetstone":72,"Boot":88,"Old Coin":59,"FrozenCore":100,"Sozu":108,"Lizard Tail":66,"HornCleat":22,"DollysMirror":88,"Strawberry":45,"Kunai":30,"Toxic Egg 2":109,"Pear":109,"Happy Flower":24,"Blue Candle":22,"War Paint":29,"Question Card":34,"Cables":66,"Du-Vu Doll":111,"OrangePellets":66,"Bronze Scales":30,"Black Star":84,"Symbiotic Virus":13,"StrikeDummy":26,"Darkstone Periapt":87,"Regal Pillow":90,"Lantern":119,"Mango":30,"ClockworkSouvenir":94,"Matryoshka":99,"Mummified Hand":13,"Gambling Chip":30,"Tiny Chest":78,"Chemical X":30,"Cracked Core":0,"Potion Belt":87,"Inserter":15,"Golden Idol":31,"PreservedInsect":20,"Omamori":59,"Frozen Egg 2":59,"Orichalcum":102,"White Beast Statue":93,"Mercury Hourglass":5,"Nuclear Battery":49,"Peace Pipe":45,"CaptainsWheel":6,"Bag of Marbles":90,"TungstenRod":65,"Toy Ornithopter":81},{"Ice Cream":367,"Tiny House":167,"Calipers":179,"CeramicFish":245,"Vajra":473,"Runic Capacitor":0,"Whetstone":385,"Boot":491,"Old Coin":298,"FrozenCore":564,"Sozu":629,"Lizard Tail":367,"HornCleat":90,"DollysMirror":491,"Strawberry":191,"Kunai":131,"Toxic Egg 2":637,"Pear":637,"Happy Flower":96,"Blue Candle":90,"War Paint":121,"Question Card":145,"Cables":367,"Du-Vu Doll":657,"OrangePellets":367,"Bronze Scales":131,"Black Star":464,"Symbiotic Virus":49,"StrikeDummy":105,"Darkstone Periapt":482,"Regal Pillow":504,"Lantern":722,"Mango":131,"ClockworkSouvenir":536,"Matryoshka":555,"Mummified Hand":49,"Gambling Chip":131,"Tiny Chest":418,"Chemical X":131,"Cracked Core":0,"Potion Belt":482,"Inserter":60,"Golden Idol":133,"PreservedInsect":82,"Omamori":298,"Frozen Egg 2":298,"Orichalcum":574,"White Beast Statue":527,"Mercury Hourglass":15,"Nuclear Battery":225,"Peace Pipe":191,"CaptainsWheel":19,"Bag of Marbles":504,"TungstenRod":359,"Toy Ornithopter":442}],"FrozenCore":[59],"Mercury Hourglass":[374],"Cables":[207,87,88,0,32]},"card_choices":[{"not_picked":["Compile Driver","Scrape"],"picked":"Defragment","floor":1.0},{"not_picked":["Compile Driver","Barrage"],"picked":"Leap","floor":2.0},{"not_picked":["Sweeping Beam","Redo","Turbo"],"picked":"SKIP","floor":4.0},{"not_picked":["Streamline","Static Discharge"],"picked":"Conserve Battery","floor":7.0},{"not_picked":["Rip and Tear","Thunder Strike"],"picked":"Cold Snap","floor":8.0},{"not_picked":["Meteor Strike","Machine Learning"],"picked":"Echo Form","floor":16.0},{"not_picked":["Stack+1","Go for the Eyes"],"picked":"Conserve Battery","floor":18.0},{"not_picked":["Rebound","Conserve Battery"],"picked":"Chill","floor":19.0},{"not_picked":["Leap","Chill+1","Aggregate"],"picked":"SKIP","floor":22},{"not_picked":["Redo","Consume","Tempest"],"picked":"SKIP","floor":28},{"not_picked":["Go for the Eyes","Ball Lightning"],"picked":"Echo Form","floor":29},{"not_picked":["Consume","Skim","Hologram"],"picked":"SKIP","floor":30},{"not_picked":["Streamline","Redo+1","Steam"],"picked":"SKIP","floor":31},{"not_picked":["All For One","Core Surge"],"picked":"Reboot","floor":33},{"not_picked":["Chill+1","BootSequence+1","Scrape"],"picked":"SKIP","floor":35},{"not_picked":["Stack+1","Cold Snap","Fusion+1"],"picked":"SKIP","floor":38},{"not_picked":["Leap+1","Ball Lightning","Stack+1"],"picked":"SKIP","floor":40},{"not_picked":["Leap+1","Stack+1"],"picked":"Ball Lightning","floor":40},{"not_picked":["Hologram+1","Redo+1"],"picked":"Gash+1","floor":41},{"not_picked":["Hello World+1","Sweeping Beam","Auto Shields+1"],"picked":"SKIP","floor":42},{"not_picked":["Rebound+1","Chill+1","Sunder+1"],"picked":"SKIP","floor":44},{"not_picked":["Cold Snap+1","Compile Driver+1","Static Discharge"],"picked":"SKIP","floor":45},{"not_picked":["Skim+1","Lockon+1","Hyperbeam"],"picked":"SKIP","floor":46},{"not_picked":["Skim+1","Hyperbeam"],"picked":"Lockon+1","floor":46},{"not_picked":["Genetic Algorithm+1","Conserve Battery+1"],"picked":"Gash+1","floor":47},{"not_picked":["Beam Cell+1","Cold Snap"],"picked":"Conserve Battery+1","floor":54}],"player_experience":766241,"relics_obtained":[{"floor":9.0,"key":"Matryoshka"},{"floor":26,"key":"Happy Flower"},{"floor":26,"key":"Blue Candle"},{"floor":37,"key":"Pear"},{"floor":37,"key":"Toxic Egg 2"},{"floor":40,"key":"Du-Vu Doll"},{"floor":43,"key":"Cables"},{"floor":44,"key":"Bronze Scales"},{"floor":54,"key":"Lantern"}],"event_choices":[{"cards_removed":["Strike_B"],"damage_healed":0.0,"max_hp_gain":0.0,"max_hp_loss":0.0,"gold_gain":0.0,"event_name":"Golden Wing","player_choice":"Card Removal","floor":3.0,"gold_loss":0.0,"damage_taken":7.0},{"damage_healed":0.0,"max_hp_gain":0.0,"max_hp_loss":0.0,"gold_gain":0.0,"event_name":"Golden Idol","player_choice":"Ignored","floor":11.0,"gold_loss":0.0,"damage_taken":0.0},{"damage_healed":20.0,"max_hp_gain":0.0,"max_hp_loss":0.0,"gold_gain":0.0,"event_name":"The Cleric","player_choice":"Healed","floor":13.0,"gold_loss":35.0,"damage_taken":0.0},{"damage_healed":0.0,"max_hp_gain":0.0,"max_hp_loss":0.0,"gold_gain":75.0,"event_name":"World of Goop","player_choice":"Gather Gold","floor":14.0,"gold_loss":0.0,"damage_taken":11.0},{"damage_healed":0.0,"max_hp_gain":0.0,"max_hp_loss":0.0,"gold_gain":0.0,"event_name":"Addict","player_choice":"Obtained Relic","floor":20.0,"gold_loss":85.0,"damage_taken":0.0,"relics_obtained":["Orichalcum"]},{"damage_healed":0,"gold_gain":0,"player_choice":"Simplicity","damage_taken":0,"max_hp_gain":0,"max_hp_loss":0,"event_name":"Back to Basics","floor":21,"gold_loss":0,"cards_upgraded":["Strike_B","Strike_B","Defend_B","Defend_B","Defend_B","Defend_B"]},{"damage_healed":0,"gold_gain":0,"player_choice":"Memory 1","damage_taken":0,"max_hp_gain":0,"max_hp_loss":0,"event_name":"SensoryStone","floor":36,"gold_loss":0}],"is_beta":false,"boss_relics":[{"not_picked":["Coffee Dripper","SacredBark"],"picked":"FrozenCore"},{"not_picked":["Astrolabe","Cursed Key"],"picked":"Sozu"}],"items_purged_floors":[0,48],"is_endless":false,"potions_floor_spawned":[1,2,8,16,29,30,31,33,38,41,42,45],"killed_by":"The Heart","ascension_level":0}}