{"host":"qgvpd00zvzorrg7j","time":1612152532,"event":{"mods":["BaseMod","Colored Map","Downfall","Minty Spire (QoL Compilation)","Quick Restart","StSLib"],"gold_per_floor":[99,24,124,124,140,160,160,110,20,37,66,16,1,36,47,47,47,47],"floor_reached":16,"language":"ENG","playtime":708,"items_purged":["Clumsy"],"score":108,"play_id":"3f9cb6fc-99f4-4a76-84ae-45df446e2c88","local_time":"20210131230852","is_ascension_mode":false,"campfire_choices":[{"data":"Slimebound:CorrosiveSpit","floor":1,"key":"SMITH"},{"data":"Dramatic Entrance","floor":8,"key":"SMITH"},{"data":"Slimebound:LeechEnergy","floor":12,"key":"SMITH"}],"circlet_count":0,"master_deck":["Slimebound:Strike_Slimebound","Slimebound:Tackle","Slimebound:Defend_Slimebound","Slimebound:Defend_Slimebound","Slimebound:Defend_Slimebound","Slimebound:Split","Slimebound:CorrosiveSpit+1","Dramatic Entrance+1","Slimebound:HauntingLick","Slimebound:Gluttony","Slimebound:LeechEnergy+1","Slimebound:RejuvenatingLick","Slimebound:AcidTongue+1","Slimebound:ItLooksTasty"],"relics":["Slimebound:AbsorbEndCombat","Slimebound:GreedOozeRelic","HornCleat","Frozen Egg 2","Bottled Lightning"],"acts_visited":["Exordium"],"potions_floor_usage":[],"damage_taken":[{"damage":5,"enemies":"Small Slimes","floor":5,"turns":2},{"damage":0,"enemies":"2 Louse","floor":6,"turns":2},{"damage":0,"enemies":"downfall:FleeingMerchant","floor":9,"turns":4},{"damage":0,"enemies":"Cultist","floor":10,"turns":2},{"damage":11,"enemies":"Lagavulin","floor":11,"turns":5},{"damage":0,"enemies":"downfall:FleeingMerchant","floor":13,"turns":4},{"damage":9,"enemies":"3 Sentries","floor":14,"turns":5},{"damage":0,"enemies":"Exordium Thugs","floor":15,"turns":3},{"damage":74,"enemies":"SI_SHIV_ARCHETYPE","floor":16,"turns":5}],"seed_played":"-540855754185490786","potions_obtained":[{"floor":5,"key":"bronze:BurnAndBuffPotion"},{"floor":10,"key":"bronze:BurnAndBuffPotion"},{"floor":15,"key":"Regen Potion"}],"is_trial":false,"path_per_floor":["R","?","?","?","M","M","T","R","$","M","E","R","$","E","M","B"],"character_chosen":"SLIMEBOUND","items_purchased":[],"campfire_rested":0,"item_purchase_floors":[],"current_hp_per_floor":[65,65,65,65,62,64,64,64,65,65,58,58,65,64,65,0,0,0],"gold":47,"neow_bonus":"RANDOM_COLORLESS","is_daily":false,"chose_seed":false,"campfire_upgraded":3,"win_rate":0.0,"timestamp":1612152532,"path_taken":["R","?","?","?","M","?","T","R","$","M","E","R","?","E","M","BOSS"],"items_purchased_type":[],"build_version":"2020-12-22","purchased_purges":1,"victory":false,"max_hp_per_floor":[65,65,65,65,65,65,65,65,65,65,65,65,65,65,65,65,65,65],"card_choices":[{"not_picked":["Purity","Mind Blast"],"picked":"Dramatic Entrance","floor":0},{"not_picked":["Slimebound:SplitLeeching","Slimebound:SpikyOuterGoop"],"picked":"Slimebound:HauntingLick","floor":5},{"not_picked":["Slimebound:FinishingTackle","Slimebound:ForwardTackle"],"picked":"Slimebound:Gluttony","floor":6},{"not_picked":["Slimebound:ItLooksTasty","Slimebound:Prepare"],"picked":"Slimebound:LeechEnergy","floor":9},{"not_picked":["Slimebound:PressTheAttack","Slimebound:SplitBruiser"],"picked":"Slimebound:RejuvenatingLick","floor":10},{"not_picked":["Slimebound:GoopTackle","Slimebound:Equalize","Slimebound:SplitLeeching"],"picked":"SKIP","floor":11},{"not_picked":["Slimebound:ComboTackle","Slimebound:DisruptingSlam"],"picked":"Slimebound:AcidTongue+1","floor":13},{"not_picked":["Slimebound:SplitBruiser","Slimebound:ForwardTackle","Slimebound:SplitAcid"],"picked":"SKIP","floor":14},{"not_picked":["Slimebound:SplitLeeching","Slimebound:SlimeTap"],"picked":"Slimebound:ItLooksTasty","floor":15}],"player_experience":593347,"relics_obtained":[{"floor":7,"key":"HornCleat"},{"floor":11,"key":"Frozen Egg 2"},{"floor":14,"key":"Bottled Lightning"}],"event_choices":[],"is_beta":false,"boss_relics":[],"items_purged_floors":[9],"is_endless":false,"potions_floor_spawned":[5,10,15],"killed_by":"SI_SHIV_ARCHETYPE","ascension_level":0}}