{"host":"x8sop9v6zw8yitbt","time":1612158128,"event":{"mods":["BaseMod","Best Route Mod","Block Reminder","Challenge The Spire","Colored Powertips","Dark Map","DeckTracker","Minty Spire (QoL Compilation)","Permanent Neow","Quick Restart","Rare Cards Sparkle","Reliquary","Spicy Shops","Spikes Relics","StSLib","Virulent Crown"],"gold_per_floor":[109,124,124,138,138,138,169,169,169,169,199,199,211,238,238,340,340,356,356,371,388,6,41,41,67,67,99,99,117,147,147,147,246,246,261,280,294,307,307,332,332,332,332],"floor_reached":42,"language":"ENG","playtime":1293,"items_purged":["Defend_G"],"score":655,"play_id":"98312253-2f72-4ff5-888f-4ccebb02a1e2","local_time":"20210201004208","is_ascension_mode":true,"campfire_choices":[{"data":"Neutralize","floor":6.0,"key":"SMITH"},{"data":"Blade Dance","floor":8.0,"key":"SMITH"},{"data":"Bandage Up","floor":10.0,"key":"SMITH"},{"data":"Survivor","floor":15.0,"key":"SMITH"},{"data":"Adrenaline","floor":24.0,"key":"SMITH"},{"data":"Deflect","floor":28.0,"key":"SMITH"},{"data":"Blade Dance","floor":32.0,"key":"SMITH"},{"data":"After Image","floor":41,"key":"SMITH"}],"circlet_count":0,"master_deck":["Strike_G+1","Strike_G+1","Defend_G","Defend_G","Defend_G","Defend_G","Survivor+1","Neutralize+1","Bandage Up+1","Blade Dance+1","Choke+1","Slice+1","Adrenaline+1","Deflect+1","Blade Dance+1","Finisher+1","Blade Dance+1","After Image+1"],"relics":["Ring of the Snake","Molten Egg 2","Sundial","Ornamental Fan","Omamori","SacredBark","Vajra","Sling","Shuriken","reliquary:PurpleTingedLeaf","Regal Pillow","reliquary:WeakTea","reliquary:Knoch","Sandwich","Potion Belt","Toy Ornithopter"],"acts_visited":["Exordium","TheCity","TheBeyond"],"potions_floor_usage":[],"damage_taken":[{"damage":5.0,"enemies":"Cultist","floor":1.0,"turns":5.0},{"damage":0.0,"enemies":"2 Louse","floor":2.0,"turns":2.0},{"damage":1.0,"enemies":"Jaw Worm","floor":4.0,"turns":4.0},{"damage":10.0,"enemies":"3 Sentries","floor":7.0,"turns":8.0},{"damage":20.0,"enemies":"Lagavulin","floor":11.0,"turns":5.0},{"damage":1.0,"enemies":"3 Louse","floor":13.0,"turns":4.0},{"damage":5.0,"enemies":"Gremlin Nob","floor":14.0,"turns":3.0},{"damage":16.0,"enemies":"Slime Boss","floor":16.0,"turns":9.0},{"damage":0.0,"enemies":"Chosen","floor":18.0,"turns":3.0},{"damage":1.0,"enemies":"Spheric Guardian","floor":20.0,"turns":4.0},{"damage":0.0,"enemies":"3 Cultists","floor":21.0,"turns":5.0},{"damage":0.0,"enemies":"Book of Stabbing","floor":23.0,"turns":3.0},{"damage":14.0,"enemies":"Slavers","floor":25.0,"turns":2.0},{"damage":0.0,"enemies":"Gremlin Leader","floor":27.0,"turns":4.0},{"damage":1.0,"enemies":"Snake Plant","floor":29.0,"turns":2.0},{"damage":0.0,"enemies":"Book of Stabbing","floor":30.0,"turns":4.0},{"damage":2.0,"enemies":"Champ","floor":33.0,"turns":6.0},{"damage":0.0,"enemies":"3 Shapes","floor":35.0,"turns":2.0},{"damage":0.0,"enemies":"3 Darklings","floor":36.0,"turns":4.0},{"damage":0,"enemies":"Sphere and 2 Shapes","floor":37,"turns":2},{"damage":0,"enemies":"Jaw Worm Horde","floor":38,"turns":2},{"damage":0,"enemies":"Nemesis","floor":40,"turns":1},{"damage":0,"enemies":"Writhing Mass","floor":42,"turns":1}],"seed_played":"3116445354681505663","potions_obtained":[{"floor":1.0,"key":"SpeedPotion"},{"floor":2.0,"key":"SteroidPotion"},{"floor":13.0,"key":"SmokeBomb"},{"floor":18.0,"key":"GamblersBrew"},{"floor":19.0,"key":"Block Potion"},{"floor":19.0,"key":"FairyPotion"},{"floor":38,"key":"FearPotion"}],"is_trial":false,"path_per_floor":["M","M","?","M","?","R","E","R","T","R","E","?","M","E","R","B",null,"M","?","M","M","$","E","R","E","T","E","R","M","E","?","R","B",null,"M","M","M","M","T","E","R","M"],"character_chosen":"THE_SILENT","items_purchased":["Vajra","Sling"],"campfire_rested":0,"item_purchase_floors":[22,22],"current_hp_per_floor":[69,70,56,59,52,52,46,46,46,46,32,32,37,38,38,28,70,70,70,69,70,70,70,70,56,56,64,64,70,70,70,70,70,70,70,70,70,70,70,70,70,70,70],"gold":332,"neow_bonus":"RANDOM_COLORLESS","is_daily":false,"chose_seed":false,"campfire_upgraded":8,"win_rate":0.0,"timestamp":1612158128,"path_taken":["M","M","?","M","?","R","E","R","T","R","E","?","?","E","R","BOSS","M","?","M","M","?","E","R","E","T","E","R","M","E","?","R","BOSS","M","M","M","M","?","E","R","M"],"items_purchased_type":["Relic","Relic"],"build_version":"2020-12-22","purchased_purges":1,"victory":false,"max_hp_per_floor":[70,70,70,70,70,70,70,70,70,70,70,70,70,70,70,70,70,70,70,70,70,70,70,70,70,70,70,70,70,70,70,70,70,70,70,70,70,70,70,70,70,70,70],"card_choices":[{"not_picked":["Panacea","Good Instincts"],"picked":"Bandage Up","floor":0.0},{"not_picked":["Escape Plan","Heel Hook"],"picked":"Blade Dance","floor":1.0},{"not_picked":["Masterful Stab","Sucker Punch","Deflect"],"picked":"SKIP","floor":2.0},{"not_picked":["Distraction","Underhanded Strike","Dagger Throw"],"picked":"SKIP","floor":4.0},{"not_picked":["Deflect","PiercingWail"],"picked":"Choke+1","floor":7.0},{"not_picked":["Flying Knee+1","Choke+1","Well Laid Plans"],"picked":"SKIP","floor":11.0},{"not_picked":["Dodge and Roll","Underhanded Strike+1"],"picked":"Slice+1","floor":13.0},{"not_picked":["Deadly Poison","Dagger Throw+1","Outmaneuver"],"picked":"SKIP","floor":14.0},{"not_picked":["A Thousand Cuts","Corpse Explosion"],"picked":"Adrenaline","floor":16.0},{"not_picked":["Dagger Throw+1","Tactician"],"picked":"Deflect","floor":18.0},{"not_picked":["Crippling Poison","Dodge and Roll+1"],"picked":"Blade Dance+1","floor":20.0},{"not_picked":["Bane+1","Underhanded Strike+1"],"picked":"Finisher+1","floor":21.0},{"not_picked":["Predator+1","Night Terror","Tactician+1"],"picked":"SKIP","floor":23.0},{"not_picked":["Crippling Poison","Quick Slash+1","Dagger Spray+1"],"picked":"SKIP","floor":25.0},{"not_picked":["Masterful Stab+1","Dagger Spray+1","Quick Slash+1"],"picked":"SKIP","floor":27.0},{"not_picked":["Dodge and Roll","Predator+1","Distraction+1"],"picked":"SKIP","floor":29.0},{"not_picked":["Well Laid Plans","Dagger Throw+1"],"picked":"Blade Dance","floor":30.0},{"not_picked":["Envenom","Phantasmal Killer"],"picked":"After Image","floor":33.0},{"not_picked":["Reflex","Deadly Poison","Pace"],"picked":"SKIP","floor":35.0},{"not_picked":["Dagger Throw+1","All Out Attack+1","Underhanded Strike+1"],"picked":"SKIP","floor":36.0},{"not_picked":["Deadly Poison+1","Dagger Spray+1","Prepared"],"picked":"SKIP","floor":37},{"not_picked":["Finisher+1","Setup+1","Slice+1"],"picked":"SKIP","floor":38},{"not_picked":["Pace","Noxious Fumes+1","Concentrate+1"],"picked":"SKIP","floor":40}],"player_experience":871531,"relics_obtained":[{"floor":7.0,"key":"Molten Egg 2"},{"floor":9.0,"key":"Sundial"},{"floor":11.0,"key":"Ornamental Fan"},{"floor":14.0,"key":"Omamori"},{"floor":23.0,"key":"Shuriken"},{"floor":25.0,"key":"reliquary:PurpleTingedLeaf"},{"floor":26.0,"key":"Regal Pillow"},{"floor":27.0,"key":"reliquary:WeakTea"},{"floor":30.0,"key":"reliquary:Knoch"},{"floor":39,"key":"Potion Belt"},{"floor":40,"key":"Toy Ornithopter"}],"event_choices":[{"damage_healed":0.0,"max_hp_gain":0.0,"max_hp_loss":0.0,"gold_gain":0.0,"event_name":"Shining Light","player_choice":"Entered Light","floor":3.0,"gold_loss":0.0,"damage_taken":14.0,"cards_upgraded":["Strike_G","Strike_G"]},{"cards_removed":["Strike_G"],"damage_healed":0.0,"max_hp_gain":0.0,"max_hp_loss":0.0,"gold_gain":0.0,"event_name":"Golden Wing","player_choice":"Card Removal","floor":5.0,"gold_loss":0.0,"damage_taken":7.0},{"cards_removed":["Strike_G"],"damage_healed":0.0,"max_hp_gain":0.0,"max_hp_loss":0.0,"gold_gain":0.0,"event_name":"Living Wall","player_choice":"Forget","floor":12.0,"gold_loss":0.0,"damage_taken":0.0},{"damage_healed":0.0,"max_hp_gain":0.0,"max_hp_loss":0.0,"gold_gain":0.0,"event_name":"Lab","player_choice":"Got Potions","floor":19.0,"gold_loss":0.0,"damage_taken":0.0},{"cards_removed":["Strike_G"],"damage_healed":0.0,"max_hp_gain":0.0,"max_hp_loss":0.0,"gold_gain":0.0,"event_name":"Bonfire Elementals","player_choice":"Offered Basic","floor":31.0,"gold_loss":0.0,"damage_taken":0.0}],"is_beta":false,"boss_relics":[{"not_picked":["CosmicIsotope","HoveringKite"],"picked":"SacredBark"},{"not_picked":["reliquary:Ember","Snecko Eye"],"picked":"Sandwich"}],"items_purged_floors":[22],"is_endless":false,"potions_floor_spawned":[1,2,13,18,20,29,38],"killed_by":"Writhing Mass","ascension_level":1}}