{"host":"7oiwk103j2prpym5","time":1612151621,"event":{"mods":["BaseMod","BetterRewards","Colored Map","Colored Powertips","GifTheSpireLib","Infinite Spire","Minty Spire (QoL Compilation)","Permanent Neow","Relic Filter Mod","Reliquary","Remove Card Discount Mod","Replay The Spire","StSLib","Stuff the Spire","Weighted Paths"],"gold_per_floor":[116,147,422,433,447,447,447,447],"floor_reached":7,"language":"ENG","playtime":711,"items_purged":["Strike_R","Defend_R"],"score":43,"play_id":"5eec0fb5-61d5-4686-a467-e30eca5c9b0b","local_time":"20210131215341","is_ascension_mode":false,"campfire_choices":[{"floor":6,"key":"RECALL"}],"circlet_count":0,"master_deck":["Strike_R","Strike_R","Strike_R","Strike_R","Defend_R","Defend_R","Defend_R","Bash","Transmutation","Shrug It Off","Cleave","Regret","Infernal Blade","Flex"],"relics":["Burning Blood","Blue Doll"],"acts_visited":["Exordium"],"potions_floor_usage":[7],"damage_taken":[{"damage":0,"enemies":"Small Slimes","floor":1,"turns":5},{"damage":0,"enemies":"Cultist","floor":2,"turns":3},{"damage":6,"enemies":"2 Louse","floor":4,"turns":2},{"damage":11,"enemies":"Looter","floor":5,"turns":4},{"damage":70,"enemies":"Gremlin Nob","floor":7,"turns":5}],"seed_played":"-7184130603366164962","potions_obtained":[{"floor":1,"key":"Explosive Potion"},{"floor":4,"key":"PowerPotion"}],"is_trial":false,"path_per_floor":["M","M","?","M","M","R","E"],"character_chosen":"IRONCLAD","items_purchased":["Blue Doll","Transmutation","Shrug It Off"],"campfire_rested":0,"item_purchase_floors":[0,0,0],"current_hp_per_floor":[66,72,72,72,67,67,0,0],"gold":447,"neow_bonus":"","is_daily":false,"chose_seed":false,"campfire_upgraded":0,"win_rate":0.0,"timestamp":1612151621,"path_taken":["M","M","?","M","?","R","E"],"items_purchased_type":["Relic","Card","Card"],"build_version":"2020-12-22","purchased_purges":2,"victory":false,"max_hp_per_floor":[80,80,80,80,80,80,80,80],"card_choices":[{"not_picked":["StuffTheSpire:Incineration","ReplayTheSpireMod:LeadingStrike"],"picked":"Cleave","floor":1},{"not_picked":["Perfected Strike","Replay:Undeath\u0027s Touch","Rupture"],"picked":"SKIP","floor":2},{"not_picked":["StuffTheSpire:Incineration","Armaments"],"picked":"Infernal Blade","floor":4},{"not_picked":["ReplayTheSpireMod:LeadingStrike","infinitespire:OneForAll"],"picked":"Flex","floor":5}],"player_experience":839123,"relics_obtained":[],"event_choices":[{"damage_healed":0,"gold_gain":275,"player_choice":"Desecrate","damage_taken":0,"max_hp_gain":0,"max_hp_loss":0,"event_name":"Golden Shrine","floor":3,"gold_loss":0,"cards_obtained":["Regret"]}],"is_beta":false,"boss_relics":[],"items_purged_floors":[0,0],"is_endless":false,"potions_floor_spawned":[1,4],"killed_by":"Gremlin Nob","ascension_level":0}}