{"host":"alk2ftu785mujiir","time":1612143323,"event":{"mods":["BaseMod","Colored Map","Downfall","Minty Spire (QoL Compilation)","StSLib"],"gold_per_floor":[99,111,19,29,44,44,44,70,370,389,423,423,423,435,452,549,549,549,559,71,71,88,114,141,141,26,26,55,55,69,69,88,88,88,88],"floor_reached":33,"language":"ENG","playtime":1431,"items_purged":["downfall:Icky","bronze:Strike"],"score":336,"play_id":"a45b5eeb-a7f7-48de-a73b-e4a340fea5df","local_time":"20210131203523","is_ascension_mode":true,"campfire_choices":[{"data":"bronze:Replicate","floor":1.0,"key":"SMITH"},{"data":"bronze:DarkDash","floor":6.0,"key":"SMITH"},{"floor":13.0,"key":"REST"},{"data":"bronze:Boost","floor":18.0,"key":"SMITH"},{"floor":29.0,"key":"REST"}],"circlet_count":0,"master_deck":["bronze:Strike+1","bronze:Strike","bronze:Defend","bronze:Defend","bronze:Defend","bronze:Defend","bronze:Replicate+1","bronze:Goto","bronze:CleanCode","bronze:InfiniteBeams","bronze:Iterate","bronze:Boost+1","bronze:DarkDash+1","bronze:ChosenStrike+1","bronze:Boost","bronze:DelayedGuard","bronze:Iterate","Trip","bronze:Flail","bronze:Constructor","bronze:Repair","Enlightenment","bronze:FineTuning"],"relics":["bronze:BronzeCore","Vajra","CaptainsWheel","hexamod:CandleOfCauterizing","Black Star","Ice Cream","Question Card","Bag of Marbles","Boot","Whetstone"],"acts_visited":["Exordium","TheCity"],"potions_floor_usage":[30,32,33],"damage_taken":[{"damage":1.0,"enemies":"Cultist","floor":2.0,"turns":3.0},{"damage":0.0,"enemies":"downfall:FleeingMerchant","floor":3.0,"turns":4.0},{"damage":1.0,"enemies":"Jaw Worm","floor":4.0,"turns":3.0},{"damage":10.0,"enemies":"Small Slimes","floor":5.0,"turns":4.0},{"damage":13.0,"enemies":"Gremlin Nob","floor":8.0,"turns":4.0},{"damage":14.0,"enemies":"Red Slaver","floor":10.0,"turns":5.0},{"damage":0.0,"enemies":"Lagavulin","floor":11.0,"turns":5.0},{"damage":0.0,"enemies":"Gremlin Gang","floor":14.0,"turns":4.0},{"damage":2.0,"enemies":"Blue Slaver","floor":15.0,"turns":3.0},{"damage":14.0,"enemies":"WA_ARCHETYPE_RETAIN","floor":16.0,"turns":5.0},{"damage":0.0,"enemies":"Spheric Guardian","floor":19.0,"turns":4.0},{"damage":0.0,"enemies":"downfall:FleeingMerchant","floor":20.0,"turns":4.0},{"damage":2.0,"enemies":"Chosen","floor":22.0,"turns":4.0},{"damage":36.0,"enemies":"Book of Stabbing","floor":23.0,"turns":6.0},{"damage":4.0,"enemies":"downfall:FleeingMerchant","floor":26.0,"turns":4.0},{"damage":22.0,"enemies":"Slavers","floor":28.0,"turns":3.0},{"damage":0,"enemies":"Shelled Parasite and Fungi","floor":30,"turns":3},{"damage":6,"enemies":"Snake Plant","floor":32,"turns":4},{"damage":48,"enemies":"IC_MUSHROOM_ARCHETYPE","floor":33,"turns":6}],"seed_played":"287438972744889000","potions_obtained":[{"floor":5.0,"key":"Strength Potion"},{"floor":10.0,"key":"Fire Potion"},{"floor":11.0,"key":"SkillPotion"},{"floor":14.0,"key":"CultistPotion"},{"floor":23.0,"key":"Explosive Potion"},{"floor":28.0,"key":"PowerPotion"},{"floor":30,"key":"ColorlessPotion"}],"is_trial":false,"path_per_floor":["R","M","$","M","M","R","T","E","?","M","E","?","R","M","M","B",null,"R","M","$","?","M","E","T","?","$","?","E","R","M","?","M","B"],"character_chosen":"THE_AUTOMATON","items_purchased":["bronze:Boost","Ice Cream","Enlightenment"],"campfire_rested":2,"item_purchase_floors":[3,20,20],"current_hp_per_floor":[70,69,69,68,58,58,58,45,45,31,31,31,52,52,50,36,70,70,70,70,70,68,34,34,34,30,30,15,36,43,43,37,0,0,0],"gold":88,"neow_bonus":"ONE_RANDOM_RARE_CARD","is_daily":false,"chose_seed":false,"campfire_upgraded":3,"win_rate":0.0,"timestamp":1612143323,"path_taken":["R","M","?","M","M","R","T","E","?","M","E","?","R","M","M","BOSS","R","M","$","?","?","E","T","?","$","?","E","R","?","?","M","BOSS"],"items_purchased_type":["Card","Relic","Card"],"build_version":"2020-12-22","purchased_purges":2,"victory":false,"max_hp_per_floor":[70,70,70,70,70,70,70,70,70,70,70,70,70,70,70,70,70,70,70,70,70,70,70,70,70,70,70,70,70,70,70,70,70,70,70],"card_choices":[{"not_picked":["bronze:BitShift","bronze:Branch"],"picked":"bronze:InfiniteBeams","floor":2.0},{"not_picked":["bronze:ChosenStrike","bronze:BugBarrage"],"picked":"bronze:Iterate","floor":3.0},{"not_picked":["bronze:Refactor","bronze:ClassDefault"],"picked":"bronze:DarkDash","floor":4.0},{"not_picked":["bronze:WildBeam","bronze:Overload"],"picked":"bronze:ChosenStrike","floor":5.0},{"not_picked":["bronze:Constructor","bronze:Verify"],"picked":"bronze:Boost","floor":8.0},{"not_picked":["bronze:InfiniteBeams","bronze:NullPointer"],"picked":"bronze:DelayedGuard","floor":10.0},{"not_picked":["bronze:ItsAFeature","bronze:Allocate"],"picked":"bronze:Iterate","floor":11.0},{"not_picked":["bronze:Deprecate","bronze:DelayedSlice"],"picked":"bronze:Flail","floor":14.0},{"not_picked":["bronze:Overheat","bronze:Allocate"],"picked":"bronze:Constructor","floor":15.0},{"not_picked":["bronze:ClassDefault+1","bronze:CloningBeam","bronze:Overheat+1"],"picked":"SKIP","floor":19.0},{"not_picked":["bronze:WildBeam","bronze:Frontload"],"picked":"bronze:Repair","floor":20.0},{"not_picked":["bronze:Overheat","bronze:Shield+1","bronze:BuggyMess"],"picked":"SKIP","floor":22.0},{"not_picked":["bronze:Iterate","bronze:Deprecate","bronze:Terminator"],"picked":"SKIP","floor":23.0},{"not_picked":["bronze:Constructor+1","bronze:ShipIt","bronze:NullPointer+1","bronze:FollowUp"],"picked":"SKIP","floor":26.0},{"not_picked":["bronze:Boost+1","bronze:Iterate","bronze:Fortify","bronze:DelayedGuard"],"picked":"SKIP","floor":28.0},{"not_picked":["bronze:BronzeArmor","bronze:BitShift","bronze:Refactor+1"],"picked":"bronze:FineTuning","floor":30},{"not_picked":["bronze:ClassDefault","bronze:DelayedSlice","bronze:WhirlingStrike","bronze:BugBarrage"],"picked":"SKIP","floor":32}],"player_experience":1787368,"relics_obtained":[{"floor":7.0,"key":"Vajra"},{"floor":8.0,"key":"CaptainsWheel"},{"floor":11.0,"key":"hexamod:CandleOfCauterizing"},{"floor":23.0,"key":"Question Card"},{"floor":23.0,"key":"Bag of Marbles"},{"floor":28.0,"key":"Boot"},{"floor":28.0,"key":"Whetstone"}],"event_choices":[],"is_beta":false,"boss_relics":[{"not_picked":["Runic Pyramid","Astrolabe"],"picked":"Black Star"}],"items_purged_floors":[20,26],"is_endless":false,"potions_floor_spawned":[5,10,11,14,16,22,23,28,30],"killed_by":"IC_MUSHROOM_ARCHETYPE","ascension_level":1}}