{"host":"wfy07lporsqrbz3r","time":1612182852,"event":{"mods":["BaseMod","Minty Spire (QoL Compilation)","Replay The Spire","StSLib"],"gold_per_floor":[110,110,110,90,100,100,129,129,152,490,502,514,545,587,599,684,696,727,536,548,331,344,344,344],"floor_reached":23,"language":"ZHS","playtime":680,"items_purged":["Regret","Shrug It Off"],"score":714,"play_id":"56663c65-c6d4-4471-976a-3f5a683ea455","local_time":"20210201203412","daily_mods":["SealedDeck","Heirloom","Elite Swarm","Lethality"],"is_ascension_mode":true,"campfire_choices":[{"data":"Pommel Strike","floor":6,"key":"SMITH"},{"data":"Limit Break","floor":8,"key":"SMITH"},{"data":"Seeing Red","floor":15,"key":"SMITH"}],"circlet_count":0,"master_deck":["AscendersBane","Bloodletting","Sword Boomerang","Spot Weakness","Pommel Strike+1","Seeing Red+1","Shockwave","Flex","Anger","Thunderclap","Cleave","Limit Break+1","Immolate","Demon Form","Feed"],"relics":["Burning Blood","Magic Flower","Darkstone Periapt","Replay:Accelerometer","MawBank","Old Coin","Iron Hammer","Replay:Bottled Flurry","SlaversCollar","Membership Card","Replay:Multitool"],"acts_visited":["Exordium","TheCity"],"potions_floor_usage":[23,23],"damage_taken":[{"damage":0,"enemies":"Cultist","floor":1,"turns":2},{"damage":12,"enemies":"Small Slimes","floor":5,"turns":2},{"damage":7,"enemies":"Lagavulin","floor":7,"turns":3},{"damage":16,"enemies":"Replay:BlueRogue","floor":10,"turns":3},{"damage":4,"enemies":"Jaw Worm","floor":13,"turns":2},{"damage":5,"enemies":"Lagavulin","floor":14,"turns":4},{"damage":29,"enemies":"Fading Forest","floor":16,"turns":9},{"damage":18,"enemies":"Spheric Guardian","floor":18,"turns":3},{"damage":24,"enemies":"Shell Parasite","floor":20,"turns":3},{"damage":57,"enemies":"Snake Plant","floor":22,"turns":3},{"damage":27,"enemies":"Book of Stabbing","floor":23,"turns":1}],"seed_played":"3662231208267968513","potions_obtained":[{"floor":4,"key":"Regen Potion"},{"floor":5,"key":"Strength Potion"}],"is_trial":true,"path_per_floor":["M","?","?","?","M","R","E","R","T","E","$","T","M","E","R","B",null,"M","$","M","$","M","E"],"character_chosen":"IRONCLAD","items_purchased":["Membership Card","Replay:Multitool"],"campfire_rested":0,"item_purchase_floors":[19,21],"current_hp_per_floor":[75,75,81,81,78,78,80,80,80,73,73,73,78,81,81,73,79,75,75,65,65,17,0,0],"gold":344,"neow_bonus":"","is_daily":false,"chose_seed":false,"campfire_upgraded":3,"win_rate":0.0,"timestamp":1612182852,"path_taken":["M","?","?","?","?","R","E","R","T","E","$","?","M","E","R","BOSS","M","$","M","$","M","E"],"items_purchased_type":["Relic","Relic"],"build_version":"2020-12-22","purchased_purges":2,"victory":false,"max_hp_per_floor":[75,75,81,81,81,81,81,81,81,81,81,81,81,81,81,81,81,84,84,87,87,87,87,87],"card_choices":[{"not_picked":["Headbutt","Sever Soul"],"picked":"Cleave","floor":1},{"not_picked":["Rupture","Shrug It Off","Sword Boomerang"],"picked":"SKIP","floor":5},{"not_picked":["Barricade","Feed"],"picked":"Limit Break","floor":7},{"not_picked":["Impervious","Corruption"],"picked":"Immolate","floor":10},{"not_picked":["Blood for Blood","Flex","Run Through"],"picked":"SKIP","floor":13},{"not_picked":["Replay:Many Hands","Eclipse"],"picked":"Demon Form","floor":14},{"not_picked":["Hemogenesis","Exhume"],"picked":"Feed","floor":16},{"not_picked":["Iron Wave","Blood for Blood","Headbutt"],"picked":"SKIP","floor":18},{"not_picked":["Run Through","Flex","Pummel"],"picked":"SKIP","floor":20},{"not_picked":["Hemokinesis","Dropkick","Warcry"],"picked":"SKIP","floor":22}],"player_experience":808972,"relics_obtained":[{"floor":7,"key":"Replay:Accelerometer"},{"floor":9,"key":"MawBank"},{"floor":10,"key":"Old Coin"},{"floor":12,"key":"Iron Hammer"},{"floor":14,"key":"Replay:Bottled Flurry"}],"event_choices":[{"damage_healed":0,"gold_gain":0,"player_choice":"Ignored","damage_taken":0,"max_hp_gain":0,"max_hp_loss":0,"event_name":"Golden Wing","floor":2,"gold_loss":0},{"damage_healed":0,"gold_gain":0,"player_choice":"Box","damage_taken":0,"relics_obtained":["Darkstone Periapt"],"max_hp_gain":0,"max_hp_loss":0,"event_name":"Big Fish","floor":3,"gold_loss":0,"cards_obtained":["Regret"]},{"damage_healed":0,"gold_gain":0,"player_choice":"Bought 1 Potion","damage_taken":0,"max_hp_gain":0,"max_hp_loss":0,"event_name":"The Woman in Blue","floor":4,"gold_loss":0}],"is_beta":false,"boss_relics":[{"not_picked":["Black Blood","Painkiller Herb"],"picked":"SlaversCollar"}],"items_purged_floors":[19,21],"is_endless":true,"potions_floor_spawned":[5,10,16,22],"killed_by":"Book of Stabbing","ascension_level":20}}