{"host":"qav5943cxrzanrh1","time":1612145509,"event":{"mods":["BaseMod","BetterRewards","ChefMod","Colored Map","Downfall","Highlight Path","Hubris","Minty Spire (QoL Compilation)","RRrroohrrRGHHhhh!!","RatMod","SacredBarkPlus","Shop Mod","Spicy Shops","Spikes Relics","StSLib","The Blue Laboratory","Trackpad","thorton"],"gold_per_floor":[110,110,285,285,360,384,428,86,112,155,192,204,316,351,363,506,518,550,562,587,618,630,642,642],"floor_reached":23,"language":"ENG","playtime":1468,"items_purged":["Doubt"],"score":274,"play_id":"e2f04d86-6e80-4965-ad03-a5d25df90df2","local_time":"20210131211149","is_ascension_mode":false,"campfire_choices":[{"data":"chefmod:OrderUp","floor":12,"key":"SMITH"},{"data":"chefmod:QuickThaw","floor":15,"key":"SMITH"}],"circlet_count":0,"master_deck":["chefmod:Strike","chefmod:Strike","chefmod:Strike","chefmod:Strike","chefmod:QuickThaw+1","chefmod:Defend","chefmod:Defend","chefmod:Defend","chefmod:Defend","chefmod:TodaysSpecial","chefmod:Julienne","rorgmod:Ache","chefmod:HotSoup","chefmod:FreezeSolid","chefmod:OrderUp+1","chefmod:ColdSteel","chefmod:PotatoGratin","chefmod:Granita","chefmod:SushiPlatter+1","chefmod:OrderUp+1","chefmod:SliceAndDice+1","chefmod:Omelette+1"],"relics":["chefmod:OldKettle","NeowsBlessing","LugNut","Golden Idol","hubris:OldNail","Meat on the Bone","MawBank","Ancient Tea Set"],"acts_visited":["Exordium","TheCity"],"potions_floor_usage":[20,23,23],"damage_taken":[{"damage":0,"enemies":"Cultist","floor":1,"turns":1},{"damage":0,"enemies":"Jaw Worm","floor":6,"turns":1},{"damage":0,"enemies":"Lagavulin","floor":7,"turns":1},{"damage":13,"enemies":"Gremlin Nob","floor":10,"turns":4},{"damage":2,"enemies":"Small Slimes","floor":11,"turns":5},{"damage":7,"enemies":"Exordium Thugs","floor":14,"turns":4},{"damage":0,"enemies":"Slime Boss","floor":16,"turns":6},{"damage":16,"enemies":"3 Byrds","floor":18,"turns":6},{"damage":30,"enemies":"2 Thieves","floor":20,"turns":3},{"damage":18,"enemies":"Cultist and Chosen","floor":21,"turns":5},{"damage":37,"enemies":"Slavers","floor":23,"turns":4}],"seed_played":"3783399896784715913","potions_obtained":[{"floor":1,"key":"Strength Potion"},{"floor":10,"key":"chefmod:PotionOfPlenty"},{"floor":16,"key":"blueLaboratory:LouseDecoction"}],"is_trial":false,"path_per_floor":["M","T","?","?","?","M","E","$","T","E","M","R","?","M","R","B",null,"M","?","M","M","?","E"],"character_chosen":"THE_CHEF","items_purchased":["chefmod:OrderUp","Meat on the Bone"],"campfire_rested":0,"item_purchase_floors":[8,8],"current_hp_per_floor":[76,76,76,76,65,65,65,65,65,52,50,50,50,43,43,43,76,60,60,42,36,36,0,0],"gold":642,"neow_bonus":"THREE_ENEMY_KILL","is_daily":false,"chose_seed":false,"campfire_upgraded":2,"win_rate":0.0,"timestamp":1612145509,"path_taken":["M","?","?","?","?","?","E","$","T","E","M","R","?","?","R","BOSS","M","?","?","M","?","E"],"items_purchased_type":["Card","Relic"],"build_version":"2020-12-22","purchased_purges":1,"victory":false,"max_hp_per_floor":[76,76,76,76,76,76,76,76,76,76,76,76,76,76,76,76,76,76,76,76,76,76,76,76],"card_choices":[{"not_picked":["chefmod:DinoKale","chefmod:Gelato"],"picked":"chefmod:Julienne","floor":1},{"not_picked":["chefmod:Sorbet","chefmod:Granita"],"picked":"chefmod:HotSoup","floor":6},{"not_picked":["chefmod:Chop","chefmod:SaveForLater"],"picked":"chefmod:FreezeSolid","floor":7},{"not_picked":["chefmod:IcePick","chefmod:FreshProduce"],"picked":"chefmod:ColdSteel","floor":10},{"not_picked":["chefmod:LocoMoco","chefmod:Cleavers"],"picked":"chefmod:PotatoGratin","floor":11},{"not_picked":["chefmod:ColdSteel","chefmod:DimSum"],"picked":"chefmod:Granita","floor":14},{"not_picked":["chefmod:PrepCook","chefmod:RisingDough"],"picked":"chefmod:SushiPlatter","floor":16},{"not_picked":["chefmod:IcePick","chefmod:Gelato","chefmod:Granita"],"picked":"SKIP","floor":18},{"not_picked":["chefmod:FryPan","chefmod:Fillet"],"picked":"chefmod:SliceAndDice+1","floor":20},{"not_picked":["chefmod:LiquidNitrogen","chefmod:BaoBuns"],"picked":"chefmod:Omelette+1","floor":21}],"player_experience":689061,"relics_obtained":[{"floor":2,"key":"LugNut"},{"floor":7,"key":"hubris:OldNail"},{"floor":9,"key":"MawBank"},{"floor":10,"key":"Ancient Tea Set"}],"event_choices":[{"damage_healed":0,"gold_gain":175,"player_choice":"AGREE","damage_taken":0,"max_hp_gain":0,"max_hp_loss":0,"event_name":"Liars Game","floor":3,"gold_loss":0,"cards_obtained":["Doubt"]},{"damage_healed":0,"gold_gain":0,"player_choice":"Take Wound","damage_taken":0,"relics_obtained":["Golden Idol"],"max_hp_gain":0,"max_hp_loss":0,"event_name":"Golden Idol","floor":4,"gold_loss":0,"cards_obtained":["rorgmod:Ache"]},{"damage_healed":0,"gold_gain":75,"player_choice":"Gather Gold","damage_taken":11,"max_hp_gain":0,"max_hp_loss":0,"event_name":"World of Goop","floor":5,"gold_loss":0},{"damage_healed":0,"gold_gain":100,"player_choice":"Pray","damage_taken":0,"max_hp_gain":0,"max_hp_loss":0,"event_name":"Golden Shrine","floor":13,"gold_loss":0},{"damage_healed":0,"gold_gain":0,"player_choice":"Copied","damage_taken":0,"max_hp_gain":0,"max_hp_loss":0,"event_name":"Duplicator","floor":19,"gold_loss":0,"cards_obtained":["chefmod:OrderUp"]}],"is_beta":false,"boss_relics":[{"not_picked":["bronze:MakeshiftBattery","Cursed Key"],"picked":"chefmod:OldKettle"}],"items_purged_floors":[8],"is_endless":false,"potions_floor_spawned":[1,10,16,20],"killed_by":"Slavers","ascension_level":0}}