{"host":"hpn0uxah5qjr7pa6","time":1612215600,"event":{"mods":["Act Like it!","Aspiration","BaseMod","Better Third Choice","BetterRewards","Challenge The Spire","Colored Powertips","Conspire","Downfall","Energized Spire","Hallownest","Hermit","Hubris","Infinite Spire","Minty Spire (QoL Compilation)","Permanent Neow","Quick Restart","Rare Cards Sparkle","Replay The Spire","Spicy Shops","StSLib","The Bug Knight","The Jungle"],"gold_per_floor":[99,117,129,129,129,129,155,155,55,66,76,76,92,103,120,120,120,120],"floor_reached":16,"language":"ENG","playtime":478,"items_purged":[],"score":138,"play_id":"5384201e-f855-49e8-bffe-cc6db2fd029a","local_time":"20210201134000","is_ascension_mode":true,"campfire_choices":[{"data":"bronze:Strike","floor":1,"key":"SMITH"},{"data":"bronze:DelayedSlice","floor":6,"key":"SMITH"},{"data":"bronze:WhirlingStrike","floor":8,"key":"SMITH"}],"circlet_count":0,"master_deck":["bronze:Strike","bronze:Strike","bronze:Strike","bronze:Strike+1","bronze:Defend","bronze:Defend","bronze:Defend","bronze:Defend","bronze:Replicate","bronze:Goto","bronze:DelayedSlice+1","bronze:WhirlingStrike+1","bronze:WhirlingStrike","bronze:BronzeOrb","bronze:BronzeOrb","bronze:InfiniteLoop","bronze:Branch","bronze:BronzeOrb","bronze:DelayedSlice","bronze:BronzeOrb","bronze:DelayedSlice"],"relics":["bronze:BronzeCore","infinitespire:Lucky Rock","ReplayFunnel"],"acts_visited":["Exordium"],"potions_floor_usage":[16,16,16],"damage_taken":[{"damage":3,"enemies":"2 Louse","floor":2,"turns":3},{"damage":2,"enemies":"Jaw Worm","floor":3,"turns":2},{"damage":5,"enemies":"downfall:FleeingMerchant","floor":9,"turns":4},{"damage":0,"enemies":"Small Slimes","floor":10,"turns":1},{"damage":0,"enemies":"Exordium Wildlife","floor":11,"turns":2},{"damage":0,"enemies":"3 Louse","floor":13,"turns":2},{"damage":0,"enemies":"Exordium Thugs","floor":14,"turns":2},{"damage":0,"enemies":"Blue Slaver","floor":15,"turns":1},{"damage":60,"enemies":"SI_SHIV_ARCHETYPE","floor":16,"turns":7}],"seed_played":"9161916051329001392","potions_obtained":[{"floor":10,"key":"sneckomod:MuddlingPotion"},{"floor":11,"key":"Elixir"},{"floor":14,"key":"infinitespire:BlackPotion"},{"floor":15,"key":"Milkshake"}],"is_trial":false,"path_per_floor":["R","M","M","?","?","R","T","R","$","M","M","?","M","M","M","B"],"character_chosen":"THE_AUTOMATON","items_purchased":["bronze:BronzeOrb"],"campfire_rested":0,"item_purchase_floors":[9],"current_hp_per_floor":[70,67,65,65,65,65,65,65,60,60,60,60,60,60,60,0,0,0],"gold":120,"neow_bonus":"RANDOM_COMMON_RELIC","is_daily":false,"chose_seed":false,"campfire_upgraded":3,"win_rate":0.0,"timestamp":1612215600,"path_taken":["R","M","M","?","?","R","T","R","?","M","M","?","?","M","M","BOSS"],"items_purchased_type":["Card"],"build_version":"2020-12-22","purchased_purges":0,"victory":false,"max_hp_per_floor":[70,70,70,70,70,70,70,70,70,70,70,70,70,70,70,70,70,70],"card_choices":[{"not_picked":["bronze:MaxOutput","bronze:ChosenStrike"],"picked":"bronze:DelayedSlice","floor":2},{"not_picked":["bronze:WildBeam","bronze:ForLoop"],"picked":"bronze:WhirlingStrike","floor":3},{"not_picked":["bronze:DelayedGuard","bronze:FineTuning"],"picked":"bronze:WhirlingStrike","floor":9},{"not_picked":["bronze:Deprecate","bronze:GetLatest"],"picked":"bronze:InfiniteLoop","floor":10},{"not_picked":["bronze:Optimize","bronze:BitShift"],"picked":"bronze:Branch","floor":11},{"not_picked":["bronze:FineTuning","bronze:Safeguard"],"picked":"bronze:DelayedSlice","floor":13},{"not_picked":["bronze:Philosophize","bronze:WildBeam"],"picked":"bronze:BronzeOrb","floor":14},{"not_picked":["bronze:BitShift","bronze:Deprecate"],"picked":"bronze:DelayedSlice","floor":15}],"player_experience":155968,"relics_obtained":[{"floor":7,"key":"ReplayFunnel"}],"event_choices":[{"damage_healed":0,"gold_gain":0,"player_choice":"Disagree","damage_taken":0,"max_hp_gain":0,"max_hp_loss":0,"event_name":"conspire:LoneGhost","floor":4,"gold_loss":0}],"is_beta":false,"boss_relics":[],"items_purged_floors":[],"is_endless":false,"potions_floor_spawned":[10,11,14,15],"killed_by":"SI_SHIV_ARCHETYPE","ascension_level":4}}