{"host":"e0kes70z4atl8xdk","time":1612199279,"event":{"mods":["AchievementEnabler","BaseMod","Colored Map","Colored Powertips","Minty Spire (QoL Compilation)","Rare Cards Sparkle","Relic Stats"],"gold_per_floor":[118,137,151,151,101,101,131,149,217,217,279,312,312,330,330,433,433,433,433,16,16,16,16,16,16,16,16,16,16,16,16,16,16,16,16,16,16],"floor_reached":38,"language":"ENG","playtime":2346,"items_purged":["Strike_R"],"score":1011,"play_id":"cd2d9b22-d936-4c3d-a9f1-72acdc6f36f7","local_time":"20210201180759","is_ascension_mode":true,"campfire_choices":[{"data":"Heavy Blade","floor":6.0,"key":"SMITH"},{"data":"Inflame","floor":10.0,"key":"SMITH"},{"floor":13.0,"key":"REST"},{"data":"Armaments","floor":15.0,"key":"SMITH"},{"floor":25,"key":"REST"},{"data":"Corruption","floor":27,"key":"SMITH"},{"floor":32,"key":"REST"}],"circlet_count":0,"master_deck":["Strike_R+1","Strike_R","Strike_R","Strike_R+1","Defend_R","Defend_R","Defend_R","Defend_R","Bash","Twin Strike","Inflame+1","Heavy Blade+1","Armaments+1","Clothesline","Cleave","Corruption+1","True Grit+1","Spot Weakness+1","Double Tap","CurseOfTheBell"],"relics":["Burning Blood","Toy Ornithopter","Ice Cream","Kunai","Anchor","Bottled Flame","Ectoplasm","Red Mask","HornCleat","Pear","Whetstone","Centennial Puzzle","Calling Bell","Bronze Scales","Singing Bowl","Unceasing Top"],"acts_visited":["Exordium","TheCity","TheBeyond"],"potions_floor_usage":[22,23,27,28,37,37],"damage_taken":[{"damage":7.0,"enemies":"Jaw Worm","floor":1.0,"turns":3.0},{"damage":11.0,"enemies":"Small Slimes","floor":2.0,"turns":3.0},{"damage":7.0,"enemies":"2 Louse","floor":3.0,"turns":3.0},{"damage":40.0,"enemies":"Lagavulin","floor":7.0,"turns":6.0},{"damage":21.0,"enemies":"Blue Slaver","floor":8.0,"turns":3.0},{"damage":23.0,"enemies":"Gremlin Nob","floor":11.0,"turns":4.0},{"damage":22.0,"enemies":"3 Sentries","floor":12.0,"turns":5.0},{"damage":0.0,"enemies":"Gremlin Gang","floor":14.0,"turns":4.0},{"damage":36.0,"enemies":"The Guardian","floor":16.0,"turns":11.0},{"damage":18.0,"enemies":"3 Byrds","floor":18.0,"turns":6.0},{"damage":30.0,"enemies":"Masked Bandits","floor":19.0,"turns":5.0},{"damage":0.0,"enemies":"Chosen","floor":21.0,"turns":3.0},{"damage":4,"enemies":"Shelled Parasite and Fungi","floor":22,"turns":3},{"damage":22,"enemies":"Gremlin Leader","floor":23,"turns":6},{"damage":10,"enemies":"3 Cultists","floor":28,"turns":4},{"damage":5,"enemies":"Snake Plant","floor":29,"turns":4},{"damage":31,"enemies":"Book of Stabbing","floor":30,"turns":5},{"damage":70,"enemies":"Automaton","floor":33,"turns":10},{"damage":13,"enemies":"Orb Walker","floor":35,"turns":3},{"damage":77,"enemies":"Time Eater","floor":37,"turns":9}],"seed_played":"7628377820101286288","potions_obtained":[{"floor":1.0,"key":"CultistPotion"},{"floor":3.0,"key":"DistilledChaos"},{"floor":7.0,"key":"BloodPotion"},{"floor":8.0,"key":"SpeedPotion"},{"floor":21.0,"key":"LiquidMemories"},{"floor":22,"key":"BloodPotion"},{"floor":23,"key":"LiquidMemories"},{"floor":33,"key":"LiquidBronze"},{"floor":35,"key":"Strength Potion"}],"is_trial":false,"path_per_floor":["M","M","M","?","?","R","E","M","T","R","?","E","R","M","R","B",null,"M","?","$","M","M","E","?","R","T","R","M","M","E","?","R","B",null,"M","?","B",null],"character_chosen":"IRONCLAD","items_purchased":["HornCleat","CultistPotion"],"campfire_rested":3,"item_purchase_floors":[20,20],"current_hp_per_floor":[71,66,65,70,70,70,41,26,26,48,36,25,50,56,56,26,70,58,34,34,40,47,46,27,57,57,82,83,84,59,59,89,25,81,76,76,15],"gold":16,"neow_bonus":"RANDOM_COMMON_RELIC","is_daily":false,"chose_seed":false,"campfire_upgraded":4,"win_rate":0.0,"timestamp":1612199279,"path_taken":["M","M","M","?","?","R","E","M","T","R","?","E","R","M","R","BOSS","M","?","$","M","M","E","?","R","T","R","M","M","E","?","R","BOSS","M","?","BOSS"],"items_purchased_type":["Relic","Potion"],"build_version":"2020-12-22","purchased_purges":1,"victory":true,"max_hp_per_floor":[80,80,80,85,85,85,85,85,85,85,85,85,85,85,85,85,85,85,85,85,85,85,95,100,100,100,100,100,100,100,100,100,100,100,102,102,102],"relic_stats":{"Centennial Puzzle":[9],"Singing Bowl":2,"counters":[20,100],"Bronze Scales":[47],"Ectoplasm":334,"Kunai":[23],"Whetstone":["Strike_R","Strike_R"],"obtain_stats":[{"Ice Cream":7,"Pear":23,"Singing Bowl":34,"Whetstone":26,"Burning Blood":0,"Calling Bell":34,"Anchor":11,"Bottled Flame":12,"Centennial Puzzle":30,"HornCleat":20,"Bronze Scales":34,"Ectoplasm":17,"Red Mask":19,"Kunai":9,"Toy Ornithopter":0,"Unceasing Top":34},{"Ice Cream":4,"Pear":14,"Singing Bowl":18,"Whetstone":14,"Burning Blood":0,"Calling Bell":18,"Anchor":6,"Bottled Flame":7,"Centennial Puzzle":17,"HornCleat":11,"Bronze Scales":18,"Ectoplasm":9,"Red Mask":11,"Kunai":5,"Toy Ornithopter":0,"Unceasing Top":18},{"Ice Cream":15,"Pear":65,"Singing Bowl":88,"Whetstone":65,"Burning Blood":0,"Calling Bell":88,"Anchor":22,"Bottled Flame":27,"Centennial Puzzle":78,"HornCleat":53,"Bronze Scales":88,"Ectoplasm":42,"Red Mask":53,"Kunai":18,"Toy Ornithopter":0,"Unceasing Top":88}],"Burning Blood":120,"Toy Ornithopter":50,"Unceasing Top":[3]},"card_choices":[{"not_picked":["Sentinel","Shrug It Off"],"picked":"Twin Strike","floor":1.0},{"not_picked":["Hemokinesis","Body Slam"],"picked":"Inflame","floor":2.0},{"not_picked":["Twin Strike","Havoc"],"picked":"Heavy Blade","floor":3.0},{"not_picked":["Offering","Bloodletting"],"picked":"Armaments","floor":7.0},{"not_picked":["Headbutt","Dual Wield"],"picked":"Clothesline","floor":8.0},{"not_picked":["Searing Blow","Iron Wave"],"picked":"Cleave","floor":11.0},{"not_picked":["Thunderclap","Shrug It Off"],"picked":"Corruption","floor":12.0},{"not_picked":["Sentinel","Rupture","Carnage"],"picked":"SKIP","floor":14.0},{"not_picked":["Wild Strike+1","Cleave","Warcry"],"picked":"SKIP","floor":18.0},{"not_picked":["Dropkick","Iron Wave","Sword Boomerang"],"picked":"SKIP","floor":21.0},{"not_picked":["Combust","Twin Strike","Pommel Strike"],"picked":"SKIP","floor":22},{"not_picked":["Iron Wave","Disarm"],"picked":"True Grit+1","floor":23},{"not_picked":["Dropkick","Hemokinesis","Armaments"],"picked":"SKIP","floor":28},{"not_picked":["Carnage","Dropkick","Pummel"],"picked":"SKIP","floor":29},{"not_picked":["Corruption","Uppercut"],"picked":"Spot Weakness+1","floor":30},{"not_picked":["Brutality","Exhume"],"picked":"Double Tap","floor":33},{"not_picked":["Seeing Red+1","Armaments+1","Heavy Blade+1"],"picked":"Singing Bowl","floor":35}],"player_experience":228575,"relics_obtained":[{"floor":7.0,"key":"Ice Cream"},{"floor":9.0,"key":"Kunai"},{"floor":11.0,"key":"Anchor"},{"floor":12.0,"key":"Bottled Flame"},{"floor":19.0,"key":"Red Mask"},{"floor":23,"key":"Pear"},{"floor":26,"key":"Whetstone"},{"floor":30,"key":"Centennial Puzzle"},{"floor":34,"key":"Bronze Scales"},{"floor":34,"key":"Singing Bowl"},{"floor":34,"key":"Unceasing Top"}],"event_choices":[{"damage_healed":0.0,"max_hp_gain":5.0,"max_hp_loss":0.0,"gold_gain":0.0,"event_name":"Big Fish","player_choice":"Donut","floor":4.0,"gold_loss":0.0,"damage_taken":0.0},{"damage_healed":0.0,"max_hp_gain":0.0,"max_hp_loss":0.0,"gold_gain":0.0,"event_name":"World of Goop","player_choice":"Left Gold","floor":5.0,"gold_loss":50.0,"damage_taken":0.0},{"damage_healed":0.0,"max_hp_gain":0.0,"max_hp_loss":0.0,"gold_gain":0.0,"event_name":"Dead Adventurer","player_choice":"Searched \u00271\u0027 times","floor":11.0,"gold_loss":0.0,"damage_taken":0.0},{"damage_healed":0.0,"max_hp_gain":0.0,"max_hp_loss":0.0,"gold_gain":0.0,"event_name":"Masked Bandits","player_choice":"Fought Bandits","floor":19.0,"gold_loss":0.0,"damage_taken":0.0},{"damage_healed":0,"gold_gain":0,"player_choice":"Shed Blood","damage_taken":24,"max_hp_gain":5,"max_hp_loss":0,"event_name":"Forgotten Altar","floor":24,"gold_loss":0},{"damage_healed":0,"gold_gain":0,"player_choice":"Ignored","damage_taken":0,"max_hp_gain":0,"max_hp_loss":0,"event_name":"Vampires","floor":31,"gold_loss":0},{"damage_healed":0,"gold_gain":0,"player_choice":"Took Portal","damage_taken":0,"max_hp_gain":0,"max_hp_loss":0,"event_name":"SecretPortal","floor":36,"gold_loss":0}],"is_beta":false,"boss_relics":[{"not_picked":["Philosopher\u0027s Stone","Tiny House"],"picked":"Ectoplasm"},{"not_picked":["SacredBark","Pandora\u0027s Box"],"picked":"Calling Bell"}],"items_purged_floors":[20],"is_endless":false,"potions_floor_spawned":[1,3,7,8,21,22,23,33,35],"ascension_level":8}}