{"host":"sav7uxregyirlf69","time":1612184407,"event":{"mods":["AchievementEnabler","BaseMod","Colored Map","DeckTracker","Keyboard Shortcuts","Minty Spire (QoL Compilation)","READ ME - Guardian Mod","StSLib","SuperFastMode"],"gold_per_floor":[18,34,34,47,63,63,87,107,107,107,107,128,151,165,165,165,165],"floor_reached":16,"language":"KOR","playtime":217,"items_purged":[],"score":196,"play_id":"ab241b9e-787c-4b83-92e9-312577106586","local_time":"20210201220007","is_ascension_mode":true,"campfire_choices":[{"floor":6,"key":"REST"},{"data":"Mayhem","floor":15,"key":"SMITH"}],"circlet_count":0,"master_deck":["AscendersBane","Strike_R","Strike_R","Strike_R","Strike_R","Defend_R","Defend_R","Defend_R","Defend_R","Bash","Mayhem+1","Wild Strike","Twin Strike","Ghostly Armor","Shrug It Off","Shrug It Off","Bloodletting","Seeing Red","Pommel Strike"],"relics":["Burning Blood","Golden Idol","Ornamental Fan","Pen Nib"],"acts_visited":["Exordium"],"potions_floor_usage":[5,14,16],"damage_taken":[{"damage":14,"enemies":"Jaw Worm","floor":1,"turns":4},{"damage":1,"enemies":"2 Louse","floor":2,"turns":2},{"damage":4,"enemies":"Small Slimes","floor":4,"turns":4},{"damage":31,"enemies":"Exordium Thugs","floor":5,"turns":7},{"damage":15,"enemies":"Looter","floor":7,"turns":4},{"damage":8,"enemies":"Large Slime","floor":8,"turns":5},{"damage":3,"enemies":"2 Fungi Beasts","floor":12,"turns":5},{"damage":6,"enemies":"Looter","floor":13,"turns":3},{"damage":11,"enemies":"Exordium Thugs","floor":14,"turns":4},{"damage":18,"enemies":"Hexaghost","floor":16,"turns":3}],"seed_played":"3051067308585704354","potions_obtained":[{"floor":2,"key":"Block Potion"},{"floor":4,"key":"Weak Potion"},{"floor":12,"key":"Strength Potion"}],"is_trial":false,"path_per_floor":["M","M","?","M","M","R","M","M","T","?","?","M","M","M","R","B"],"character_chosen":"IRONCLAD","items_purchased":[],"campfire_rested":1,"item_purchase_floors":[],"current_hp_per_floor":[60,65,39,41,16,38,29,27,27,16,16,19,19,14,14,0,0],"gold":165,"neow_bonus":"RANDOM_COLORLESS_2","is_daily":false,"chose_seed":false,"campfire_upgraded":1,"win_rate":0.0,"timestamp":1612184407,"path_taken":["M","M","?","M","M","R","M","M","T","?","?","M","?","M","R","BOSS"],"items_purchased_type":[],"build_version":"2020-12-22","purchased_purges":0,"victory":false,"max_hp_per_floor":[75,75,75,75,75,75,75,75,75,75,75,75,75,75,75,75,75],"card_choices":[{"not_picked":["Thinking Ahead","Magnetism"],"picked":"Mayhem","floor":0},{"not_picked":["Inflame","Flex"],"picked":"Wild Strike","floor":1},{"not_picked":["Bloodletting","Battle Trance"],"picked":"Twin Strike","floor":2},{"not_picked":["Dual Wield","Anger"],"picked":"Ghostly Armor","floor":4},{"not_picked":["Twin Strike","Clash","Havoc"],"picked":"SKIP","floor":5},{"not_picked":["Pommel Strike","Iron Wave"],"picked":"Shrug It Off","floor":7},{"not_picked":["Double Tap","Thunderclap"],"picked":"Shrug It Off","floor":8},{"not_picked":["Clash","True Grit","Armaments"],"picked":"SKIP","floor":12},{"not_picked":["Inflame","Entrench"],"picked":"Seeing Red","floor":13},{"not_picked":["Wild Strike","Cleave"],"picked":"Pommel Strike","floor":14}],"player_experience":1454709,"relics_obtained":[{"floor":9,"key":"Ornamental Fan"}],"event_choices":[{"damage_healed":0,"gold_gain":0,"player_choice":"Take Damage","damage_taken":26,"relics_obtained":["Golden Idol"],"max_hp_gain":0,"max_hp_loss":0,"event_name":"Golden Idol","floor":3,"gold_loss":0},{"damage_healed":0,"gold_gain":0,"player_choice":"Success","damage_taken":11,"relics_obtained":["Pen Nib"],"max_hp_gain":0,"max_hp_loss":0,"event_name":"Scrap Ooze","floor":10,"gold_loss":0},{"damage_healed":0,"gold_gain":0,"cards_transformed":["Strike_R"],"player_choice":"Transformed","damage_taken":0,"max_hp_gain":0,"max_hp_loss":0,"event_name":"Transmorgrifier","floor":11,"gold_loss":0,"cards_obtained":["Bloodletting"]}],"is_beta":false,"boss_relics":[],"items_purged_floors":[],"is_endless":false,"potions_floor_spawned":[2,4,12,13],"killed_by":"Hexaghost","ascension_level":20}}