{"host":"clf2hd4adhiiw0zf","time":1612162897,"event":{"mods":["AchievementEnabler","BaseMod","Beaked The Cultist","Bestiary","Dark Map","Downfall","Gremlin Mod","Hermit","Jorbs\u0027s Wanderer Trilogy","Marisa????????","Minty Spire (QoL Compilation)","Shop Mod","StSLib","The Cursed","The Servant 0.9.4","Wide Potions"],"gold_per_floor":[99,99,199,199,199,228,228,28,47,67,67,80,530,555,573,573,573,573],"floor_reached":16,"language":"ENG","playtime":584,"items_purged":[],"score":140,"play_id":"9fa15b8c-ecc5-46f9-a309-8bba7d434e5b","local_time":"20210201000137","is_ascension_mode":true,"campfire_choices":[{"floor":1,"key":"RECALL"},{"data":"sneckomod:SoulExchange","floor":8,"key":"SMITH"},{"data":"sneckomod:UnknownExhaust","floor":11,"key":"SMITH"}],"circlet_count":0,"master_deck":["sneckomod:Strike","sneckomod:Strike","sneckomod:Strike","sneckomod:Defend","sneckomod:Defend","sneckomod:Defend","sneckomod:TailWhip+1","sneckomod:SnekBite","sneckomod:Unknown","sneckomod:Unknown","sneckomod:QuickBite","sneckomod:ImprovisedAttack","sneckomod:SoulExchange+1","sneckomod:UnknownExhaust+1","sneckomod:SoulRoll","sneckomod:MixItUp","downfall:Icky","downfall:Icky","downfall:Icky","sneckomod:Unknown2Cost","sneckomod:UnknownStrength"],"relics":["sneckomod:SneckoSoul","downfall:HeartsMalice","Blue Candle","downfall:HeartBlessingRed","downfall:HeartBlessingBlue","Pocketwatch"],"acts_visited":["Exordium"],"potions_floor_usage":[14,16,16],"damage_taken":[{"damage":0,"enemies":"Small Slimes","floor":2,"turns":1},{"damage":0,"enemies":"Jaw Worm","floor":5,"turns":1},{"damage":0,"enemies":"3 Sentries","floor":6,"turns":1},{"damage":6,"enemies":"Cultist","floor":9,"turns":3},{"damage":7,"enemies":"3 Louse","floor":10,"turns":3},{"damage":0,"enemies":"Blue Slaver","floor":12,"turns":1},{"damage":41,"enemies":"Lagavulin","floor":14,"turns":4},{"damage":6,"enemies":"2 Fungi Beasts","floor":15,"turns":4},{"damage":52,"enemies":"DF_ARCHETYPE_STREAMLINE","floor":16,"turns":6}],"seed_played":"-1144720965934048861","potions_obtained":[{"floor":6,"key":"Weak Potion"},{"floor":10,"key":"BlessingOfTheForge"},{"floor":15,"key":"PowerPotion"}],"is_trial":false,"path_per_floor":["R","M","?","?","M","E","T","R","M","M","R","M","?","E","M","B"],"character_chosen":"THE_SNECKO","items_purchased":[],"campfire_rested":0,"item_purchase_floors":[],"current_hp_per_floor":[90,90,90,90,90,90,90,100,94,87,87,87,87,46,40,0,0,0],"gold":573,"neow_bonus":"THREE_ENEMY_KILL","is_daily":false,"chose_seed":false,"campfire_upgraded":2,"win_rate":0.0,"timestamp":1612162897,"path_taken":["R","M","?","?","M","E","T","R","?","M","R","M","?","E","M","BOSS"],"items_purchased_type":[],"build_version":"2020-12-22","purchased_purges":0,"victory":false,"max_hp_per_floor":[90,90,90,90,90,90,90,100,100,100,100,100,100,100,100,100,100,100],"card_choices":[{"not_picked":["sneckomod:SoulRoll","sneckomod:DiceBlock"],"picked":"sneckomod:QuickBite","floor":2},{"not_picked":["sneckomod:UnknownCommonAttack","sneckomod:Unknown1Cost"],"picked":"sneckomod:ImprovisedAttack","floor":5},{"not_picked":["sneckomod:UnknownStrength","sneckomod:DefensiveFlair"],"picked":"sneckomod:SoulExchange","floor":6},{"not_picked":["sneckomod:DiceCrush","sneckomod:IronFang"],"picked":"sneckomod:UnknownExhaust","floor":9},{"not_picked":["sneckomod:UnknownStrike","sneckomod:QuickMove"],"picked":"sneckomod:SoulRoll","floor":10},{"not_picked":["sneckomod:SoulCleanse","sneckomod:DiceCrush"],"picked":"sneckomod:MixItUp","floor":12},{"not_picked":["sneckomod:IronFang","sneckomod:Nope"],"picked":"sneckomod:Unknown2Cost","floor":14},{"not_picked":["sneckomod:UnknownCommonAttack","sneckomod:WideSting"],"picked":"sneckomod:UnknownStrength","floor":15}],"player_experience":166825,"relics_obtained":[{"floor":6,"key":"Blue Candle"},{"floor":14,"key":"Pocketwatch"}],"event_choices":[{"damage_healed":0,"gold_gain":0,"player_choice":"Forge","damage_taken":0,"max_hp_gain":0,"max_hp_loss":0,"event_name":"Accursed Blacksmith","floor":4,"gold_loss":0,"cards_upgraded":["sneckomod:TailWhip"]}],"is_beta":false,"boss_relics":[],"items_purged_floors":[],"is_endless":false,"potions_floor_spawned":[6,10,15],"killed_by":"DF_ARCHETYPE_STREAMLINE","ascension_level":1}}