{"host":"fbf4ff5zs5coz2xl","time":1612217414,"event":{"mods":["BaseMod","Downfall","Minty Spire (QoL Compilation)","Permanent Neow","StSLib"],"gold_per_floor":[99,118,132,26,43,43,43,69,69,54,67,93,110,110,125,222,222,22,42,62,76,88,88,88,88],"floor_reached":23,"language":"ENG","playtime":1779,"items_purged":[],"score":205,"play_id":"4abba5ec-57a8-4285-b50c-469829ef21f7","local_time":"20210201151014","is_ascension_mode":false,"campfire_choices":[{"floor":1,"key":"DIG"},{"floor":6,"key":"DIG"},{"data":"bronze:Replicate","floor":9,"key":"SMITH"},{"floor":18,"key":"RECALL"}],"circlet_count":0,"master_deck":["bronze:Strike","bronze:Strike","bronze:Strike","bronze:Strike","bronze:Defend","bronze:Defend","bronze:Defend","bronze:Defend","bronze:Replicate+1","bronze:Goto","bronze:DelayedSlice","bronze:Deprecate","bronze:ForLoop","Bandage Up","bronze:CloningBeam","bronze:HardenedForm","bronze:FollowUp","bronze:FindAndReplace","bronze:Overheat+1","bronze:Invalidate","bronze:ThunderWave"],"relics":["bronze:BronzeCore","Shovel","StrikeDummy","WingedGreaves","bronze:ProtectiveGoggles","Oddly Smooth Stone","Ornamental Fan","Black Star","downfall:HeartBlessingGreen","downfall:HeartBlessingBlue"],"acts_visited":["Exordium","TheCity"],"potions_floor_usage":[12,12,20,21,23],"damage_taken":[{"damage":1,"enemies":"Cultist","floor":2,"turns":3},{"damage":2,"enemies":"Small Slimes","floor":3,"turns":3},{"damage":5,"enemies":"downfall:FleeingMerchant","floor":4,"turns":4},{"damage":3,"enemies":"2 Louse","floor":5,"turns":3},{"damage":16,"enemies":"Lagavulin","floor":8,"turns":5},{"damage":5,"enemies":"downfall:FleeingMerchant","floor":10,"turns":4},{"damage":2,"enemies":"Large Slime","floor":11,"turns":5},{"damage":14,"enemies":"Gremlin Nob","floor":12,"turns":3},{"damage":9,"enemies":"Red Slaver","floor":13,"turns":2},{"damage":0,"enemies":"Exordium Thugs","floor":15,"turns":4},{"damage":24,"enemies":"DF_ARCHETYPE_STREAMLINE","floor":16,"turns":11},{"damage":4,"enemies":"Shell Parasite","floor":19,"turns":8},{"damage":30,"enemies":"Cultist and Chosen","floor":20,"turns":9},{"damage":0,"enemies":"Snake Plant","floor":21,"turns":6},{"damage":26,"enemies":"Sentry and Sphere","floor":22,"turns":4},{"damage":32,"enemies":"Slavers","floor":23,"turns":1}],"seed_played":"6622342621777879537","potions_obtained":[{"floor":8,"key":"champ:CounterPotion"},{"floor":11,"key":"PowerPotion"},{"floor":12,"key":"Block Potion"},{"floor":15,"key":"BlessingOfTheForge"},{"floor":16,"key":"LiquidBronze"},{"floor":22,"key":"SteroidPotion"}],"is_trial":false,"path_per_floor":["R","M","M","$","M","R","T","E","R","$","M","E","M","T","M","B",null,"R","M","M","M","M","E"],"character_chosen":"THE_AUTOMATON","items_purchased":["Bandage Up"],"campfire_rested":0,"item_purchase_floors":[4],"current_hp_per_floor":[63,62,60,55,56,56,56,44,44,43,45,31,26,26,30,10,63,73,70,43,47,25,0,0,0],"gold":88,"neow_bonus":"ONE_RARE_RELIC","is_daily":false,"chose_seed":false,"campfire_upgraded":1,"win_rate":0.0,"timestamp":1612217414,"path_taken":["R","M","M","?","M","R","T","E","R","?","M","E","?","?","M","BOSS","R","M","?","M","M","E"],"items_purchased_type":["Card"],"build_version":"2020-12-22","purchased_purges":0,"victory":false,"max_hp_per_floor":[63,63,63,63,63,63,63,63,63,63,63,63,63,63,63,63,63,73,73,73,73,73,73,73,73],"card_choices":[{"not_picked":["bronze:Turbo","bronze:Iterate"],"picked":"bronze:DelayedSlice","floor":2},{"not_picked":["bronze:WildBeam","bronze:Turbo"],"picked":"bronze:Deprecate","floor":3},{"not_picked":["bronze:Overheat","bronze:BitShift"],"picked":"bronze:ForLoop","floor":4},{"not_picked":["bronze:OilSpill","bronze:Shield","bronze:WhirlingStrike"],"picked":"SKIP","floor":5},{"not_picked":["bronze:BuggyMess","bronze:NullPointer","bronze:WhirlingStrike"],"picked":"SKIP","floor":8},{"not_picked":["bronze:Turbo","bronze:FollowUp"],"picked":"bronze:CloningBeam","floor":10},{"not_picked":["bronze:BitShift","bronze:OilSpill","bronze:Shield"],"picked":"SKIP","floor":11},{"not_picked":["bronze:Optimize","bronze:MaxOutput"],"picked":"bronze:HardenedForm","floor":12},{"not_picked":["bronze:OilSpill","bronze:Safeguard","bronze:BuggyMess"],"picked":"SKIP","floor":13},{"not_picked":["bronze:ChosenStrike","bronze:Overheat"],"picked":"bronze:FollowUp","floor":15},{"not_picked":["bronze:BurnOut","bronze:SpaghettiCode"],"picked":"bronze:FindAndReplace","floor":16},{"not_picked":["bronze:Philosophize","bronze:Backtrace"],"picked":"bronze:Overheat+1","floor":19},{"not_picked":["bronze:Frontload+1","bronze:WhirlingStrike","bronze:Branch+1"],"picked":"SKIP","floor":20},{"not_picked":["bronze:FineTuning","bronze:Overload"],"picked":"bronze:Invalidate","floor":21},{"not_picked":["bronze:FineTuning","bronze:Deprecate"],"picked":"bronze:ThunderWave","floor":22}],"player_experience":561696,"relics_obtained":[{"floor":1,"key":"StrikeDummy"},{"floor":6,"key":"WingedGreaves"},{"floor":8,"key":"bronze:ProtectiveGoggles"},{"floor":12,"key":"Oddly Smooth Stone"},{"floor":14,"key":"Ornamental Fan"}],"event_choices":[],"is_beta":false,"boss_relics":[{"not_picked":["Coffee Dripper","SacredBark"],"picked":"Black Star"}],"items_purged_floors":[],"is_endless":false,"potions_floor_spawned":[8,11,12,15,16,22],"killed_by":"Slavers","ascension_level":0}}