{"host":"6pfj0wha12yu6wq3","time":1612195315,"event":{"mods":["AchievementEnabler","BaseMod","Colored Map","Colored Powertips","Curses Come First","DeckTracker","Minty Spire (QoL Compilation)","RNG Fix","Relic Sorter","Relic Stats","StSLib","UnlockEverythingMod","ojb\u0027s Better Paths Mod","ojb\u0027s Info Mod"],"gold_per_floor":[115,40,60,74,94,94,106,139,139,139,139,158,184,184,184,277,277,293,293,306,13,13,53,53,73,73,73,113,28,49,70,70,70,70],"floor_reached":33,"language":"ENG","playtime":3096,"items_purged":[],"score":594,"play_id":"e2d8e13e-82f1-463e-9a00-4898c97a7559","local_time":"20210201110155","is_ascension_mode":true,"campfire_choices":[{"data":"Bouncing Flask","floor":6,"key":"SMITH"},{"floor":10,"key":"REST"},{"floor":15,"key":"REST"},{"floor":24,"key":"REST"},{"data":"Poisoned Stab","floor":27,"key":"PURGE"},{"floor":32,"key":"REST"}],"circlet_count":0,"master_deck":["AscendersBane","Survivor","Neutralize","Quick Slash","Well Laid Plans","Bouncing Flask+1","Terror","Dash","Phantasmal Killer","Envenom","Heel Hook","Dagger Spray","Tools of the Trade","Leg Sweep","Backflip","Backflip","Blur","Footwork","Underhanded Strike+1","Tactician","Grand Finale","Reflex","Expertise+1"],"relics":["Ring of the Snake","Blood Vial","Peace Pipe","HornCleat","Snake Skull","Golden Idol","Pandora\u0027s Box","Nilry\u0027s Codex","Potion Belt","Sundial","Lantern","Nunchaku","Darkstone Periapt"],"acts_visited":["Exordium","TheCity"],"potions_floor_usage":[5,12,23,23,30,33],"damage_taken":[{"damage":6.0,"enemies":"Cultist","floor":1.0,"turns":5.0},{"damage":10,"enemies":"Small Slimes","floor":3,"turns":5},{"damage":0,"enemies":"Jaw Worm","floor":4,"turns":4},{"damage":2,"enemies":"Gremlin Gang","floor":5,"turns":5},{"damage":9,"enemies":"Blue Slaver","floor":7,"turns":4},{"damage":30,"enemies":"Gremlin Nob","floor":8,"turns":4},{"damage":12,"enemies":"Large Slime","floor":12,"turns":6},{"damage":15,"enemies":"3 Sentries","floor":13,"turns":8},{"damage":14,"enemies":"The Guardian","floor":16,"turns":8},{"damage":10,"enemies":"Shell Parasite","floor":18,"turns":6},{"damage":0,"enemies":"3 Byrds","floor":20,"turns":5},{"damage":2,"enemies":"Slavers","floor":23,"turns":3},{"damage":6,"enemies":"Centurion and Healer","floor":25,"turns":4},{"damage":6,"enemies":"Gremlin Leader","floor":28,"turns":4},{"damage":9,"enemies":"Shelled Parasite and Fungi","floor":30,"turns":6},{"damage":13,"enemies":"Snake Plant","floor":31,"turns":4},{"damage":43,"enemies":"Collector","floor":33,"turns":6}],"seed_played":"409299878277340928","potions_obtained":[{"floor":1.0,"key":"Fire Potion"},{"floor":3,"key":"GhostInAJar"},{"floor":8,"key":"DistilledChaos"},{"floor":13,"key":"LiquidMemories"},{"floor":25,"key":"FearPotion"},{"floor":31,"key":"Energy Potion"}],"is_trial":false,"path_per_floor":["M","?","M","M","M","R","M","E","T","R","?","M","E","?","R","B",null,"M","?","M","$","?","E","R","M","T","R","E","?","M","M","R","B"],"character_chosen":"THE_SILENT","items_purchased":["Potion Belt","Block Potion","Grand Finale"],"campfire_rested":4,"item_purchase_floors":[21,21,21],"current_hp_per_floor":[55,55,47,49,49,49,42,14,14,33,26,16,3,3,21,9,47,39,18,20,20,20,20,38,34,34,34,30,30,23,12,30,0,0],"gold":70,"neow_bonus":"RANDOM_COMMON_RELIC","is_daily":false,"chose_seed":false,"campfire_upgraded":1,"win_rate":0.0,"timestamp":1612195315,"path_taken":["M","?","M","M","M","R","M","E","T","R","?","M","E","?","R","BOSS","M","?","?","$","?","E","R","M","T","R","E","?","M","M","R","BOSS"],"items_purchased_type":["Relic","Potion","Card"],"build_version":"2020-12-22","purchased_purges":0,"victory":false,"max_hp_per_floor":[66,66,66,66,66,66,66,66,66,66,66,66,66,60,60,60,60,60,60,60,60,60,60,60,60,60,60,60,60,60,60,60,60,60],"relic_stats":{"Blood Vial":34,"Peace Pipe":1,"Darkstone Periapt":0,"Nunchaku":[2],"counters":[17,87],"Golden Idol":53,"Sundial":[4],"Pandora\u0027s Box":["Heel Hook","Dagger Spray","Tools of the Trade","Leg Sweep","Backflip","Backflip","Blur","Footwork"],"Snake Skull":[48],"obtain_stats":[{"Potion Belt":21,"Darkstone Periapt":29,"Lantern":26,"Golden Idol":14,"Nilry\u0027s Codex":19,"Snake Skull":13,"Blood Vial":0,"Peace Pipe":8,"Nunchaku":28,"HornCleat":9,"Sundial":23,"Pandora\u0027s Box":17,"Ring of the Snake":0},{"Potion Belt":11,"Darkstone Periapt":14,"Lantern":13,"Golden Idol":8,"Nilry\u0027s Codex":10,"Snake Skull":8,"Blood Vial":0,"Peace Pipe":6,"Nunchaku":14,"HornCleat":6,"Sundial":12,"Pandora\u0027s Box":9,"Ring of the Snake":0},{"Potion Belt":60,"Darkstone Periapt":71,"Lantern":67,"Golden Idol":41,"Nilry\u0027s Codex":55,"Snake Skull":41,"Blood Vial":0,"Peace Pipe":27,"Nunchaku":71,"HornCleat":27,"Sundial":63,"Pandora\u0027s Box":49,"Ring of the Snake":0}],"Ring of the Snake":[34]},"card_choices":[{"not_picked":["Acrobatics","Prepared","Cloak And Dagger"],"picked":"SKIP","floor":1.0},{"not_picked":["Flying Knee","Deadly Poison"],"picked":"Quick Slash","floor":3},{"not_picked":["Flechettes","Acrobatics"],"picked":"Well Laid Plans","floor":4},{"not_picked":["Setup","Dagger Throw"],"picked":"Bouncing Flask","floor":5},{"not_picked":["Flying Knee","Expertise"],"picked":"Poisoned Stab","floor":7},{"not_picked":["Infinite Blades","Flying Knee"],"picked":"Terror","floor":8},{"not_picked":["Outmaneuver","Well Laid Plans"],"picked":"Dash","floor":12},{"not_picked":["Dagger Spray","Slice"],"picked":"Phantasmal Killer","floor":13},{"not_picked":["Venomology","Malaise"],"picked":"Envenom","floor":16},{"not_picked":["PiercingWail","Dodge and Roll+1"],"picked":"Underhanded Strike+1","floor":18},{"not_picked":["Infinite Blades","Dodge and Roll"],"picked":"Tactician","floor":20},{"not_picked":["Caltrops","Endless Agony"],"picked":"Reflex","floor":23},{"not_picked":["Dagger Throw+1","Cloak And Dagger+1"],"picked":"Expertise+1","floor":25},{"not_picked":["Dagger Spray","Phantasmal Killer","Deflect"],"picked":"SKIP","floor":28},{"not_picked":["Dagger Spray","Phantasmal Killer","Deflect"],"picked":"SKIP","floor":28},{"not_picked":["Dagger Throw","Deadly Poison","Dagger Spray"],"picked":"SKIP","floor":30},{"not_picked":["Blade Dance","Slice","Prepared"],"picked":"SKIP","floor":31}],"player_experience":580145,"relics_obtained":[{"floor":8,"key":"Peace Pipe"},{"floor":9,"key":"HornCleat"},{"floor":13,"key":"Snake Skull"},{"floor":19,"key":"Nilry\u0027s Codex"},{"floor":23,"key":"Sundial"},{"floor":26,"key":"Lantern"},{"floor":28,"key":"Nunchaku"}],"event_choices":[{"cards_removed":["Defend_G"],"damage_healed":0.0,"max_hp_gain":0.0,"max_hp_loss":0.0,"gold_gain":0.0,"event_name":"The Cleric","player_choice":"Card Removal","floor":2.0,"gold_loss":75.0,"damage_taken":0.0},{"cards_removed":["Strike_G"],"damage_healed":0,"gold_gain":0,"player_choice":"Card Removal","damage_taken":7,"max_hp_gain":0,"max_hp_loss":0,"event_name":"Golden Wing","floor":11,"gold_loss":0},{"damage_healed":0,"gold_gain":0,"player_choice":"Lose Max HP","damage_taken":0,"relics_obtained":["Golden Idol"],"max_hp_gain":0,"max_hp_loss":6,"event_name":"Golden Idol","floor":14,"gold_loss":0},{"damage_healed":0,"gold_gain":0,"player_choice":"Obtained Book","damage_taken":21,"max_hp_gain":0,"max_hp_loss":0,"event_name":"Cursed Tome","floor":19,"gold_loss":0},{"damage_healed":0,"gold_gain":0,"player_choice":"Ignored","damage_taken":0,"max_hp_gain":0,"max_hp_loss":0,"event_name":"Vampires","floor":22,"gold_loss":0},{"damage_healed":0,"gold_gain":0,"player_choice":"Obtained Relic","damage_taken":0,"relics_obtained":["Darkstone Periapt"],"max_hp_gain":0,"max_hp_loss":0,"event_name":"Addict","floor":29,"gold_loss":85}],"is_beta":false,"boss_relics":[{"not_picked":["Ectoplasm","Velvet Choker"],"picked":"Pandora\u0027s Box"}],"items_purged_floors":[],"is_endless":false,"potions_floor_spawned":[1,3,8,13,18,25,31],"killed_by":"Collector","ascension_level":20}}