{"host":"qmnyg5dk1o6rw6mz","time":1612190963,"event":{"mods":["2.2 Compatiblity","AchievementEnabler","Act Like it!","Aspiration","Astrologer","BaseMod","Beaked The Cultist","Better Altar","Better Match","Better Note","Better Sensory Stone","Better Skull","Better Third Choice","Better Vampires","Block Reminder","CapriCore","Challenge The Spire","ChefMod","Colored Map","Colored Powertips","Conspire","Defuse TimeMaze Blight","Disable Question Mark Monsters","Displayed Cursed Tome","Downfall","Energized Spire","Fox Events","Gensokyo","GifTheSpireLib","Hermit","Highlight Path","Hubris","Infinite Spire","Jedi Mod","Marisa¡]Ãú«B¡@Å]²z¨F¡^","Marked Mod","Minty Spire (QoL Compilation)","Monster B Gone","Pale of the Ancients","Permanent Neow","Quick Restart","Reimu¡]³Õ???¡^","Relic Filter","Reliquary","Replay The Spire","StSLib","Synergy Search","The Construct","The Cursed","The Dragon Tamer","The Gatherer","The Hayseed","The Poker Player","The Runesmith","The Showman","Unceasing Turn Reminder","Wide Potions","thorton"],"gold_per_floor":[118,91,103,118,118,118,118,132,132,160,230,230,280,68,68,167,167,184,234,298,315,365,365,447,447,447],"floor_reached":25,"language":"ENG","playtime":937,"items_purged":["Defend_R"],"score":211,"play_id":"99f7a92e-5cff-420d-a314-24fe3ceab770","local_time":"20210201224923","is_ascension_mode":true,"campfire_choices":[{"data":"Bash","floor":6.0,"key":"SMITH"},{"data":"Whirlwind","floor":12,"key":"SMITH"},{"data":"ReplayTheSpireMod:Strike From Hell","floor":15,"key":"SMITH"},{"data":"ReplayTheSpireMod:Strike From Hell","floor":23,"key":"SMITH"}],"circlet_count":0,"master_deck":["Strike_R","Strike_R","Strike_R","Strike_R","Defend_R","Defend_R","Defend_R","Bash+1","Anger","ReplayTheSpireMod:Strike From Hell+1","ReplayTheSpireMod:Strike From Hell+1","Whirlwind+1","Replay:Undeath\u0027s Touch","Eclipse","conspire:HitWhereItHurts","Sentinel","Replay:Undeath\u0027s Touch","ReplayTheSpireMod:Strike From Hell+1","Evaluate+1"],"relics":["Burning Blood","betterThird:SlimedRelic","hubris:Icosahedron","SsserpentHead","Shuriken","Runesmith:Locket","aspiration:WatcherSkillbook","ReplayTheSpireMod:Lightbulb","Nilry\u0027s Codex","Red Mask"],"acts_visited":["Exordium","TheCity"],"potions_floor_usage":[24,24,24],"damage_taken":[{"damage":3.0,"enemies":"Jaw Worm","floor":1.0,"turns":3.0},{"damage":2.0,"enemies":"2 Louse","floor":3.0,"turns":2.0},{"damage":1.0,"enemies":"Cultist","floor":4.0,"turns":3.0},{"damage":0.0,"enemies":"3 Louse","floor":8.0,"turns":4.0},{"damage":13.0,"enemies":"3 Sentries","floor":10.0,"turns":6.0},{"damage":0,"enemies":"2 Fungi Beasts","floor":11,"turns":3},{"damage":48,"enemies":"Hexaghost","floor":16,"turns":11},{"damage":27,"enemies":"Chosen","floor":18,"turns":6},{"damage":21,"enemies":"Shell Parasite","floor":20,"turns":5},{"damage":17,"enemies":"Snake Plant","floor":21,"turns":4},{"damage":0,"enemies":"Masked Bandits","floor":24,"turns":2},{"damage":29,"enemies":"Slavers","floor":25,"turns":3}],"seed_played":"-2214653678693205928","potions_obtained":[{"floor":1.0,"key":"Energy Potion"},{"floor":4.0,"key":"Fire Potion"},{"floor":8.0,"key":"SmokeBomb"},{"floor":10.0,"key":"MagicPotion:ReiMu"},{"floor":18,"key":"BlessingOfTheForge"}],"is_trial":false,"path_per_floor":["M","?","M","M","?","R","?","M","T","E","M","R","?","$","R","B",null,"M","?","M","M","?","R","?","E"],"character_chosen":"IRONCLAD","items_purchased":["Eclipse"],"campfire_rested":0,"item_purchase_floors":[14],"current_hp_per_floor":[80,69,73,78,78,78,78,80,80,73,79,79,79,79,79,40,83,62,62,47,36,20,20,26,0,0],"gold":447,"neow_bonus":"THREE_CARDS","is_daily":false,"chose_seed":false,"campfire_upgraded":4,"win_rate":0.0,"timestamp":1612190963,"path_taken":["M","?","M","M","?","R","?","M","T","E","?","R","?","$","R","BOSS","M","?","?","M","?","R","?","E"],"items_purchased_type":["Card"],"build_version":"2020-12-22","purchased_purges":1,"victory":false,"max_hp_per_floor":[80,80,80,80,80,80,80,80,80,80,80,80,80,80,80,83,83,83,83,83,83,83,83,83,83,83],"card_choices":[{"not_picked":["Sword Boomerang","Heavy Blade"],"picked":"Anger","floor":0.0},{"not_picked":["Anger","Heavy Blade"],"picked":"ReplayTheSpireMod:Strike From Hell","floor":1.0},{"not_picked":["Run Through","Twin Strike","Body Slam"],"picked":"SKIP","floor":3.0},{"not_picked":["Clothesline","Perfected Strike"],"picked":"ReplayTheSpireMod:Strike From Hell","floor":4.0},{"not_picked":["Hemokinesis","Pommel Strike","Wild Strike"],"picked":"SKIP","floor":8.0},{"not_picked":["Dropkick","Thunderclap"],"picked":"Whirlwind","floor":10.0},{"not_picked":["hubris:ReadiedAction","Life Link"],"picked":"Replay:Undeath\u0027s Touch","floor":11},{"not_picked":["Corruption","jedi:bloodyhammer"],"picked":"conspire:HitWhereItHurts","floor":16},{"not_picked":["Blood for Blood","Armaments+1","Body Slam"],"picked":"Sentinel","floor":18},{"not_picked":["ReplayTheSpireMod:Muscle Training","Replay:AtTheReady+1","ClearTheMind"],"picked":"Replay:Undeath\u0027s Touch","floor":20},{"not_picked":["MarkedMod:Acupuncture+1","Protect","BowlingBash"],"picked":"ReplayTheSpireMod:Strike From Hell+1","floor":21},{"not_picked":["Replay:Vibes","ClearTheMind","CutThroughFate"],"picked":"Evaluate+1","floor":24}],"player_experience":204040,"relics_obtained":[{"floor":9.0,"key":"Shuriken"},{"floor":10.0,"key":"Runesmith:Locket"},{"floor":19,"key":"ReplayTheSpireMod:Lightbulb"},{"floor":24,"key":"Red Mask"}],"event_choices":[{"damage_healed":0.0,"max_hp_gain":0.0,"max_hp_loss":0.0,"gold_gain":0.0,"event_name":"betterThird:BetterGoop","player_choice":"Slimed","floor":2.0,"gold_loss":27.0,"damage_taken":11.0},{"damage_healed":0.0,"max_hp_gain":0.0,"max_hp_loss":0.0,"gold_gain":0.0,"event_name":"FaceTrader","player_choice":"Trade","floor":7.0,"gold_loss":0.0,"damage_taken":0.0,"relics_obtained":["SsserpentHead"]},{"damage_healed":0,"gold_gain":0,"player_choice":"Relic","damage_taken":0,"max_hp_gain":0,"max_hp_loss":0,"event_name":"Wheel of Change","floor":19,"gold_loss":0},{"damage_healed":0,"gold_gain":0,"player_choice":"Obtained Book","damage_taken":16,"max_hp_gain":0,"max_hp_loss":0,"event_name":"Cursed Tome","floor":22,"gold_loss":0},{"damage_healed":0,"gold_gain":0,"player_choice":"Fought Bandits","damage_taken":0,"max_hp_gain":0,"max_hp_loss":0,"event_name":"Masked Bandits","floor":24,"gold_loss":0}],"is_beta":false,"boss_relics":[{"not_picked":["conspire:SpecialSausage","aspiration:RandomNobGenerator"],"picked":"aspiration:WatcherSkillbook"}],"items_purged_floors":[14],"is_endless":false,"potions_floor_spawned":[1,4,8,10,18,21],"killed_by":"Slavers","ascension_level":1}}