{"host":"kgj3hkp928synzkd","time":1612206893,"event":{"mods":["2.2 Compatiblity","A Magickal Journey","AchievementEnabler","Act Like it!","AlwaysNeverKeys","BaseMod","Better Altar","Better Match","Better Note","Better Sensory Stone","Better Synergies","Better Third Choice","Better Vampires","Block Reminder","Colored Map","Colored Powertips","Conspire","Curses Come First","Disable Question Mark Monsters","Downfall","GifTheSpireLib","Googly Eyes","Gremlin Skip","GungeonMod","Hallownest","Infinite Spire","Luminous","Marisa????????","Marked Mod","Minty Spire (QoL Compilation)","Permanent Neow","Quick Restart","Random Character Button","Rare Cards Sparkle","Replay The Spire","Spicy Shops","StSLib","SuperFastMode","The Bug Knight","The Exalted","Uncapped"],"gold_per_floor":[111,128,128,147,161,161,191,191,191,228,246,281,307,311,311],"floor_reached":14,"language":"ENG","playtime":5212,"items_purged":[],"score":118,"play_id":"80b989d3-136e-4aff-9b5e-05cf5cd792e4","local_time":"20210201141453","is_ascension_mode":true,"campfire_choices":[{"floor":6,"key":"REST"}],"circlet_count":0,"master_deck":["Strike_B","Strike_B","Strike_B","Strike_B","Defend_B","Defend_B","Defend_B","Defend_B","Zap+1","Dualcast","Go for the Eyes","Lockon","Pain","FIFO Queue","Conserve Battery","Rebound","Sweeping Beam","Beam Cell"],"relics":["Cracked Core","WarpedTongs","infinitespire:Lucky Rock","Replay:Bandana","Bottled Tornado","Smiling Mask"],"acts_visited":["Exordium"],"potions_floor_usage":[2,12,12],"damage_taken":[{"damage":0,"enemies":"Small Slimes","floor":1,"turns":2},{"damage":0,"enemies":"Cultist","floor":2,"turns":2},{"damage":2,"enemies":"Jaw Worm","floor":4,"turns":3},{"damage":14,"enemies":"3 Louse","floor":5,"turns":4},{"damage":15,"enemies":"Gremlin Nob","floor":7,"turns":4},{"damage":22,"enemies":"HollowMod:MossKnight","floor":10,"turns":9},{"damage":18,"enemies":"Exordium Thugs","floor":11,"turns":4},{"damage":14,"enemies":"Replay:BlueRogue","floor":12,"turns":5},{"damage":5,"enemies":"Looter","floor":13,"turns":2},{"damage":1,"enemies":"Lagavulin","floor":14,"turns":2}],"seed_played":"7634855007043044232","potions_obtained":[{"floor":1,"key":"DistilledChaos"},{"floor":4,"key":"FocusPotion"},{"floor":7,"key":"Block Potion"},{"floor":10,"key":"FearPotion"},{"floor":13,"key":"bronze:BurnAndBuffPotion"}],"is_trial":false,"path_per_floor":["M","M","?","M","M","R","E","$","T","E","M","E","M","E"],"character_chosen":"DEFECT","items_purchased":[],"campfire_rested":1,"item_purchase_floors":[],"current_hp_per_floor":[75,75,75,73,59,75,60,60,60,38,20,6,1,0,0],"gold":311,"neow_bonus":"RANDOM_EVENT","is_daily":false,"chose_seed":false,"campfire_upgraded":0,"win_rate":0.0,"timestamp":1612206893,"path_taken":["M","M","?","?","M","R","E","?","T","E","M","E","M","E"],"items_purchased_type":[],"build_version":"2020-12-22","purchased_purges":0,"victory":false,"max_hp_per_floor":[75,75,75,75,75,75,75,75,75,75,75,75,75,75,75],"card_choices":[{"not_picked":["Conserve Battery","Streamline"],"picked":"Go for the Eyes","floor":1},{"not_picked":["Cold Snap","Steam"],"picked":"Lockon","floor":2},{"not_picked":["Gash","Leap"],"picked":"FIFO Queue","floor":4},{"not_picked":["Coolheaded","Panic Button"],"picked":"Conserve Battery","floor":5},{"not_picked":["conspire:Rain","Stack","ReplayRNGCard"],"picked":"SKIP","floor":7},{"not_picked":["Compile Driver","Turbo"],"picked":"Rebound","floor":10},{"not_picked":["ReplaySort","Redo"],"picked":"Sweeping Beam","floor":11},{"not_picked":["Heatsinks","Go for the Eyes"],"picked":"Beam Cell","floor":12},{"not_picked":["Sunder","White Noise","Stack"],"picked":"SKIP","floor":13}],"player_experience":311888,"relics_obtained":[{"floor":7,"key":"infinitespire:Lucky Rock"},{"floor":9,"key":"Replay:Bandana"},{"floor":10,"key":"Bottled Tornado"},{"floor":12,"key":"Smiling Mask"}],"event_choices":[{"damage_healed":0,"gold_gain":0,"player_choice":"Grow","damage_taken":0,"max_hp_gain":0,"max_hp_loss":0,"event_name":"Living Wall","floor":0,"gold_loss":0,"cards_upgraded":["Zap"]},{"damage_healed":0,"gold_gain":0,"player_choice":"Rummage","damage_taken":0,"relics_obtained":["WarpedTongs"],"max_hp_gain":0,"max_hp_loss":0,"event_name":"Accursed Blacksmith","floor":3,"gold_loss":0,"cards_obtained":["Pain"]}],"is_beta":false,"boss_relics":[],"items_purged_floors":[],"is_endless":false,"potions_floor_spawned":[1,4,7,10,11,13],"killed_by":"Lagavulin","ascension_level":1}}