{"host":"dscols65uipasqd2","time":1612160514,"event":{"mods":["2.2 Compatiblity","AchievementEnabler","Aspiration","BaseMod","Colored Powertips","Downfall","Energized Spire","GifTheSpireLib","Hermit","Hubris","Infinite Spire","JesterMod","Jorbs\u0027s Wanderer Trilogy","Magitek Elite","Marisa????????","Minty Spire (QoL Compilation)","Rare Cards Sparkle","Replay The Spire","StSLib","Stuff the Spire","The Cursed","The Disciple","The Hierophant","The Judge","The Jungle","TheFirefly"],"gold_per_floor":[99,118,138,138,1,1,27,38,55,55,73,103,103,136,166,178,178,178],"floor_reached":16,"language":"ENG","playtime":992,"items_purged":[],"score":118,"play_id":"a2cb2830-75d0-45ed-88ec-fb415289d298","local_time":"20210201012154","is_ascension_mode":true,"campfire_choices":[],"circlet_count":0,"master_deck":["sneckomod:Strike","sneckomod:Strike","sneckomod:Defend","sneckomod:Defend","sneckomod:Defend","sneckomod:TailWhip","sneckomod:SnekBite","sneckomod:Unknown","FTL","sneckomod:UnknownColorless","sneckomod:UnknownClassHEXA_GHOST_PURPLE","sneckomod:UnknownStrike","sneckomod:Unknown3Cost","Delirium","sneckomod:ImprovisedAttack","sneckomod:UnknownClassTHE_CHAMP_GRAY","ReplayTheSpireMod:Book of Names","sneckomod:SerpentIdol","sneckomod:MixItUp","sneckomod:SoulExchange","sneckomod:UnknownClassCULL_RED_COLOR","ReplayTheSpireMod:LeadingStrike"],"relics":["sneckomod:SneckoSoul","Peace Pipe","m_SnakeBloodCore","Replay:Mystery Machine","Regal Pillow","MawBank"],"acts_visited":["Exordium"],"potions_floor_usage":[9,12,14,15],"damage_taken":[{"damage":3,"enemies":"Jaw Worm","floor":2,"turns":2},{"damage":2,"enemies":"Cultist","floor":3,"turns":4},{"damage":0,"enemies":"downfall:FleeingMerchant","floor":5,"turns":4},{"damage":5,"enemies":"2 Louse","floor":8,"turns":2},{"damage":0,"enemies":"Large Slime","floor":9,"turns":5},{"damage":6,"enemies":"3 Louse","floor":11,"turns":2},{"damage":20,"enemies":"Gremlin Nob","floor":12,"turns":4},{"damage":16,"enemies":"3 Sentries","floor":14,"turns":6},{"damage":8,"enemies":"Exordium Wildlife","floor":15,"turns":3},{"damage":22,"enemies":"WA_ARCHETYPE_RETAIN","floor":16,"turns":4}],"seed_played":"-6219699075229604853","potions_obtained":[{"floor":8,"key":"SpeedPotion"},{"floor":9,"key":"sneckomod:MuddlingPotion"},{"floor":14,"key":"Block Potion"}],"is_trial":false,"path_per_floor":["R","M","M","?","$","?","T","M","M","?","M","E","?","E","M","B"],"character_chosen":"THE_SNECKO","items_purchased":["sneckomod:Unknown3Cost","sneckomod:MuddlingPotion"],"campfire_rested":0,"item_purchase_floors":[5,5],"current_hp_per_floor":[81,78,76,76,76,76,76,74,77,57,54,37,37,24,19,0,0,0],"gold":178,"neow_bonus":"ONE_RARE_RELIC","is_daily":false,"chose_seed":false,"campfire_upgraded":0,"win_rate":0.0,"timestamp":1612160514,"path_taken":["R","M","M","?","?","?","T","M","M","?","M","E","?","E","M","BOSS"],"items_purchased_type":["Card","Potion"],"build_version":"2020-12-22","purchased_purges":0,"victory":false,"max_hp_per_floor":[81,81,81,81,81,81,81,81,81,81,81,81,81,81,81,81,81,81],"card_choices":[{"not_picked":["sneckomod:UnknownCommonAttack","sneckomod:DiceBlock"],"picked":"sneckomod:UnknownColorless","floor":2},{"not_picked":["sneckomod:UnknownClassLAVENDER","sneckomod:UnknownClassMARISA_DERIVATIONS"],"picked":"sneckomod:UnknownClassHEXA_GHOST_PURPLE","floor":3},{"not_picked":["sneckomod:UnknownClassDEFAULT_GRAY_COLOR","sneckomod:UnknownClassMARISA_COLOR"],"picked":"sneckomod:UnknownStrike","floor":5},{"not_picked":["sneckomod:UnknownClassPURPLE","sneckomod:UnknownClassLAVENDER"],"picked":"sneckomod:ImprovisedAttack","floor":8},{"not_picked":["sneckomod:UnknownUncommonAttack","sneckomod:SoulDraw"],"picked":"sneckomod:UnknownClassTHE_CHAMP_GRAY","floor":9},{"not_picked":["infinitespire:Oblivion","ReplayTheSpireMod:Haul"],"picked":"ReplayTheSpireMod:Book of Names","floor":10},{"not_picked":["sneckomod:UnknownRareSkill","sneckomod:Nope"],"picked":"sneckomod:SerpentIdol","floor":11},{"not_picked":["sneckomod:UnknownWeak","sneckomod:SoulDraw"],"picked":"sneckomod:MixItUp","floor":12},{"not_picked":["sneckomod:UnknownClassWORDO_MOD_COLOR","sneckomod:UnknownClassFIREFLY_COLOR"],"picked":"sneckomod:UnknownClassCULL_RED_COLOR","floor":14},{"not_picked":["sneckomod:UnknownClassJESTER_ORANGE","Infernal Blade"],"picked":"ReplayTheSpireMod:LeadingStrike","floor":15}],"player_experience":529685,"relics_obtained":[{"floor":7,"key":"Replay:Mystery Machine"},{"floor":12,"key":"Regal Pillow"},{"floor":14,"key":"MawBank"}],"event_choices":[{"damage_healed":0,"gold_gain":0,"cards_transformed":["sneckomod:Strike"],"player_choice":"Change","damage_taken":0,"max_hp_gain":0,"max_hp_loss":0,"event_name":"Living Wall","floor":13,"gold_loss":0,"cards_obtained":["sneckomod:SoulExchange"]}],"is_beta":false,"boss_relics":[],"items_purged_floors":[],"is_endless":false,"potions_floor_spawned":[8,9,14],"killed_by":"WA_ARCHETYPE_RETAIN","ascension_level":1}}