{"host":"e1hsr9gtjq2d74pi","time":1612213864,"event":{"mods":["Act Like it!","BaseMod","Beaked The Cultist","Bestiary","BetterRewards","Clockwork Mod","Conspire","Downfall","Hermit","Hero for Fun","Hubris","Marisa????????","Minty Spire (QoL Compilation)","Robot Space Explorer","Shop Mod","Spicy Shops","Spire Arcade","StSLib","The Animator","The Construct","The Cursed","The Saiyan","The Servant 0.9.4","UnlockEverythingMod"],"gold_per_floor":[113,124,138,158,175,175,175,185,235,253,21,32,52,0,0,101,101,113,113,113,125,137,137,168,168,168,195,208,234,247,103,103,200,200,215,232,52,52,52,84,84,103,103,103,113,160,170,190,190,190],"floor_reached":51,"language":"ENG","playtime":2782,"items_purged":["RobotSpaceExplorer:Strike","RobotSpaceExplorer:Comet"],"score":735,"play_id":"18acd465-675e-41f7-8fdf-b7ad24ad77ff","local_time":"20210201131104","is_ascension_mode":false,"campfire_choices":[{"data":"RobotSpaceExplorer:FreezeRay","floor":6.0,"key":"SMITH"},{"data":"RobotSpaceExplorer:MetalStrike","floor":15.0,"key":"SMITH"},{"data":"RobotSpaceExplorer:FreezeRay","floor":23.0,"key":"SMITH"},{"data":"RobotSpaceExplorer:FreezeRay","floor":25.0,"key":"SMITH"},{"floor":32.0,"key":"REST"},{"data":"RobotSpaceExplorer:PowerCollector","floor":41.0,"key":"SMITH"},{"floor":49,"key":"REST"}],"circlet_count":0,"master_deck":["RobotSpaceExplorer:Strike","RobotSpaceExplorer:Strike","RobotSpaceExplorer:Strike","RobotSpaceExplorer:Defend","RobotSpaceExplorer:Defend","RobotSpaceExplorer:Defend","RobotSpaceExplorer:Defend","RobotSpaceExplorer:Scan","RobotSpaceExplorer:MiniLasers","RobotSpaceExplorer:GlueShot+1","RobotSpaceExplorer:FreezeRay+1","RobotSpaceExplorer:Smokescreen","RobotSpaceExplorer:FrostMissile","RobotSpaceExplorer:FrostMissile","RobotSpaceExplorer:Asteroid","RobotSpaceExplorer:ToxicBomb","RobotSpaceExplorer:GlueShot","RobotSpaceExplorer:MetalStrike+1","RobotSpaceExplorer:FreezeRay+1","RobotSpaceExplorer:GlueShot+1","RobotSpaceExplorer:FreezeRay+1","RobotSpaceExplorer:FreezeRay+1","RobotSpaceExplorer:PowerCollector","RobotSpaceExplorer:Smokescreen","RobotSpaceExplorer:PowerCollector+1","RobotSpaceExplorer:StunGrenade","RobotSpaceExplorer:FreezeRay"],"relics":["RobotSpaceExplorer:RoboCore","NeowsBlessing","Pen Nib","Oddly Smooth Stone","beaked:SacredDeck","MutagenicStrength","Eternal Feather","hubris:SphereOfDissonance","RobotSpaceExplorer:RingOfTheNewt","construct:FoamFinger","conspire:TopHat","hubris:Backtick","Paper Crane","hubris:Towel","Bottled Flame","Blood Vial","hubris:Zylophone"],"acts_visited":["Exordium","TheCity","TheBeyond"],"potions_floor_usage":[46,48,50,50],"damage_taken":[{"damage":0.0,"enemies":"Cultist","floor":1.0,"turns":1.0},{"damage":0.0,"enemies":"conspire:RoseBush","floor":2.0,"turns":1.0},{"damage":0.0,"enemies":"Small Slimes","floor":3.0,"turns":1.0},{"damage":0.0,"enemies":"conspire:2 RoseBushes","floor":4.0,"turns":7.0},{"damage":1.0,"enemies":"Gremlin Gang","floor":5.0,"turns":3.0},{"damage":0.0,"enemies":"Red Slaver","floor":8.0,"turns":3.0},{"damage":0.0,"enemies":"2 Fungi Beasts","floor":10.0,"turns":3.0},{"damage":22.0,"enemies":"Lots of Slimes","floor":12.0,"turns":5.0},{"damage":9.0,"enemies":"Blue Slaver","floor":13.0,"turns":3.0},{"damage":40.0,"enemies":"The Guardian","floor":16.0,"turns":12.0},{"damage":11.0,"enemies":"Spheric Guardian","floor":18.0,"turns":4.0},{"damage":8.0,"enemies":"2 Thieves","floor":21.0,"turns":3.0},{"damage":0.0,"enemies":"Centurion and Healer","floor":22.0,"turns":4.0},{"damage":5.0,"enemies":"conspire:Head Lice","floor":24.0,"turns":6.0},{"damage":14.0,"enemies":"Slavers","floor":27.0,"turns":4.0},{"damage":10.0,"enemies":"Sentry and Sphere","floor":28.0,"turns":4.0},{"damage":4.0,"enemies":"Book of Stabbing","floor":29.0,"turns":3.0},{"damage":6.0,"enemies":"Snecko","floor":30.0,"turns":3.0},{"damage":33.0,"enemies":"conspire:MysteriousRune","floor":33.0,"turns":8.0},{"damage":0.0,"enemies":"3 Shapes","floor":35.0,"turns":3.0},{"damage":0.0,"enemies":"Orb Walker","floor":36.0,"turns":1.0},{"damage":34.0,"enemies":"Giant Head","floor":40.0,"turns":8.0},{"damage":16.0,"enemies":"3 Darklings","floor":42.0,"turns":4.0},{"damage":3,"enemies":"Maw","floor":45,"turns":4},{"damage":17,"enemies":"2 Orb Walkers","floor":46,"turns":4},{"damage":13,"enemies":"Sphere and 2 Shapes","floor":47,"turns":4},{"damage":5,"enemies":"3 Darklings","floor":48,"turns":2},{"damage":37,"enemies":"Time Eater","floor":50,"turns":7}],"seed_played":"2732606140401087069","potions_obtained":[{"floor":2.0,"key":"SkillPotion"},{"floor":4.0,"key":"PowerPotion"},{"floor":8.0,"key":"FearPotion"},{"floor":10.0,"key":"champ:CounterPotion"},{"floor":29.0,"key":"ColorlessPotion"},{"floor":30.0,"key":"AttackPotion"},{"floor":35.0,"key":"champ:CounterPotion"},{"floor":40.0,"key":"ColorlessPotion"},{"floor":45,"key":"LiquidBronze"},{"floor":47,"key":"DistilledChaos"},{"floor":48,"key":"PowerPotion"}],"is_trial":false,"path_per_floor":["M","M","M","M","M","R","?","M","T","M","$","M","M","$","R","B",null,"M","?","?","M","M","R","E","R","T","E","M","E","M","$","R","B",null,"M","M","$","?","?","E","R","M","T","T","M","?","M","M","R","B",null],"character_chosen":"RobotSpaceExplorer","items_purchased":["RobotSpaceExplorer:Asteroid","Oddly Smooth Stone","RobotSpaceExplorer:MetalStrike","RobotSpaceExplorer:PowerCollector","RobotSpaceExplorer:PowerCollector"],"campfire_rested":2,"item_purchase_floors":[11,11,14,31,37],"current_hp_per_floor":[75,75,75,75,74,74,74,74,74,74,74,52,43,43,43,3,75,64,64,64,56,56,56,51,63,63,49,39,35,29,29,63,30,75,75,75,75,71,71,37,52,36,36,36,35,20,9,6,42,7],"gold":190,"neow_bonus":"THREE_ENEMY_KILL","is_daily":false,"chose_seed":false,"campfire_upgraded":5,"win_rate":0.0,"timestamp":1612213864,"path_taken":["M","M","M","?","M","R","?","M","T","M","$","M","M","$","R","BOSS","M","?","?","?","M","R","E","R","T","E","M","E","M","?","R","BOSS","M","?","$","?","?","E","R","M","T","?","M","?","M","M","R","BOSS"],"items_purchased_type":["Card","Relic","Card","Card","Card"],"build_version":"2020-12-22","purchased_purges":2,"victory":true,"max_hp_per_floor":[75,75,75,75,75,75,75,75,75,75,75,75,75,75,75,75,75,75,75,75,75,75,75,75,75,75,75,75,75,75,75,75,75,75,75,75,75,71,71,71,71,71,71,71,71,71,71,71,71,71],"card_choices":[{"not_picked":["RobotSpaceExplorer:DoubleFind","RobotSpaceExplorer:SlimeMissile"],"picked":"RobotSpaceExplorer:GlueShot","floor":1.0},{"not_picked":["RobotSpaceExplorer:SelfCleaning","RobotSpaceExplorer:RigExplosive"],"picked":"RobotSpaceExplorer:FreezeRay","floor":2.0},{"not_picked":["RobotSpaceExplorer:Blitz","RobotSpaceExplorer:StarDust"],"picked":"RobotSpaceExplorer:Smokescreen","floor":3.0},{"not_picked":["RobotSpaceExplorer:ExhaustFan","RobotSpaceExplorer:Calculate"],"picked":"RobotSpaceExplorer:FrostMissile","floor":4.0},{"not_picked":["RobotSpaceExplorer:SurgingStrike","RobotSpaceExplorer:Counterblock"],"picked":"RobotSpaceExplorer:FrostMissile","floor":5.0},{"not_picked":["RobotSpaceExplorer:MakeshiftVolley","RobotSpaceExplorer:ScrapToss","RobotSpaceExplorer:ShockKick"],"picked":"SKIP","floor":8.0},{"not_picked":["RobotSpaceExplorer:ImprovisedAttack","RobotSpaceExplorer:Counterblock","RobotSpaceExplorer:ShovelStrike"],"picked":"SKIP","floor":10.0},{"not_picked":["RobotSpaceExplorer:Multitool","RobotSpaceExplorer:FranticSearch"],"picked":"RobotSpaceExplorer:ToxicBomb","floor":12.0},{"not_picked":["RobotSpaceExplorer:Ammunition","RobotSpaceExplorer:Jetpack"],"picked":"RobotSpaceExplorer:GlueShot","floor":13.0},{"not_picked":["RobotSpaceExplorer:Arsenal","RobotSpaceExplorer:Asteroid"],"picked":"RobotSpaceExplorer:Exploration","floor":16.0},{"not_picked":["RobotSpaceExplorer:FranticSearch","RobotSpaceExplorer:SlimeMissile"],"picked":"RobotSpaceExplorer:GlueShot+1","floor":18.0},{"not_picked":["RobotSpaceExplorer:StunGrenade","RobotSpaceExplorer:TurboDodge+1","RobotSpaceExplorer:MakeshiftVolley+1"],"picked":"SKIP","floor":21.0},{"not_picked":["RobotSpaceExplorer:MetalStrike","RobotSpaceExplorer:ImprovisedAttack+1","RobotSpaceExplorer:LaserBurst+1"],"picked":"SKIP","floor":22.0},{"not_picked":["RobotSpaceExplorer:ScrapShield+1","RobotSpaceExplorer:RigExplosive"],"picked":"RobotSpaceExplorer:FreezeRay","floor":24.0},{"not_picked":["RobotSpaceExplorer:BlastShield","RobotSpaceExplorer:SlimeMissile+1","RobotSpaceExplorer:IronShell"],"picked":"SKIP","floor":27.0},{"not_picked":["RobotSpaceExplorer:Probe","RobotSpaceExplorer:PowerGlove","RobotSpaceExplorer:DoubleFind"],"picked":"SKIP","floor":28.0},{"not_picked":["RobotSpaceExplorer:MiniDrones","RobotSpaceExplorer:DualCore","RobotSpaceExplorer:Ammunition+1"],"picked":"SKIP","floor":29.0},{"not_picked":["RobotSpaceExplorer:SwiftStep+1","RobotSpaceExplorer:ShockKick","RobotSpaceExplorer:SurgingShield"],"picked":"SKIP","floor":30.0},{"not_picked":["RobotSpaceExplorer:Accelerator","RobotSpaceExplorer:Exploration"],"picked":"RobotSpaceExplorer:Comet","floor":33.0},{"not_picked":["RobotSpaceExplorer:ShovelStrike","RobotSpaceExplorer:Electroshield+1","RobotSpaceExplorer:SwiftStep+1"],"picked":"SKIP","floor":35.0},{"not_picked":["RobotSpaceExplorer:StarDust+1","RobotSpaceExplorer:ImprovisedAttack+1"],"picked":"RobotSpaceExplorer:Smokescreen","floor":36.0},{"not_picked":["RobotSpaceExplorer:Probe","RobotSpaceExplorer:BlastShield","RobotSpaceExplorer:FranticSearch"],"picked":"SKIP","floor":40.0},{"not_picked":["RobotSpaceExplorer:SwiftStep+1","RobotSpaceExplorer:ToxicBomb+1"],"picked":"RobotSpaceExplorer:StunGrenade","floor":42.0},{"not_picked":["RobotSpaceExplorer:Arsenal","RobotSpaceExplorer:LuckyStrike+1","RobotSpaceExplorer:Pulsar+1"],"picked":"SKIP","floor":45},{"not_picked":["RobotSpaceExplorer:Electroshield","RobotSpaceExplorer:SurgingStrike","RobotSpaceExplorer:StarLightning+1"],"picked":"SKIP","floor":47},{"not_picked":["RobotSpaceExplorer:SlimeMissile","RobotSpaceExplorer:ScrapMissile+1"],"picked":"RobotSpaceExplorer:FreezeRay","floor":48}],"player_experience":469322,"relics_obtained":[{"floor":9.0,"key":"Pen Nib"},{"floor":24.0,"key":"Eternal Feather"},{"floor":26.0,"key":"hubris:SphereOfDissonance"},{"floor":27.0,"key":"RobotSpaceExplorer:RingOfTheNewt"},{"floor":29.0,"key":"construct:FoamFinger"},{"floor":30.0,"key":"conspire:TopHat"},{"floor":40.0,"key":"Bottled Flame"},{"floor":44,"key":"Blood Vial"},{"floor":46,"key":"hubris:Zylophone"}],"event_choices":[{"damage_healed":0.0,"max_hp_gain":0.0,"max_hp_loss":0.0,"gold_gain":0.0,"event_name":"Drug Dealer","player_choice":"Inject Mutagens","floor":19.0,"gold_loss":0.0,"damage_taken":0.0,"relics_obtained":["MutagenicStrength"]},{"damage_healed":0.0,"max_hp_gain":0.0,"max_hp_loss":0.0,"gold_gain":0.0,"event_name":"Duplicator","player_choice":"Copied","floor":20.0,"gold_loss":0.0,"damage_taken":0.0,"cards_obtained":["RobotSpaceExplorer:FreezeRay"]},{"damage_healed":0.0,"max_hp_gain":0.0,"max_hp_loss":4.0,"gold_gain":0.0,"event_name":"Winding Halls","player_choice":"Max HP","floor":38.0,"gold_loss":0.0,"damage_taken":0.0},{"damage_healed":0,"gold_gain":0,"player_choice":"Fight","damage_taken":0,"max_hp_gain":0,"max_hp_loss":0,"event_name":"Mysterious Sphere","floor":46,"gold_loss":0}],"is_beta":false,"boss_relics":[{"not_picked":["Runic Pyramid","conspire:SeveredTorchhead"],"picked":"beaked:SacredDeck"},{"not_picked":["SacredBark","bronze:MakeshiftBattery"],"picked":"hubris:Backtick"}],"items_purged_floors":[31,37],"is_endless":false,"potions_floor_spawned":[2,4,8,10,13,18,29,30,35,40,45,47,48],"ascension_level":0}}