{"host":"i9wanet4r0ff4t9y","time":1612181015,"event":{"mods":["2.2 Compatiblity","Act Like it!","BaseMod","Bestiary","Better Altar","Better Match","Better Note","Better Sensory Stone","Better Skull","Better Third Choice","Better Vampires","BetterRewards","CapriCore","Colored Map","Curses Come First","Downfall","Minty Spire (QoL Compilation)","Quick Restart","READ ME - Guardian Mod","READ ME - Snecko Mod","Relic Stats","Reliquary","Say the Spire","Spicy Shops","StSLib","The Disciple","The Gatherer","Waifu the Spire"],"gold_per_floor":[118,83,83,17,32,32,132,132,185,185,23,49,66,85,85,161,161,172,190,190,202,202,202,229,229,229,229,249,266,284,18,18,92,92,108,118,118,28,303,303,320,320,320,340,356,376,376,376],"floor_reached":47,"language":"POL","playtime":1386,"items_purged":[],"score":1022,"play_id":"e263c878-088d-47b2-ba20-adec39ba6be0","local_time":"20210201130335","is_ascension_mode":true,"campfire_choices":[{"floor":6.0,"key":"REST"},{"floor":8.0,"key":"DIG"},{"floor":10.0,"key":"DIG"},{"floor":15.0,"key":"DIG"},{"floor":23.0,"key":"REST"},{"floor":25.0,"key":"REST"},{"floor":27.0,"key":"DIG"},{"floor":32.0,"key":"DIG"},{"floor":40.0,"key":"REST"},{"floor":42.0,"key":"REST"}],"circlet_count":0,"master_deck":["AscendersBane","Strike_R","Strike_R","Strike_R","Strike_R","Strike_R","Defend_R","Defend_R","Defend_R","Defend_R","Bash","Anger+1","Rampage+1","Rupture","Flash of Steel","Heavy Blade","CurseOfTheBell","CurseOfTheBell","Clumsy","Juggernaut","downfall:Aged","Clumsy","Pummel+1","Reckless Charge+1","Bloodletting","Immolate+1","Anger+1","Uppercut+1","J.A.X.","Combust","Iron Wave+1","Fiend Fire+1","Intimidate","Seeing Red","Cleave+1","Clothesline+1","Brutality","Havoc+1","Armaments","Feel No Pain","Regret","Dual Wield","Rage","Demon Form","Armaments+1","Twin Strike+1","Fire Breathing"],"relics":["Burning Blood","reliquary:Buckler","Champion Belt","Blue Candle","betterThird:SlimedRelic","downfall:ExtraCursedBell","Bag of Preparation","reliquary:PrincelyHelmet","Shovel","Toy Ornithopter","Dream Catcher","Molten Egg 2","Lee\u0027s Waffle","reliquary:BallBearing","Vajra","Mark of Pain","Unceasing Top","Centennial Puzzle","Champion Belt","Pocketwatch","reliquary:Firecrackers","Mercury Hourglass","Black Star","reliquary:MedicineBall"],"acts_visited":["Exordium","TheCity","TheBeyond"],"potions_floor_usage":[45,45],"damage_taken":[{"damage":12.0,"enemies":"Small Slimes","floor":1.0,"turns":3.0},{"damage":8.0,"enemies":"2 Louse","floor":5.0,"turns":3.0},{"damage":31.0,"enemies":"3 Sentries","floor":12.0,"turns":5.0},{"damage":5.0,"enemies":"Cultist","floor":13.0,"turns":4.0},{"damage":10.0,"enemies":"Large Slime","floor":14.0,"turns":6.0},{"damage":31.0,"enemies":"Slime Boss","floor":16.0,"turns":7.0},{"damage":18.0,"enemies":"Chosen","floor":18.0,"turns":5.0},{"damage":17.0,"enemies":"Spheric Guardian","floor":19.0,"turns":4.0},{"damage":19.0,"enemies":"Snake Plant","floor":21.0,"turns":3.0},{"damage":26.0,"enemies":"Book of Stabbing","floor":24.0,"turns":3.0},{"damage":13.0,"enemies":"Snecko","floor":28.0,"turns":4.0},{"damage":4.0,"enemies":"Cultist and Chosen","floor":29.0,"turns":2.0},{"damage":0.0,"enemies":"3 Cultists","floor":30.0,"turns":3.0},{"damage":22.0,"enemies":"Automaton","floor":33.0,"turns":6.0},{"damage":41.0,"enemies":"3 Shapes","floor":35.0,"turns":3.0},{"damage":23.0,"enemies":"Orb Walker","floor":36.0,"turns":3.0},{"damage":31.0,"enemies":"Jaw Worm Horde","floor":41.0,"turns":4.0},{"damage":69.0,"enemies":"Writhing Mass","floor":44.0,"turns":7.0},{"damage":12,"enemies":"Transient","floor":45,"turns":6},{"damage":18,"enemies":"3 Darklings","floor":46,"turns":5},{"damage":10,"enemies":"Spire Growth","floor":47,"turns":2}],"seed_played":"5484857352236533064","potions_obtained":[{"floor":1.0,"key":"sneckomod:MuddlingPotion"},{"floor":13.0,"key":"SneckoOil"},{"floor":18.0,"key":"DistilledChaos"},{"floor":24.0,"key":"Explosive Potion"},{"floor":28.0,"key":"Strength Potion"},{"floor":30.0,"key":"Regen Potion"},{"floor":41.0,"key":"Dexterity Potion"},{"floor":44.0,"key":"ElixirPotion"}],"is_trial":false,"path_per_floor":["M","?","?","?","M","R","?","R","T","R","$","E","M","M","R","B",null,"M","M","?","M","T","R","E","R","T","R","M","M","M","$","R","B",null,"M","M","?","$","?","R","M","R","T","M","M","M","M"],"character_chosen":"IRONCLAD","items_purchased":["reliquary:Buckler","Blue Candle","Anger","Rampage","Lee\u0027s Waffle","reliquary:Firecrackers","Feel No Pain"],"campfire_rested":5,"item_purchase_floors":[0,0,0,0,11,31,38],"current_hp_per_floor":[27,45,45,34,32,54,59,59,59,59,87,62,63,69,69,44,76,64,53,53,45,45,71,51,77,77,77,70,72,83,83,83,71,83,48,31,31,31,31,57,32,58,58,15,19,7,0,0],"gold":376,"neow_bonus":"","is_daily":false,"chose_seed":false,"campfire_upgraded":0,"win_rate":0.0,"timestamp":1612181015,"path_taken":["M","?","?","?","M","R","?","R","T","R","?","E","M","?","R","BOSS","M","?","?","M","?","R","E","R","T","R","M","M","M","?","R","BOSS","M","?","?","$","?","R","?","R","T","M","?","M","M"],"items_purchased_type":["Relic","Relic","Card","Card","Relic","Relic","Card"],"build_version":"2020-12-22","purchased_purges":0,"victory":false,"max_hp_per_floor":[75,75,75,75,75,75,80,80,80,80,87,87,87,87,87,87,87,87,87,87,87,87,87,87,87,87,87,87,87,87,87,87,87,87,87,87,87,87,87,87,87,87,87,87,87,87,87,87],"relic_stats":{"Lee\u0027s Waffle":28,"counters":[80,354],"Blue Candle":[39],"Bag of Preparation":[38],"Burning Blood":490,"Mercury Hourglass":[115],"Dream Catcher":4,"Centennial Puzzle":[27],"Shovel":3,"Black Star":0,"Champion Belt":[12],"obtain_stats":[{"reliquary:PartyBalloon":14,"Vajra":15,"Whetstone":0,"Sling":0,"Boot":17,"Old Coin":23,"Blood Vial":38,"Sozu":17,"Centennial Puzzle":24,"HandDrill":0,"Pear":0,"Blue Candle":0,"Oddly Smooth Stone":0,"Charon\u0027s Ashes":0,"Letter Opener":24,"War Paint":0,"WarpedTongs":30,"reliquary:Bookmark":0,"Shuriken":9,"Molten Egg 2":31,"reliquary:BallBearing":12,"Mark of Pain":17,"reliquary:SculptingSteel":26,"Black Star":34,"reliquary:MedicineBall":0,"Unceasing Top":22,"Pocketwatch":27,"Darkstone Periapt":10,"Lantern":0,"Regal Pillow":3,"reliquary:SilkGlove":9,"Singing Bowl":43,"reliquary:PrincelyHelmet":7,"reliquary:Firecrackers":31,"Magic Flower":0,"Enchiridion":25,"Incense Burner":19,"Bag of Preparation":7,"hubris:EmptyBottle":0,"Cursed Key":17,"Smiling Mask":9,"Burning Blood":0,"ClockworkSouvenir":0,"Dream Catcher":9,"hubris:Icosahedron":2,"Shovel":7,"Gambling Chip":17,"Tiny Chest":0,"reliquary:Buckler":0,"hubris:IronBody":26,"WingedGreaves":26,"Red Mask":39,"downfall:ExtraCursedBell":7,"hexamod:CandleOfCauterizing":9,"Lee\u0027s Waffle":11,"Golden Idol":2,"Omamori":11,"hubris:Towel":47,"reliquary:RosewoodLute":0,"White Beast Statue":17,"Mercury Hourglass":32,"Calling Bell":17,"reliquary:ExpiredCoupon":0,"betterThird:SlimedRelic":4,"Bloody Idol":24,"Orrery":0,"reliquary:Stiletto":11,"reliquary:TuningFork":0,"Champion Belt":0,"hubris:Potato":6,"Toy Ornithopter":10},{"reliquary:PartyBalloon":45,"Vajra":64,"Whetstone":0,"Sling":3,"Boot":46,"Old Coin":38,"Blood Vial":21,"Sozu":35,"Centennial Puzzle":69,"HandDrill":39,"Pear":26,"Blue Candle":59,"Oddly Smooth Stone":39,"Charon\u0027s Ashes":26,"Letter Opener":17,"War Paint":0,"WarpedTongs":18,"reliquary:Bookmark":26,"Shuriken":57,"Molten Egg 2":19,"reliquary:BallBearing":62,"Mark of Pain":65,"reliquary:SculptingSteel":69,"Black Star":20,"reliquary:MedicineBall":39,"Unceasing Top":68,"Pocketwatch":69,"Darkstone Periapt":31,"Lantern":0,"Regal Pillow":1,"reliquary:SilkGlove":42,"Singing Bowl":23,"reliquary:PrincelyHelmet":61,"reliquary:Firecrackers":72,"Magic Flower":3,"Enchiridion":49,"Incense Burner":14,"Bag of Preparation":61,"hubris:EmptyBottle":0,"Cursed Key":13,"Smiling Mask":30,"Burning Blood":0,"ClockworkSouvenir":3,"Dream Catcher":61,"hubris:Icosahedron":1,"Shovel":61,"Gambling Chip":46,"Tiny Chest":50,"reliquary:Buckler":59,"hubris:IronBody":17,"WingedGreaves":49,"Red Mask":21,"downfall:ExtraCursedBell":61,"hexamod:CandleOfCauterizing":10,"Lee\u0027s Waffle":61,"Golden Idol":27,"Omamori":11,"hubris:Towel":24,"reliquary:RosewoodLute":39,"White Beast Statue":46,"Mercury Hourglass":72,"Calling Bell":46,"reliquary:ExpiredCoupon":53,"betterThird:SlimedRelic":28,"Bloody Idol":49,"Orrery":0,"reliquary:Stiletto":43,"reliquary:TuningFork":53,"Champion Belt":53,"hubris:Potato":9,"Toy Ornithopter":11},{"reliquary:PartyBalloon":207,"Vajra":288,"Whetstone":0,"Sling":10,"Boot":217,"Old Coin":178,"Blood Vial":105,"Sozu":166,"Centennial Puzzle":310,"HandDrill":184,"Pear":133,"Blue Candle":267,"Oddly Smooth Stone":184,"Charon\u0027s Ashes":133,"Letter Opener":82,"War Paint":0,"WarpedTongs":88,"reliquary:Bookmark":133,"Shuriken":258,"Molten Egg 2":92,"reliquary:BallBearing":278,"Mark of Pain":295,"reliquary:SculptingSteel":310,"Black Star":100,"reliquary:MedicineBall":184,"Unceasing Top":307,"Pocketwatch":310,"Darkstone Periapt":146,"Lantern":0,"Regal Pillow":4,"reliquary:SilkGlove":192,"Singing Bowl":113,"reliquary:PrincelyHelmet":273,"reliquary:Firecrackers":319,"Magic Flower":10,"Enchiridion":231,"Incense Burner":66,"Bag of Preparation":273,"hubris:EmptyBottle":0,"Cursed Key":60,"Smiling Mask":144,"Burning Blood":0,"ClockworkSouvenir":10,"Dream Catcher":273,"hubris:Icosahedron":4,"Shovel":273,"Gambling Chip":217,"Tiny Chest":235,"reliquary:Buckler":267,"hubris:IronBody":82,"WingedGreaves":231,"Red Mask":105,"downfall:ExtraCursedBell":273,"hexamod:CandleOfCauterizing":42,"Lee\u0027s Waffle":273,"Golden Idol":135,"Omamori":47,"hubris:Towel":117,"reliquary:RosewoodLute":184,"White Beast Statue":217,"Mercury Hourglass":319,"Calling Bell":217,"reliquary:ExpiredCoupon":243,"betterThird:SlimedRelic":138,"Bloody Idol":231,"Orrery":0,"reliquary:Stiletto":196,"reliquary:TuningFork":243,"Champion Belt":243,"hubris:Potato":36,"Toy Ornithopter":47}],"Toy Ornithopter":39,"Unceasing Top":[30],"Pocketwatch":[27]},"card_choices":[{"not_picked":["Wild Strike","True Grit"],"picked":"Rupture","floor":1.0},{"not_picked":["Madness","Mind Blast"],"picked":"Flash of Steel","floor":3.0},{"not_picked":["Burning Pact","Body Slam"],"picked":"Heavy Blade","floor":5.0},{"not_picked":["Carnage+1","Perfected Strike+1"],"picked":"Pummel+1","floor":12.0},{"not_picked":["Headbutt+1","Power Through"],"picked":"Reckless Charge+1","floor":13.0},{"not_picked":["Body Slam+1","Clash+1"],"picked":"Bloodletting","floor":14.0},{"not_picked":["Exhume","Impervious"],"picked":"Immolate+1","floor":16.0},{"not_picked":["Clash+1","Body Slam+1"],"picked":"Anger+1","floor":18.0},{"not_picked":["Headbutt+1","Wild Strike+1"],"picked":"Uppercut+1","floor":19.0},{"not_picked":["Flex","Pommel Strike+1"],"picked":"Combust","floor":21.0},{"not_picked":["Warcry","Searing Blow+1"],"picked":"Iron Wave+1","floor":23.0},{"not_picked":["Clothesline+1","Pommel Strike+1"],"picked":"Fiend Fire+1","floor":24.0},{"not_picked":["Evolve","Shrug It Off"],"picked":"Intimidate","floor":25.0},{"not_picked":["Headbutt+1","Havoc"],"picked":"Seeing Red","floor":28.0},{"not_picked":["True Grit","Havoc"],"picked":"Cleave+1","floor":29.0},{"not_picked":["Warcry","Sentinel"],"picked":"Clothesline+1","floor":30.0},{"not_picked":["Impervious","Berserk"],"picked":"Brutality","floor":33.0},{"not_picked":["Wild Strike+1","Warcry+1"],"picked":"Havoc+1","floor":35.0},{"not_picked":["Twin Strike+1","Shrug It Off"],"picked":"Armaments","floor":36.0},{"not_picked":["Armaments","Warcry+1"],"picked":"Dual Wield","floor":40.0},{"not_picked":["Havoc+1","Rampage+1"],"picked":"Rage","floor":41.0},{"not_picked":["Spot Weakness","Burning Pact"],"picked":"Demon Form","floor":42.0},{"not_picked":["Anger+1","Dark Embrace+1"],"picked":"Armaments+1","floor":44.0},{"not_picked":["Sentinel","Clash+1"],"picked":"Twin Strike+1","floor":45},{"not_picked":["Clothesline+1","Clash+1"],"picked":"Fire Breathing","floor":46}],"player_experience":460538,"relics_obtained":[{"floor":7.0,"key":"Bag of Preparation"},{"floor":7.0,"key":"reliquary:PrincelyHelmet"},{"floor":7.0,"key":"Shovel"},{"floor":8.0,"key":"Toy Ornithopter"},{"floor":9.0,"key":"Dream Catcher"},{"floor":10.0,"key":"Molten Egg 2"},{"floor":12.0,"key":"reliquary:BallBearing"},{"floor":15.0,"key":"Vajra"},{"floor":22.0,"key":"Unceasing Top"},{"floor":24.0,"key":"Centennial Puzzle"},{"floor":26.0,"key":"reliquary:SculptingSteel"},{"floor":27.0,"key":"Pocketwatch"},{"floor":32.0,"key":"Mercury Hourglass"},{"floor":43.0,"key":"reliquary:MedicineBall"}],"event_choices":[{"damage_healed":18.0,"max_hp_gain":0.0,"max_hp_loss":0.0,"gold_gain":0.0,"event_name":"The Cleric","player_choice":"Healed","floor":2.0,"gold_loss":35.0,"damage_taken":0.0},{"damage_healed":0.0,"max_hp_gain":0.0,"max_hp_loss":0.0,"gold_gain":1.0,"event_name":"betterStone:BetterStone","player_choice":"1","floor":3.0,"gold_loss":0.0,"damage_taken":0.0},{"damage_healed":0.0,"max_hp_gain":0.0,"max_hp_loss":0.0,"gold_gain":0.0,"event_name":"betterThird:BetterGoop","player_choice":"Slimed","floor":4.0,"gold_loss":66.0,"damage_taken":11.0},{"damage_healed":0.0,"max_hp_gain":0.0,"max_hp_loss":0.0,"gold_gain":0.0,"event_name":"Drug Dealer","player_choice":"Obtain J.A.X.","floor":20.0,"gold_loss":0.0,"damage_taken":0.0,"cards_obtained":["J.A.X."]},{"damage_healed":0.0,"max_hp_gain":0.0,"max_hp_loss":0.0,"gold_gain":0.0,"event_name":"Mysterious Sphere","player_choice":"Ignored","floor":37.0,"gold_loss":0.0,"damage_taken":0.0},{"damage_healed":0.0,"max_hp_gain":0.0,"max_hp_loss":0.0,"gold_gain":275.0,"event_name":"Golden Shrine","player_choice":"Desecrate","floor":39.0,"gold_loss":0.0,"damage_taken":0.0,"cards_obtained":["Regret"]}],"is_beta":false,"boss_relics":[{"not_picked":["Velvet Choker","Tiny House"],"picked":"Mark of Pain"},{"not_picked":["Runic Cube","reliquary:RedPaperclip"],"picked":"Black Star"}],"items_purged_floors":[],"is_endless":false,"potions_floor_spawned":[1,13,18,24,28,30,41,44],"killed_by":"Spire Growth","ascension_level":19}}