{"host":"ha6p5pdchuduffeg","time":1612173094,"event":{"mods":["Act Like it!","BaseMod","Downfall","Gensokyo","KinomotoSakuraMod(ƒæ÷Æ±æ”£)","Koishi","Marisa£®ÏF”Í°°ƒß¿Ì…≥£©","Minty Spire (QoL Compilation)","Reimu£®≤©¿ˆ¡È√Œ£©","Remilia£®¿Ÿ√◊¿Ú—«£©","Replay The Spire","Spicy Shops","StSLib","The Administrix","The Hierophant","The Senshi","The Servant 0.9.4","Waifu the Spire","Youmu£®ªÍ∆«—˝√Œ£©"],"gold_per_floor":[99,110,110,12,30,30,30,35,47,65,65,78,78,112,130,230,230,155,173,128,143,421,449,449,463,463,493,512,532,532,532,506,610,710,635,652,727,740,758,772,772,783,783,794,123,136,136,44,57,57],"floor_reached":51,"language":"ZHS","playtime":3248,"items_purged":["Injury","Shame"],"score":810,"play_id":"5506d550-2b93-420e-b5bc-e99a5f030170","local_time":"20210201175134","is_ascension_mode":false,"campfire_choices":[{"floor":1.0,"key":"RECALL"},{"data":"expansioncontent:YouAreMine","floor":6.0,"key":"SMITH"},{"floor":13.0,"key":"REST"},{"data":"sneckomod:UnknownUncommonPower","floor":18.0,"key":"SMITH"},{"data":"sneckomod:DiceBoulder+1","floor":26.0,"key":"SMITH"},{"floor":30.0,"key":"REST"},{"floor":35.0,"key":"DIG"}],"circlet_count":0,"master_deck":["sneckomod:Strike","sneckomod:Strike","sneckomod:Strike","sneckomod:Defend","sneckomod:Defend","sneckomod:Defend","sneckomod:TailWhip","sneckomod:SnekBite","sneckomod:Unknown","sneckomod:Unknown","sneckomod:UnknownUncommonPower+1","sneckomod:UnknownUncommonAttack+1","expansioncontent:YouAreMine+1","sneckomod:UnknownClassUrban Legend","AbeCurse","sneckomod:DiceBoulder+2","expansioncontent:DashGenerateEvil+1","Madness+1"],"relics":["sneckomod:SneckoSoul","AntiCross","Thread and Needle","Bronze Scales","Abe\u0027s Treasure","downfall:HeartBlessingRed","Red Mask","Divine Protection","Centennial Puzzle","Replay:Baseball","Replay:Wanted Poster","downfall:HeartBlessingGreen","RuthlessExorcism:ReiMu","Kunai","Lee\u0027s Waffle","Guide Book","Ice Cream"],"acts_visited":["Exordium","TheCity","TheBeyond"],"potions_floor_usage":[44,50,50],"damage_taken":[{"damage":1.0,"enemies":"Jaw Worm","floor":2.0,"turns":5.0},{"damage":0.0,"enemies":"downfall:FleeingMerchant","floor":4.0,"turns":4.0},{"damage":6.0,"enemies":"Cultist","floor":5.0,"turns":4.0},{"damage":21.0,"enemies":"3 Sentries","floor":8.0,"turns":7.0},{"damage":3.0,"enemies":"2 Louse","floor":9.0,"turns":2.0},{"damage":7.0,"enemies":"Blue Slaver","floor":10.0,"turns":3.0},{"damage":0.0,"enemies":"2 Fungi Beasts","floor":12.0,"turns":3.0},{"damage":14.0,"enemies":"Gremlin Nob","floor":14.0,"turns":4.0},{"damage":2.0,"enemies":"Large Slime","floor":15.0,"turns":3.0},{"damage":34.0,"enemies":"downfall:Defect","floor":16.0,"turns":5.0},{"damage":0.0,"enemies":"Shell Parasite","floor":19.0,"turns":5.0},{"damage":1.0,"enemies":"downfall:FleeingMerchant","floor":20.0,"turns":4.0},{"damage":3.0,"enemies":"Spheric Guardian","floor":21.0,"turns":2.0},{"damage":6.0,"enemies":"downfall:FleeingMerchant","floor":22.0,"turns":4.0},{"damage":14.0,"enemies":"Masked Bandits","floor":23.0,"turns":4.0},{"damage":0.0,"enemies":"Snake Plant","floor":25.0,"turns":3.0},{"damage":20.0,"enemies":"Gremlin Leader","floor":27.0,"turns":5.0},{"damage":0.0,"enemies":"Centurion and Healer","floor":28.0,"turns":4.0},{"damage":0.0,"enemies":"3 Cultists","floor":29.0,"turns":4.0},{"damage":0.0,"enemies":"Snake Plant","floor":32.0,"turns":2.0},{"damage":41.0,"enemies":"downfall:Ironclad","floor":33.0,"turns":5.0},{"damage":0.0,"enemies":"3 Darklings","floor":36.0,"turns":4.0},{"damage":0.0,"enemies":"3 Shapes","floor":38.0,"turns":2.0},{"damage":2.0,"enemies":"Transient","floor":39.0,"turns":5.0},{"damage":5.0,"enemies":"Jaw Worm Horde","floor":40.0,"turns":2.0},{"damage":0,"enemies":"3 Darklings","floor":42,"turns":3},{"damage":32,"enemies":"Transient","floor":44,"turns":5},{"damage":9,"enemies":"Maw","floor":46,"turns":5},{"damage":0,"enemies":"Jaw Worm Horde","floor":49,"turns":4},{"damage":92,"enemies":"WA_ARCHETYPE_DIVINITY","floor":50,"turns":9}],"seed_played":"-6311816729815702075","potions_obtained":[{"floor":5.0,"key":"Ancient Potion"},{"floor":8.0,"key":"SmokeBomb"},{"floor":10.0,"key":"FearPotion"},{"floor":16.0,"key":"BlessingOfTheForge"},{"floor":37.0,"key":"downfall:CursedFountainPotion"},{"floor":43,"key":"Fruit Juice"}],"is_trial":false,"path_per_floor":["R","M","?","$","M","R","T","E","M","M","?","M","R","E","M","B",null,"R","M","$","M","$","?","T","M","R","E","M","M","R","?","M","B",null,"R","M","?","M","M","M","T","M","?","M","$","M","R","$","M","B",null],"character_chosen":"THE_SNECKO","items_purchased":["expansioncontent:YouAreMine","sneckomod:DiceBoulder+1","expansioncontent:DashGenerateEvil","Lee\u0027s Waffle","Guide Book","CultistPotion","Ice Cream"],"campfire_rested":2,"item_purchase_floors":[4,22,45,45,45,45,48],"current_hp_per_floor":[99,99,99,100,95,95,95,75,72,65,65,65,95,81,79,57,103,103,103,102,99,93,79,79,79,79,59,59,59,89,89,89,48,103,103,103,103,103,101,96,96,96,96,69,115,106,106,106,106,14],"gold":57,"neow_bonus":"TEN_PERCENT_HP_BONUS","is_daily":false,"chose_seed":false,"campfire_upgraded":3,"win_rate":0.0,"timestamp":1612173094,"path_taken":["R","M","?","$","M","R","T","E","?","M","?","M","R","E","M","BOSS","R","M","$","M","$","?","T","M","R","E","M","M","R","?","M","BOSS","R","M","?","?","M","M","T","M","?","M","?","M","R","$","M","BOSS"],"items_purchased_type":["Card","Card","Card","Relic","Relic","Potion","Relic"],"build_version":"2020-12-22","purchased_purges":2,"victory":true,"max_hp_per_floor":[99,100,100,101,102,102,102,103,103,103,103,103,103,103,103,103,103,103,103,103,103,103,103,103,103,103,103,103,103,103,103,103,103,103,103,103,103,103,103,103,103,103,103,108,115,115,115,115,115,115],"card_choices":[{"not_picked":["sneckomod:DefensiveFlair","sneckomod:UnknownClassRED"],"picked":"sneckomod:UnknownUncommonPower","floor":2.0},{"not_picked":["sneckomod:CheapStock","sneckomod:Unknown2Cost"],"picked":"sneckomod:UnknownUncommonAttack","floor":4.0},{"not_picked":["sneckomod:UnknownVulnerable","sneckomod:MasterEye"],"picked":"sneckomod:UnknownClassUrban Legend","floor":5.0},{"not_picked":["sneckomod:UnknownBlock","sneckomod:SnakeSap"],"picked":"sneckomod:UnknownRareSkill","floor":8.0},{"not_picked":["sneckomod:UnknownClassDARK_GREEN_COLOR","sneckomod:SoulCleanse","sneckomod:UnknownStrike"],"picked":"SKIP","floor":9.0},{"not_picked":["sneckomod:Unknown2Cost","sneckomod:QuickMove","sneckomod:UnknownUncommonSkill"],"picked":"SKIP","floor":10.0},{"not_picked":["sneckomod:SoulRoll","sneckomod:SnekBeam","sneckomod:UnknownVulnerable"],"picked":"SKIP","floor":12.0},{"not_picked":["sneckomod:UnknownRarePower","sneckomod:UnknownStrike","sneckomod:WideSting"],"picked":"SKIP","floor":14.0},{"not_picked":["sneckomod:SoulRoll","sneckomod:QuickMove","sneckomod:UnknownClassSAKURACARD_COLOR"],"picked":"SKIP","floor":15.0},{"not_picked":["sneckomod:DiceBlock","sneckomod:UnknownVulnerable+1","sneckomod:RainOfDice+1"],"picked":"SKIP","floor":19.0},{"not_picked":["sneckomod:RainOfDice+1","sneckomod:IronFang","sneckomod:UnknownBlock"],"picked":"SKIP","floor":20.0},{"not_picked":["sneckomod:QuickMove","sneckomod:UnknownUncommonAttack","sneckomod:Nope"],"picked":"SKIP","floor":21.0},{"not_picked":["sneckomod:UnknownClassHEXA_GHOST_PURPLE","sneckomod:ImprovisedAttack+1","sneckomod:WideSting"],"picked":"SKIP","floor":22.0},{"not_picked":["sneckomod:UnknownClassDARK_GREEN_COLOR+1","sneckomod:UnknownClassShop Special","sneckomod:IronFang"],"picked":"SKIP","floor":25.0},{"not_picked":["sneckomod:UnknownBlock","sneckomod:Unknown1Cost","sneckomod:Nope+1"],"picked":"SKIP","floor":27.0},{"not_picked":["sneckomod:UnlimitedRolls","sneckomod:UnknownBlock+1","sneckomod:IronFang+1"],"picked":"SKIP","floor":28.0},{"not_picked":["sneckomod:Nope","sneckomod:Unknown0Cost","sneckomod:UnknownBlock+1"],"picked":"SKIP","floor":29.0},{"not_picked":["sneckomod:IronFang","sneckomod:SerpentIdol","sneckomod:RainOfDice"],"picked":"SKIP","floor":32.0},{"not_picked":["sneckomod:UnknownWeak","sneckomod:Nope","sneckomod:UnknownBlock+1"],"picked":"SKIP","floor":36.0},{"not_picked":["sneckomod:DiceCrush+1","sneckomod:UnknownVulnerable+1","sneckomod:ImprovisedGuard"],"picked":"SKIP","floor":38.0},{"not_picked":["sneckomod:UnknownUncommonAttack+1","sneckomod:Unknown0Cost+1","sneckomod:UnknownClassCLOWCARD_COLOR"],"picked":"SKIP","floor":39.0},{"not_picked":["sneckomod:UnknownEthereal+1","sneckomod:DiceBlock","sneckomod:RainOfDice"],"picked":"SKIP","floor":40.0},{"not_picked":["sneckomod:MasterEye+1","sneckomod:UnknownBlock+1","sneckomod:DiceBlock+1"],"picked":"SKIP","floor":42},{"not_picked":["sneckomod:UnknownCommonAttack+1","sneckomod:QuickBite+1","sneckomod:UnknownDraw+1"],"picked":"SKIP","floor":44},{"not_picked":["sneckomod:QuickMove","sneckomod:RainOfDice+1","sneckomod:Unknown2Cost+1"],"picked":"SKIP","floor":46},{"not_picked":["sneckomod:UnendingSupply","sneckomod:SoulExchange","sneckomod:UnknownVulnerable"],"picked":"SKIP","floor":49}],"player_experience":103247,"relics_obtained":[{"floor":7.0,"key":"AntiCross"},{"floor":8.0,"key":"Thread and Needle"},{"floor":14.0,"key":"Bronze Scales"},{"floor":23.0,"key":"Red Mask"},{"floor":24.0,"key":"Divine Protection"},{"floor":27.0,"key":"Centennial Puzzle"},{"floor":35.0,"key":"RuthlessExorcism:ReiMu"},{"floor":41.0,"key":"Kunai"}],"event_choices":[{"damage_healed":0.0,"max_hp_gain":0.0,"max_hp_loss":0.0,"gold_gain":0.0,"event_name":"Transmorgrifier","player_choice":"Ignored","floor":3.0,"gold_loss":0.0,"damage_taken":0.0},{"damage_healed":0.0,"max_hp_gain":0.0,"max_hp_loss":0.0,"gold_gain":0.0,"event_name":"Living Wall","player_choice":"Grow","floor":11.0,"gold_loss":0.0,"damage_taken":0.0,"cards_upgraded":["sneckomod:UnknownRareSkill"]},{"damage_healed":0.0,"max_hp_gain":0.0,"max_hp_loss":0.0,"gold_gain":0.0,"event_name":"Masked Bandits","player_choice":"Fought Bandits","floor":23.0,"gold_loss":0.0,"damage_taken":0.0},{"damage_healed":0.0,"max_hp_gain":0.0,"max_hp_loss":0.0,"gold_gain":0.0,"event_name":"Addict","player_choice":"Stole Relic","floor":31.0,"gold_loss":0.0,"damage_taken":0.0,"relics_obtained":["Replay:Baseball"],"cards_obtained":["Shame"]},{"damage_healed":0,"gold_gain":0,"player_choice":"Got Potions","damage_taken":0,"max_hp_gain":0,"max_hp_loss":0,"event_name":"Lab","floor":43,"gold_loss":0}],"is_beta":false,"boss_relics":[{"not_picked":["downfall:Hecktoplasm","Astrolabe"],"picked":"Abe\u0027s Treasure"},{"not_picked":["Runic Pyramid","Velvet Choker"],"picked":"Replay:Wanted Poster"}],"items_purged_floors":[45,45],"is_endless":false,"potions_floor_spawned":[5,8,10,12,16,19,23,25,29,33,36,39,42,49],"ascension_level":0}}