{"host":"344lv32hnei0mdhu","time":1612171777,"event":{"mods":["Act Like it!","BaseMod","Better Match","Better Sensory Stone","Better Skull","Better Third Choice","Better Vampires","Colored Powertips","Highlight Path","Minty Spire (QoL Compilation)","Quick Restart","Random Character Button","Rare Cards Sparkle","StSLib"],"gold_per_floor":[115,47,47,23,35,35,69,82,163,163,177,193,221,231,231,231,231],"floor_reached":16,"language":"ENG","playtime":755,"items_purged":[],"score":212,"play_id":"4113ddb9-b29a-4524-934c-d0c0f2f5beb6","local_time":"20210201032937","is_ascension_mode":true,"campfire_choices":[{"data":"Perseverance","floor":6.0,"key":"SMITH"},{"floor":10.0,"key":"RECALL"},{"floor":15,"key":"REST"}],"circlet_count":0,"master_deck":["AscendersBane","Strike_P","Strike_P","Strike_P","Strike_P","Defend_P","Defend_P","Defend_P","Defend_P","Eruption","Vigilance","Tantrum","DeceiveReality","Halt","Perseverance+1","Blasphemy","EmptyBody","BowlingBash","Judgement","DevaForm","Evaluate"],"relics":["PureWater","NeowsBlessing","MealTicket","Eternal Feather","Letter Opener"],"acts_visited":["Exordium"],"potions_floor_usage":[13,16],"damage_taken":[{"damage":0.0,"enemies":"Jaw Worm","floor":1.0,"turns":1.0},{"damage":0.0,"enemies":"Cultist","floor":5.0,"turns":1.0},{"damage":0.0,"enemies":"Gremlin Nob","floor":7.0,"turns":1.0},{"damage":3.0,"enemies":"2 Louse","floor":8.0,"turns":3.0},{"damage":23.0,"enemies":"Lots of Slimes","floor":11.0,"turns":10.0},{"damage":2,"enemies":"2 Fungi Beasts","floor":12,"turns":4},{"damage":13,"enemies":"3 Sentries","floor":13,"turns":9},{"damage":9,"enemies":"Red Slaver","floor":14,"turns":4},{"damage":10,"enemies":"Slime Boss","floor":16,"turns":8}],"seed_played":"7661460289068958293","potions_obtained":[{"floor":1.0,"key":"Block Potion"},{"floor":3.0,"key":"Explosive Potion"},{"floor":3.0,"key":"PowerPotion"},{"floor":11.0,"key":"BottledMiracle"},{"floor":13,"key":"Dexterity Potion"}],"is_trial":false,"path_per_floor":["M","$","?","$","M","R","E","M","T","R","M","M","E","M","R","B"],"character_chosen":"WATCHER","items_purchased":["DeceiveReality","Halt"],"campfire_rested":1,"item_purchase_floors":[2,4],"current_hp_per_floor":[65,65,65,65,65,65,65,62,62,71,48,46,33,24,57,47,47],"gold":231,"neow_bonus":"THREE_ENEMY_KILL","is_daily":false,"chose_seed":false,"campfire_upgraded":1,"win_rate":0.0,"timestamp":1612171777,"path_taken":["M","$","?","$","M","R","E","M","T","R","M","M","E","M","R","BOSS"],"items_purchased_type":["Card","Card"],"build_version":"2020-12-22","purchased_purges":0,"victory":false,"max_hp_per_floor":[72,72,72,72,72,72,72,72,72,72,72,72,72,72,72,72,72],"card_choices":[{"not_picked":["SashWhip","FlurryOfBlows"],"picked":"Tantrum","floor":1.0},{"not_picked":["WindmillStrike","JustLucky"],"picked":"Perseverance","floor":5.0},{"not_picked":["CrushJoints","ThirdEye"],"picked":"Blasphemy","floor":7.0},{"not_picked":["Halt","ThirdEye"],"picked":"EmptyBody","floor":8.0},{"not_picked":["PathToVictory","CutThroughFate"],"picked":"BowlingBash","floor":11.0},{"not_picked":["FlyingSleeves","Halt"],"picked":"Judgement","floor":12},{"not_picked":["CutThroughFate","Protect"],"picked":"DevaForm","floor":13},{"not_picked":["CutThroughFate","Prostrate"],"picked":"Evaluate","floor":14}],"player_experience":392242,"relics_obtained":[{"floor":7.0,"key":"MealTicket"},{"floor":9.0,"key":"Eternal Feather"},{"floor":13,"key":"Letter Opener"}],"event_choices":[{"damage_healed":0.0,"max_hp_gain":0.0,"max_hp_loss":0.0,"gold_gain":0.0,"event_name":"Lab","player_choice":"Got Potions","floor":3.0,"gold_loss":0.0,"damage_taken":0.0}],"is_beta":false,"boss_relics":[],"items_purged_floors":[],"is_endless":false,"potions_floor_spawned":[1,5,7,11,13],"killed_by":"Slime Boss","ascension_level":11}}