{"host":"yekvm0llnambltim","time":1612154571,"event":{"mods":["Act Like it!","BaseMod","CapriCore","Challenge The Spire","Conspire","Minty Spire (QoL Compilation)","MostiFishMod","Quick Restart","Relic Stats","Replay The Spire","Spicy Shops","StSLib","Waifu the Spire","¡¾ÒÅÎï¿¨ÅÆ¡¿REMEMod"],"gold_per_floor":[110,122,122,134,150,150,150],"floor_reached":6,"language":"ZHS","playtime":221,"items_purged":[],"score":76,"play_id":"f0c7fa09-9cbb-4ab1-abcc-76bea6a261a6","local_time":"20210201124251","is_ascension_mode":true,"campfire_choices":[],"circlet_count":0,"master_deck":["AscendersBane","Strike_R","Strike_R","Strike_R","Strike_R","Defend_R","Defend_R","Defend_R","Defend_R","Bash","MostiFishMod:Overload","Shrug It Off","Impervious","Armaments","Pommel Strike"],"relics":["Burning Blood","DaveBox","REME_ComplimentaryCards","HaiYi:Twilight","NeowsBlessing","SynthV:TestCard"],"acts_visited":["Exordium"],"potions_floor_usage":[6],"damage_taken":[{"damage":0.0,"enemies":"Jaw Worm","floor":1.0,"turns":1.0},{"damage":0.0,"enemies":"2 Louse","floor":2.0,"turns":1.0},{"damage":0.0,"enemies":"Cultist","floor":4.0,"turns":1.0},{"damage":1.0,"enemies":"Large Slime","floor":5.0,"turns":6.0},{"damage":37,"enemies":"3 Sentries","floor":6,"turns":10}],"seed_played":"4270109771683331706","potions_obtained":[{"floor":1.0,"key":"SkillPotion"},{"floor":4.0,"key":"SkillPotion"}],"is_trial":false,"path_per_floor":["M","M","?","M","M","E"],"character_chosen":"IRONCLAD","items_purchased":[],"campfire_rested":0,"item_purchase_floors":[],"current_hp_per_floor":[74,75,75,75,75,38,38],"gold":150,"neow_bonus":"THREE_ENEMY_KILL","is_daily":false,"chose_seed":false,"campfire_upgraded":0,"win_rate":0.0,"timestamp":1612154571,"path_taken":["M","M","?","M","M","E"],"items_purchased_type":[],"build_version":"2020-12-22","purchased_purges":0,"victory":false,"max_hp_per_floor":[75,75,75,75,75,75,75],"relic_stats":{"counters":[5,18],"obtain_stats":[{"SynthV:TestCard":1,"DaveBox":0,"HaiYi:Twilight":0,"NeowsBlessing":0,"Burning Blood":0,"REME_ComplimentaryCards":0},{"SynthV:TestCard":1,"DaveBox":0,"HaiYi:Twilight":0,"NeowsBlessing":0,"Burning Blood":0,"REME_ComplimentaryCards":0},{"SynthV:TestCard":1,"DaveBox":0,"HaiYi:Twilight":0,"NeowsBlessing":0,"Burning Blood":0,"REME_ComplimentaryCards":0}],"Burning Blood":8},"card_choices":[{"not_picked":["Life Link","Replay:Undeath\u0027s Touch","Wild Strike"],"picked":"SKIP","floor":1.0},{"not_picked":["REME_SingleHolding","Hemokinesis","Clothesline","Wild Strike"],"picked":"Shrug It Off","floor":2.0},{"not_picked":["ReplayTheSpireMod:Strike From Hell","Wild Strike","Heavy Blade","conspire:HitWhereItHurts"],"picked":"Armaments","floor":4.0},{"not_picked":["Flex","Hemokinesis","Run Through","True Grit"],"picked":"Pommel Strike","floor":5.0}],"player_experience":315523,"relics_obtained":[{"floor":1.0,"key":"SynthV:TestCard"}],"event_choices":[{"damage_healed":0.0,"max_hp_gain":0.0,"max_hp_loss":0.0,"gold_gain":0.0,"cards_transformed":["Strike_R"],"event_name":"Living Wall","player_choice":"Change","floor":3.0,"gold_loss":0.0,"damage_taken":0.0,"cards_obtained":["Impervious"]}],"is_beta":false,"boss_relics":[],"items_purged_floors":[],"is_endless":false,"potions_floor_spawned":[1,4],"killed_by":"3 Sentries","ascension_level":20}}