{"host":"9m2ifqaul2xw9r3j","time":1612219519,"event":{"mods":["BaseMod","Minty Spire (QoL Compilation)"],"gold_per_floor":[117,292,310,82,98,130,145,174,223,248,276,310,310,320,320,424,424,438,456,151,171,186,219,219,43,69,97,116,141,157,157,157,157,157],"floor_reached":33,"language":"ENG","playtime":5931,"items_purged":["Doubt","Defend_G","Strike_G"],"score":396,"play_id":"a696ef7d-c2ba-4535-885a-042a5d2afd1f","local_time":"20210201234519","is_ascension_mode":true,"campfire_choices":[{"floor":13,"key":"REST"},{"data":"Blade Dance","floor":15,"key":"SMITH"},{"data":"Cloak And Dagger","floor":24,"key":"SMITH"},{"floor":32,"key":"REST"}],"circlet_count":0,"master_deck":["Strike_G","Strike_G","Strike_G","Strike_G","Defend_G","Defend_G","Defend_G","Defend_G","Survivor","Neutralize+1","Poisoned Stab","Cloak And Dagger","Masterful Stab","Blade Dance+1","Phantasmal Killer","Choke","Backflip","Backflip","Glass Knife","CurseOfTheBell","Blade Dance+1","Cloak And Dagger+1","Accuracy","Finisher","Flash of Steel+1","Accuracy","Backflip","Blade Dance","Escape Plan+1","Decay"],"relics":["Ring of the Snake","Juzu Bracelet","Boot","Mummified Hand","Bag of Marbles","Odd Mushroom","Tiny Chest","Calling Bell","Lantern","Sundial","Ginger","Nunchaku","Whetstone","Red Mask","Bag of Preparation"],"acts_visited":["Exordium","TheCity"],"potions_floor_usage":[16,16,21,28,29,33,33],"damage_taken":[{"damage":7.0,"enemies":"Jaw Worm","floor":1.0,"turns":6.0},{"damage":0.0,"enemies":"Small Slimes","floor":3.0,"turns":3.0},{"damage":0.0,"enemies":"2 Louse","floor":5.0,"turns":3.0},{"damage":37.0,"enemies":"3 Sentries","floor":6.0,"turns":16.0},{"damage":0.0,"enemies":"Looter","floor":7.0,"turns":3.0},{"damage":17.0,"enemies":"Lagavulin","floor":8.0,"turns":7.0},{"damage":17,"enemies":"Gremlin Nob","floor":10,"turns":4},{"damage":0,"enemies":"The Mushroom Lair","floor":11,"turns":3},{"damage":9,"enemies":"3 Sentries","floor":12,"turns":8},{"damage":0,"enemies":"Exordium Wildlife","floor":14,"turns":3},{"damage":34,"enemies":"The Guardian","floor":16,"turns":15},{"damage":1,"enemies":"2 Thieves","floor":18,"turns":3},{"damage":0,"enemies":"3 Byrds","floor":19,"turns":3},{"damage":2,"enemies":"Centurion and Healer","floor":21,"turns":3},{"damage":13,"enemies":"Snake Plant","floor":22,"turns":4},{"damage":28,"enemies":"Gremlin Leader","floor":23,"turns":6},{"damage":3,"enemies":"Masked Bandits","floor":27,"turns":3},{"damage":0,"enemies":"Snecko","floor":28,"turns":3},{"damage":13,"enemies":"Book of Stabbing","floor":29,"turns":3},{"damage":0,"enemies":"Centurion and Healer","floor":30,"turns":1},{"damage":27,"enemies":"Automaton","floor":33,"turns":4}],"seed_played":"3792164776786115525","potions_obtained":[{"floor":1.0,"key":"SpeedPotion"},{"floor":3.0,"key":"Regen Potion"},{"floor":6.0,"key":"LiquidMemories"},{"floor":11,"key":"FairyPotion"},{"floor":12,"key":"PowerPotion"},{"floor":14,"key":"Explosive Potion"},{"floor":16,"key":"SkillPotion"},{"floor":21,"key":"Swift Potion"},{"floor":27,"key":"BlessingOfTheForge"},{"floor":28,"key":"Ancient Potion"},{"floor":30,"key":"BlessingOfTheForge"}],"is_trial":false,"path_per_floor":["M","?","M","$","M","E","M","E","T","E","?","E","R","M","R","B",null,"M","M","$","M","M","E","R","$","T","?","M","E","M","?","R","B"],"character_chosen":"THE_SILENT","items_purchased":["Juzu Bracelet","Accuracy","Finisher","Flash of Steel","Backflip"],"campfire_rested":2,"item_purchase_floors":[4,20,20,20,25],"current_hp_per_floor":[70,70,70,70,70,48,48,31,31,14,14,5,28,28,28,23,64,63,63,63,61,48,20,20,20,20,17,17,4,4,4,27,0,0],"gold":157,"neow_bonus":"TEN_PERCENT_HP_BONUS","is_daily":false,"chose_seed":false,"campfire_upgraded":2,"win_rate":0.0,"timestamp":1612219519,"path_taken":["M","?","M","$","M","E","M","E","T","E","?","E","R","M","R","BOSS","M","M","$","M","M","E","R","$","T","?","M","E","M","?","R","BOSS"],"items_purchased_type":["Relic","Card","Card","Card","Card"],"build_version":"2020-12-22","purchased_purges":3,"victory":false,"max_hp_per_floor":[77,77,77,77,77,77,77,77,77,77,77,77,77,77,77,77,77,77,77,77,77,77,77,77,77,77,77,77,77,77,77,77,77,77],"card_choices":[{"not_picked":["Distraction","Slice"],"picked":"Poisoned Stab","floor":1.0},{"not_picked":["Reflex","Outmaneuver","Quick Slash"],"picked":"SKIP","floor":3.0},{"not_picked":["Underhanded Strike","Heel Hook"],"picked":"Cloak And Dagger","floor":5.0},{"not_picked":["Flying Knee","Underhanded Strike"],"picked":"Masterful Stab","floor":6.0},{"not_picked":["Flying Knee","Reflex"],"picked":"Blade Dance","floor":7.0},{"not_picked":["Prepared","PiercingWail"],"picked":"Phantasmal Killer","floor":8.0},{"not_picked":["Outmaneuver","Terror"],"picked":"Choke","floor":10},{"not_picked":["Quick Slash","Deflect"],"picked":"Backflip","floor":11},{"not_picked":["Bane","Poisoned Stab"],"picked":"Backflip","floor":12},{"not_picked":["Reflex","Blur","Predator"],"picked":"SKIP","floor":14},{"not_picked":["Night Terror","Doppelganger"],"picked":"Glass Knife","floor":16},{"not_picked":["Reflex","Backstab+1"],"picked":"Blade Dance+1","floor":18},{"not_picked":["Flechettes","Well Laid Plans"],"picked":"Cloak And Dagger","floor":19},{"not_picked":["Dagger Throw","Quick Slash"],"picked":"Accuracy","floor":21},{"not_picked":["Tactician","Flying Knee","Outmaneuver"],"picked":"SKIP","floor":22},{"not_picked":["Underhanded Strike","Sucker Punch","Bouncing Flask"],"picked":"SKIP","floor":23},{"not_picked":["Dagger Spray","Backflip"],"picked":"Blade Dance","floor":27},{"not_picked":["Deflect","Underhanded Strike","Dash"],"picked":"SKIP","floor":28},{"not_picked":["Endless Agony+1","Deadly Poison","Phantasmal Killer"],"picked":"SKIP","floor":29},{"not_picked":["Concentrate","Deadly Poison"],"picked":"Escape Plan+1","floor":30}],"player_experience":316840,"relics_obtained":[{"floor":6.0,"key":"Boot"},{"floor":8.0,"key":"Mummified Hand"},{"floor":10,"key":"Bag of Marbles"},{"floor":11,"key":"Odd Mushroom"},{"floor":12,"key":"Tiny Chest"},{"floor":17,"key":"Lantern"},{"floor":17,"key":"Sundial"},{"floor":17,"key":"Ginger"},{"floor":23,"key":"Nunchaku"},{"floor":26,"key":"Whetstone"},{"floor":27,"key":"Red Mask"},{"floor":29,"key":"Bag of Preparation"}],"event_choices":[{"damage_healed":0.0,"max_hp_gain":0.0,"max_hp_loss":0.0,"gold_gain":175.0,"event_name":"Liars Game","player_choice":"AGREE","floor":2.0,"gold_loss":0.0,"damage_taken":0.0,"cards_obtained":["Doubt"]},{"damage_healed":0,"gold_gain":0,"player_choice":"Fought Mushrooms","damage_taken":0,"max_hp_gain":0,"max_hp_loss":0,"event_name":"Mushrooms","floor":11,"gold_loss":0},{"damage_healed":0,"gold_gain":0,"player_choice":"Fought Bandits","damage_taken":0,"max_hp_gain":0,"max_hp_loss":0,"event_name":"Masked Bandits","floor":27,"gold_loss":0},{"damage_healed":0,"gold_gain":0,"player_choice":"Smashed Altar","damage_taken":0,"max_hp_gain":0,"max_hp_loss":0,"event_name":"Forgotten Altar","floor":31,"gold_loss":0,"cards_obtained":["Decay"]}],"is_beta":false,"boss_relics":[{"not_picked":["Pandora\u0027s Box","Runic Pyramid"],"picked":"Calling Bell"}],"items_purged_floors":[4,20,25],"is_endless":false,"potions_floor_spawned":[1,3,6,11,12,14,16,21,27,28,30],"killed_by":"Automaton","ascension_level":5}}