{"host":"mgjbkrm6zb65cm01","time":1612184415,"event":{"mods":["ATMod(°¢èªMod)","BaseMod","Conspire","Good Game Mod","Marisa£¨ìFÓê¡¡Ä§ÀíÉ³£©","Minty Spire (QoL Compilation)","Quick Restart","Relic Stats","Replay The Spire","Spicy Shops","StSLib","The Bladedancer","The Servant 0.9.4","UnlockEverythingMod","noobMod"],"gold_per_floor":[114,131,151,25,40,74,85,104,131,31,31,62,62,77,77,177,177,194,214,313,330,3,3,3,21,48,118,118,167,235,63,63,239,239,325,366,17,193,280,280,340,340,340,57,202,246,272,329,329,379,379,379,105,189,214],"floor_reached":56,"language":"ZHS","playtime":2917,"items_purged":["Defend_R","Strike_R","Strike_R","Strike_R","Strike_R"],"score":1396,"play_id":"53f13139-e5b5-487c-8c87-9ee2a07beaa4","local_time":"20210201210015","is_ascension_mode":false,"campfire_choices":[{"data":"Whirlwind","floor":11,"key":"SMITH"},{"data":"Limit Break","floor":13,"key":"SMITH"},{"data":"Flex","floor":15,"key":"SMITH"},{"floor":23,"key":"RECALL"},{"data":"Heavy Blade","floor":28,"key":"SMITH"},{"data":"Parasite","floor":32,"key":"PURGE"},{"data":"Searing Blow","floor":40,"key":"SMITH"},{"data":"Heavy Blade","floor":52,"key":"SMITH"}],"circlet_count":0,"master_deck":["Strike_R","Defend_R","Defend_R","Defend_R","Bash","Limit Break+1","Whirlwind+1","Shrug It Off","True Grit+1","ReplayTheSpireMod:Muscle Training","Havoc","Pummel","Heavy Blade+1","Flex+1","Exhume+1","CurseOfTheBell","Warcry","Bloodletting","Heavy Blade+1","ReplayTheSpireMod:Muscle Training","ReplayTheSpireMod:Muscle Training","Twin Strike+1","AT_IchimonjiDouble+1","Immolate","Shockwave+1","AT_ShrugMaster+1","Flex","Warcry","Searing Blow+1","CommonCold","Sword Boomerang","Thunderclap+1","Pommel Strike","Uppercut+1"],"relics":["Burning Blood","REME:ComplimentaryCards","ice","AT_ATBox","NeowsBlessing","Torii","Turnip","Calling Bell","Tiny Chest","White Beast Statue","Gambling Chip","HandDrill","AT_MibuBalloonWealth","Happy Flower","ReplayTheSpireMod:CursedCoin","conspire:Boomerang","conspire:SpecialSausage","AT_LudenTempest","CatCart","Boot","Ring of Peace","ReplayTheSpireMod:Ninjato","Replay:Wax Seal","PreservedInsect","Bag of Marbles","BargainBundle","Kunai"],"acts_visited":["Exordium","TheCity","TheBeyond","TheEnding"],"potions_floor_usage":[6,6,12,16,21,21,27,27,33,33,33,36,36,38,41,41,45,48,50,50,50,55,55,55],"damage_taken":[{"damage":0,"enemies":"Small Slimes","floor":1,"turns":1},{"damage":0,"enemies":"Cultist","floor":2,"turns":1},{"damage":0,"enemies":"Jaw Worm","floor":3,"turns":1},{"damage":9,"enemies":"Blue Slaver","floor":5,"turns":5},{"damage":25,"enemies":"3 Sentries","floor":6,"turns":7},{"damage":1,"enemies":"3 Louse","floor":7,"turns":2},{"damage":13,"enemies":"2 Fungi Beasts","floor":8,"turns":3},{"damage":30,"enemies":"Lagavulin","floor":12,"turns":5},{"damage":12,"enemies":"Exordium Wildlife","floor":14,"turns":3},{"damage":2,"enemies":"Slime Boss","floor":16,"turns":6},{"damage":10,"enemies":"Chosen","floor":18,"turns":5},{"damage":67,"enemies":"conspire:FuzzyDice","floor":19,"turns":7},{"damage":14,"enemies":"Chosen and Byrds","floor":21,"turns":5},{"damage":6,"enemies":"conspire:HollyBat","floor":25,"turns":6},{"damage":12,"enemies":"Sentry and Sphere","floor":27,"turns":3},{"damage":3,"enemies":"Centurion and Healer","floor":30,"turns":2},{"damage":40,"enemies":"Automaton","floor":33,"turns":5},{"damage":24,"enemies":"3 Shapes","floor":35,"turns":2},{"damage":16,"enemies":"Orb Walker","floor":36,"turns":3},{"damage":7,"enemies":"Orin","floor":38,"turns":5},{"damage":6,"enemies":"Sphere and 2 Shapes","floor":39,"turns":2},{"damage":6,"enemies":"Giant Head","floor":41,"turns":4},{"damage":10,"enemies":"3 Darklings","floor":45,"turns":3},{"damage":3,"enemies":"Writhing Mass","floor":46,"turns":3},{"damage":9,"enemies":"R_Hoarder","floor":48,"turns":4},{"damage":42,"enemies":"conspire:OrnateMirror","floor":50,"turns":3},{"damage":2,"enemies":"Shield and Spear","floor":54,"turns":2},{"damage":42,"enemies":"The Heart","floor":55,"turns":4}],"seed_played":"4472879933274657817","potions_obtained":[{"floor":1,"key":"LiquidBronze"},{"floor":2,"key":"Death Potion"},{"floor":8,"key":"Toxic Potion"},{"floor":12,"key":"SpeedPotion"},{"floor":14,"key":"Flashbang"},{"floor":18,"key":"SmokeBomb"},{"floor":19,"key":"SkillPotion"},{"floor":21,"key":"Dexterity Potion"},{"floor":25,"key":"Swift Potion"},{"floor":27,"key":"Toxic Potion"},{"floor":30,"key":"Venom Potion"},{"floor":33,"key":"Block Potion"},{"floor":35,"key":"Strength Potion"},{"floor":36,"key":"Fire Potion"},{"floor":38,"key":"DistilledChaos"},{"floor":39,"key":"Milkshake"},{"floor":41,"key":"EssenceOfSteel"},{"floor":45,"key":"Energy Potion"},{"floor":46,"key":"Elixir"},{"floor":48,"key":"Elixir"},{"floor":49,"key":"Fire Potion"},{"floor":49,"key":"SteroidPotion"}],"is_trial":false,"path_per_floor":["M","M","M","$","M","E","M","M","T","$","R","E","R","M","R","B",null,"M","M","?","M","$","R","?","M","T","M","R","T","M","$","R","B",null,"M","M","$","?","M","R","E","?","T","$","M","M","T","E","R","B",null,"R","$","E","B",null],"character_chosen":"IRONCLAD","items_purchased":["True Grit+1","HandDrill","Strength Potion","ReplayTheSpireMod:CursedCoin","conspire:Boomerang","AT_IchimonjiDouble+1","AT_LudenTempest","Flex","Sword Boomerang","Replay:Wax Seal","BargainBundle","BlessingOfTheForge","SteroidPotion","Elixir"],"campfire_rested":0,"item_purchase_floors":[4,22,22,31,31,31,37,37,44,44,53,53,53,53],"current_hp_per_floor":[80,80,80,80,77,58,63,56,56,56,56,32,32,26,26,30,80,76,15,15,80,80,80,80,80,80,74,74,74,77,77,77,43,84,66,56,56,55,55,55,55,55,55,55,51,54,54,51,51,73,110,110,110,112,76],"gold":214,"neow_bonus":"THREE_ENEMY_KILL","is_daily":false,"chose_seed":false,"campfire_upgraded":6,"win_rate":0.0,"timestamp":1612184415,"path_taken":["M","M","M","$","M","E","M","M","T","$","R","E","R","M","R","BOSS","M","M","?","M","$","R","?","?","T","M","R","?","M","$","R","BOSS","M","M","$","?","M","R","E","?","T","?","M","M","?","E","R","BOSS","R","$","E","BOSS"],"items_purchased_type":["Card","Relic","Potion","Relic","Relic","Card","Relic","Card","Card","Relic","Relic","Potion","Potion","Potion"],"build_version":"2020-12-22","purchased_purges":5,"victory":true,"max_hp_per_floor":[80,80,80,80,80,80,80,80,80,80,80,80,80,80,80,80,80,80,80,80,80,80,80,80,82,82,83,83,83,83,83,80,84,84,88,90,90,92,94,94,95,95,95,95,101,105,105,108,108,110,110,110,110,112,142],"relic_stats":{"Torii":44,"Happy Flower":[14],"counters":[28,102],"Gambling Chip":[56],"Tiny Chest":2,"Turnip":[11],"PreservedInsect":143,"HandDrill":[16],"Kunai":[1],"Boot":[6],"obtain_stats":[{"AT_ATBox":0,"Torii":6,"AT_MibuBalloonWealth":26,"conspire:SpecialSausage":34,"ice":0,"Boot":41,"Burning Blood":0,"Gambling Chip":17,"Ring of Peace":42,"Tiny Chest":17,"HandDrill":22,"Kunai":54,"Replay:Wax Seal":44,"BargainBundle":53,"ReplayTheSpireMod:Ninjato":43,"NeowsBlessing":0,"Happy Flower":29,"ReplayTheSpireMod:CursedCoin":31,"PreservedInsect":47,"conspire:Boomerang":31,"White Beast Statue":17,"Calling Bell":17,"REME:ComplimentaryCards":0,"AT_LudenTempest":37,"Turnip":12,"Bag of Marbles":48,"CatCart":38},{"AT_ATBox":0,"Torii":5,"AT_MibuBalloonWealth":14,"conspire:SpecialSausage":17,"ice":0,"Boot":22,"Burning Blood":0,"Gambling Chip":10,"Ring of Peace":22,"Tiny Chest":10,"HandDrill":13,"Kunai":27,"Replay:Wax Seal":22,"BargainBundle":26,"ReplayTheSpireMod:Ninjato":22,"NeowsBlessing":0,"Happy Flower":15,"ReplayTheSpireMod:CursedCoin":16,"PreservedInsect":24,"conspire:Boomerang":16,"White Beast Statue":10,"Calling Bell":10,"REME:ComplimentaryCards":0,"AT_LudenTempest":19,"Turnip":8,"Bag of Marbles":25,"CatCart":20},{"AT_ATBox":0,"Torii":15,"AT_MibuBalloonWealth":57,"conspire:SpecialSausage":67,"ice":0,"Boot":83,"Burning Blood":0,"Gambling Chip":34,"Ring of Peace":83,"Tiny Chest":34,"HandDrill":51,"Kunai":98,"Replay:Wax Seal":83,"BargainBundle":96,"ReplayTheSpireMod:Ninjato":83,"NeowsBlessing":0,"Happy Flower":60,"ReplayTheSpireMod:CursedCoin":62,"PreservedInsect":89,"conspire:Boomerang":62,"White Beast Statue":34,"Calling Bell":34,"REME:ComplimentaryCards":0,"AT_LudenTempest":72,"Turnip":25,"Bag of Marbles":93,"CatCart":77}],"Burning Blood":142},"card_choices":[{"not_picked":["Iron Wave","AT_BodySlamDance"],"picked":"Whirlwind","floor":1},{"not_picked":["Rupture","Wild Strike","Havoc"],"picked":"SKIP","floor":2},{"not_picked":["Massacre","Flame Barrier"],"picked":"Shrug It Off","floor":3},{"not_picked":["Body Slam","AT_IchimonjiDouble","Run Through"],"picked":"SKIP","floor":5},{"not_picked":["AT_BodySlamDance","AT_IchimonjiDouble"],"picked":"ReplayTheSpireMod:Muscle Training","floor":6},{"not_picked":["Power Through","Replay:Many Hands"],"picked":"Havoc","floor":7},{"not_picked":["Run Through","Rampage"],"picked":"Pummel","floor":8},{"not_picked":["AT_BodySlamDance","Whirlwind"],"picked":"Heavy Blade","floor":12},{"not_picked":["AT_IchimonjiDouble","Shrug It Off"],"picked":"Flex","floor":14},{"not_picked":["Demonic Infusion","Juggernaut"],"picked":"Exhume","floor":16},{"not_picked":["True Grit+1","Hemokinesis"],"picked":"Warcry","floor":18},{"not_picked":["Havoc+1","Perfected Strike"],"picked":"Bloodletting","floor":19},{"not_picked":["Wild Strike","Clash"],"picked":"Heavy Blade","floor":21},{"not_picked":["AT_DiedThrough","Heavy Blade"],"picked":"ReplayTheSpireMod:Muscle Training","floor":25},{"not_picked":["Clash","Thunderclap"],"picked":"ReplayTheSpireMod:Muscle Training","floor":27},{"not_picked":["Reckless Charge+1","ReplayTheSpireMod:Strike From Hell"],"picked":"Twin Strike+1","floor":30},{"not_picked":["Hemogenesis","conspire:HitWhereItHurts"],"picked":"Immolate","floor":33},{"not_picked":["Shrug It Off","AT_BodySlamDance"],"picked":"Shockwave+1","floor":35},{"not_picked":["ReplayTheSpireMod:Stacked","Seeing Red+1"],"picked":"AT_ShrugMaster+1","floor":36},{"not_picked":["Run Through+1","Wild Strike+1"],"picked":"Warcry","floor":38},{"not_picked":["AT_IchimonjiDouble+1","Iron Wave+1"],"picked":"Searing Blow","floor":39},{"not_picked":["ReplayTheSpireMod:Corrosion Curse+1","Replay:Many Hands","Havoc+1"],"picked":"SKIP","floor":41},{"not_picked":["Metallicize+1","ReplayTheSpireMod:Strike From Hell+1"],"picked":"Thunderclap+1","floor":45},{"not_picked":["Heavy Blade","Shrug It Off+1","Anger"],"picked":"SKIP","floor":46},{"not_picked":["Anger","AT_ShrugMaster+1"],"picked":"Pommel Strike","floor":48},{"not_picked":["Anger","Feed"],"picked":"Uppercut+1","floor":54}],"player_experience":111271,"relics_obtained":[{"floor":6,"key":"Torii"},{"floor":12,"key":"Turnip"},{"floor":17,"key":"Tiny Chest"},{"floor":17,"key":"White Beast Statue"},{"floor":17,"key":"Gambling Chip"},{"floor":26,"key":"AT_MibuBalloonWealth"},{"floor":29,"key":"Happy Flower"},{"floor":38,"key":"CatCart"},{"floor":41,"key":"Boot"},{"floor":42,"key":"Ring of Peace"},{"floor":43,"key":"ReplayTheSpireMod:Ninjato"},{"floor":47,"key":"PreservedInsect"},{"floor":48,"key":"Bag of Marbles"},{"floor":54,"key":"Kunai"}],"event_choices":[{"damage_healed":0,"gold_gain":99,"player_choice":"Stole From Cult","damage_taken":0,"max_hp_gain":0,"max_hp_loss":0,"event_name":"Nest","floor":20,"gold_loss":0},{"damage_healed":0,"gold_gain":0,"player_choice":"Upgraded","damage_taken":0,"max_hp_gain":0,"max_hp_loss":0,"event_name":"Upgrade Shrine","floor":24,"gold_loss":0,"cards_upgraded":["Exhume"]},{"damage_healed":0,"gold_gain":0,"player_choice":"Fight","damage_taken":0,"max_hp_gain":0,"max_hp_loss":0,"event_name":"OrinTheCat","floor":38,"gold_loss":0}],"is_beta":false,"boss_relics":[{"not_picked":["Ring of Chaos","SacredBark"],"picked":"Calling Bell"},{"not_picked":["Velvet Choker","Ooze Armor"],"picked":"conspire:SpecialSausage"}],"items_purged_floors":[4,10,22,44,53],"is_endless":false,"potions_floor_spawned":[1,2,8,12,14,18,19,21,25,27,30,33,35,36,38,39,41,45,46,48,54],"ascension_level":0}}