{"host":"gfxjwtol062e9znw","time":1612182973,"event":{"mods":["BaseMod","Colored Map","Minty Spire (QoL Compilation)"],"gold_per_floor":[219,232,232,232,249,283,283,25,51,51,19,45,45,61,61,158,158,178,204,204,204,221,221,233,158,183,195,219,247,275,306,318,429,441,470,482,506,535,547,547],"floor_reached":39,"language":"ENG","playtime":2411,"items_purged":[],"score":550,"play_id":"22eb9b4d-5ad2-4a72-b767-71448899214f","local_time":"20210201233613","is_ascension_mode":true,"campfire_choices":[{"floor":7,"key":"REST"},{"data":"Ghostly Armor","floor":10,"key":"SMITH"},{"floor":13,"key":"REST"},{"data":"Metallicize","floor":15,"key":"SMITH"},{"floor":23,"key":"REST"},{"floor":27,"key":"REST"},{"floor":32,"key":"REST"}],"circlet_count":0,"master_deck":["Strike_R","Strike_R","Strike_R","Strike_R","Strike_R","Defend_R","Defend_R","Defend_R","Bash","Burning Pact","Ghostly Armor+1","Pommel Strike","Disarm","Metallicize+1","Uppercut+1","Barricade","Pommel Strike+1","Thunderclap+1","Armaments+1","Clumsy","Perfected Strike+1","Body Slam+1","Power Through","Double Tap","Flame Barrier+1","Decay","Wild Strike+1","Entrench+1"],"relics":["Burning Blood","Bronze Scales","Molten Egg 2","Boot","Lizard Tail","Cursed Key","Red Mask","MawBank","Sozu","Nunchaku"],"acts_visited":["Exordium","TheCity","TheBeyond"],"potions_floor_usage":[6,12,16,19,22,29,30,33,33,39],"damage_taken":[{"damage":2,"enemies":"2 Louse","floor":1,"turns":3},{"damage":5,"enemies":"Small Slimes","floor":2,"turns":3},{"damage":14,"enemies":"Jaw Worm","floor":5,"turns":5},{"damage":28,"enemies":"Gremlin Nob","floor":6,"turns":5},{"damage":31,"enemies":"Lagavulin","floor":12,"turns":7},{"damage":4,"enemies":"Red Slaver","floor":14,"turns":5},{"damage":12,"enemies":"The Guardian","floor":16,"turns":13},{"damage":3,"enemies":"Chosen","floor":18,"turns":4},{"damage":73,"enemies":"Masked Bandits","floor":19,"turns":7},{"damage":11,"enemies":"Spheric Guardian","floor":22,"turns":4},{"damage":35,"enemies":"Cultist and Chosen","floor":24,"turns":7},{"damage":26,"enemies":"3 Cultists","floor":28,"turns":6},{"damage":18,"enemies":"Sentry and Sphere","floor":29,"turns":6},{"damage":4,"enemies":"Centurion and Healer","floor":30,"turns":6},{"damage":8,"enemies":"Chosen and Byrds","floor":31,"turns":5},{"damage":59,"enemies":"Collector","floor":33,"turns":11},{"damage":13,"enemies":"Orb Walker","floor":35,"turns":4},{"damage":19,"enemies":"3 Darklings","floor":37,"turns":5},{"damage":0,"enemies":"Sphere and 2 Shapes","floor":38,"turns":5},{"damage":52,"enemies":"2 Orb Walkers","floor":39,"turns":3}],"seed_played":"5041932483539268955","potions_obtained":[{"floor":1,"key":"Energy Potion"},{"floor":6,"key":"DuplicationPotion"},{"floor":14,"key":"HeartOfIron"},{"floor":19,"key":"EntropicBrew"},{"floor":28,"key":"EssenceOfSteel"},{"floor":29,"key":"BlessingOfTheForge"},{"floor":33,"key":"SneckoOil"}],"is_trial":false,"path_per_floor":["M","M","?","?","M","E","R","$","T","R","?","E","R","M","R","B",null,"M","?","?","?","M","R","M","?","T","R","M","M","M","M","R","B",null,"M","T","M","M","?"],"character_chosen":"IRONCLAD","items_purchased":["Molten Egg 2"],"campfire_rested":5,"item_purchase_floors":[8],"current_hp_per_floor":[76,77,77,70,62,40,64,64,64,64,64,39,63,65,65,59,75,78,11,11,11,46,70,41,41,41,65,45,33,35,33,57,20,65,58,58,45,51,0,0],"gold":547,"neow_bonus":"HUNDRED_GOLD","is_daily":false,"chose_seed":false,"campfire_upgraded":2,"win_rate":0.0,"timestamp":1612182973,"path_taken":["M","M","?","?","M","E","R","$","T","R","?","E","R","M","R","BOSS","M","?","?","?","M","R","M","?","T","R","?","M","M","M","R","BOSS","M","?","M","M","?"],"items_purchased_type":["Relic"],"build_version":"2020-12-22","purchased_purges":0,"victory":false,"max_hp_per_floor":[80,80,80,80,80,80,80,80,80,80,80,80,80,80,80,80,80,80,80,80,80,80,80,80,80,80,80,80,80,80,80,80,80,80,80,80,80,80,80,80],"card_choices":[{"not_picked":["Feel No Pain","Intimidate"],"picked":"Burning Pact","floor":1},{"not_picked":["Headbutt","Thunderclap"],"picked":"Ghostly Armor","floor":2},{"not_picked":["True Grit","Blood for Blood"],"picked":"Pommel Strike","floor":5},{"not_picked":["Thunderclap","Infernal Blade"],"picked":"Disarm","floor":6},{"not_picked":["Exhume","Clothesline+1"],"picked":"Metallicize","floor":12},{"not_picked":["Sword Boomerang+1","Dual Wield"],"picked":"Uppercut+1","floor":14},{"not_picked":["Impervious","Corruption"],"picked":"Barricade","floor":16},{"not_picked":["Heavy Blade+1","Intimidate","Anger+1"],"picked":"SKIP","floor":18},{"not_picked":["Headbutt+1","Carnage+1"],"picked":"Pommel Strike+1","floor":19},{"not_picked":["Rampage+1","Perfected Strike+1"],"picked":"Thunderclap+1","floor":22},{"not_picked":["Rage","Berserk"],"picked":"Armaments+1","floor":24},{"not_picked":["Flex","Rage"],"picked":"Perfected Strike+1","floor":28},{"not_picked":["Uppercut+1","Warcry","Evolve"],"picked":"SKIP","floor":29},{"not_picked":["Sword Boomerang+1","Warcry"],"picked":"Body Slam+1","floor":30},{"not_picked":["Searing Blow+1","Headbutt+1"],"picked":"Power Through","floor":31},{"not_picked":["Demon Form","Reaper+1"],"picked":"Double Tap","floor":33},{"not_picked":["Power Through","Burning Pact"],"picked":"Flame Barrier+1","floor":35},{"not_picked":["Rage","Pommel Strike+1"],"picked":"Wild Strike+1","floor":37},{"not_picked":["Power Through","Shockwave"],"picked":"Entrench+1","floor":38}],"player_experience":57149,"relics_obtained":[{"floor":6,"key":"Bronze Scales"},{"floor":9,"key":"Boot"},{"floor":12,"key":"Lizard Tail"},{"floor":19,"key":"Red Mask"},{"floor":26,"key":"MawBank"},{"floor":36,"key":"Nunchaku"}],"event_choices":[{"damage_healed":0,"gold_gain":0,"player_choice":"Ignored","damage_taken":0,"max_hp_gain":0,"max_hp_loss":0,"event_name":"Liars Game","floor":3,"gold_loss":0},{"cards_removed":["Defend_R"],"damage_healed":0,"gold_gain":0,"player_choice":"Card Removal","damage_taken":7,"max_hp_gain":0,"max_hp_loss":0,"event_name":"Golden Wing","floor":4,"gold_loss":0},{"damage_healed":0,"gold_gain":0,"player_choice":"Left Gold","damage_taken":0,"max_hp_gain":0,"max_hp_loss":0,"event_name":"World of Goop","floor":11,"gold_loss":32},{"damage_healed":0,"gold_gain":0,"player_choice":"Fought Bandits","damage_taken":0,"max_hp_gain":0,"max_hp_loss":0,"event_name":"Masked Bandits","floor":19,"gold_loss":0},{"damage_healed":0,"gold_gain":0,"player_choice":"Smashed Altar","damage_taken":0,"max_hp_gain":0,"max_hp_loss":0,"event_name":"Forgotten Altar","floor":20,"gold_loss":0,"cards_obtained":["Decay"]},{"damage_healed":0,"gold_gain":0,"player_choice":"Ignored","damage_taken":0,"max_hp_gain":0,"max_hp_loss":0,"event_name":"Ghosts","floor":21,"gold_loss":0},{"cards_removed":["Decay"],"damage_healed":0,"gold_gain":0,"player_choice":"Gave Gold","damage_taken":0,"max_hp_gain":0,"max_hp_loss":0,"event_name":"Beggar","floor":25,"gold_loss":75},{"damage_healed":0,"gold_gain":0,"player_choice":"Fight","damage_taken":0,"max_hp_gain":0,"max_hp_loss":0,"event_name":"Mysterious Sphere","floor":39,"gold_loss":0}],"is_beta":false,"boss_relics":[{"not_picked":["Runic Pyramid","Calling Bell"],"picked":"Cursed Key"},{"not_picked":["Philosopher\u0027s Stone","Empty Cage"],"picked":"Sozu"}],"items_purged_floors":[],"is_endless":false,"potions_floor_spawned":[1,6,14,19,28,29,33,35,37],"killed_by":"2 Orb Walkers","ascension_level":8}}