{"host":"d5i1qeb9dejicw1z","time":1612210994,"event":{"mods":["AchievementEnabler","BaseMod","Better Note","BetterRewards","Evolution","Gold Saver","Minty Spire (QoL Compilation)","Permanent Neow","Relic Filter Mod","Reliquary","StSLib"],"gold_per_floor":[796,807,821,281,281,309,309,339,339,339,355,355,375,136,136,213,213,213,163,163,163,60,60,60,19,19,19,19,19,19,19,19,19,19,19,19,19,19,19,19,19,19,19,19,19,19,0,0,0,0,0],"floor_reached":50,"language":"ENG","playtime":1540,"items_purged":["Zap"],"score":1215,"play_id":"4202613e-f68e-48e3-81e8-5744310ac2dd","local_time":"20210201122314","is_ascension_mode":true,"campfire_choices":[{"floor":7,"key":"REST"},{"data":"Conserve Battery","floor":10,"key":"SMITH"},{"floor":12,"key":"REST"},{"data":"Defragment","floor":15,"key":"SMITH"},{"data":"Capacitor","floor":23,"key":"SMITH"},{"floor":29,"key":"REST"},{"data":"Loop","floor":32,"key":"SMITH"},{"data":"1","floor":40,"key":"LIFT"},{"floor":45,"key":"REST"},{"floor":49,"key":"REST"}],"circlet_count":0,"master_deck":["AscendersBane","Ball Lightning+1","Ball Lightning+1","Ball Lightning+1","Ball Lightning+1","Conserve Battery+1","Conserve Battery+1","Conserve Battery+1","Conserve Battery+1","Dualcast+1","BootSequence+1","Defragment+1","Capacitor+1","Loop+1","Thunder Strike","Static Discharge+1"],"relics":["Cracked Core","EVO:Axolotl","Lantern","Membership Card","Torii","Whetstone","Bird Faced Urn","Whetstone","Sling","Calipers","Ectoplasm","War Paint","Pocketwatch","Singing Bowl","CeramicFish","Unceasing Top","Inserter","Girya","Bottled Tornado","Ice Cream","Red Mask"],"acts_visited":["Exordium","TheCity","TheBeyond"],"potions_floor_usage":[6,6,21,31,35,41,42,50],"damage_taken":[{"damage":0,"enemies":"Cultist","floor":1,"turns":2},{"damage":0,"enemies":"Small Slimes","floor":2,"turns":2},{"damage":0,"enemies":"Jaw Worm","floor":3,"turns":2},{"damage":12,"enemies":"Lagavulin","floor":6,"turns":4},{"damage":11,"enemies":"3 Sentries","floor":8,"turns":5},{"damage":0,"enemies":"Looter","floor":11,"turns":2},{"damage":0,"enemies":"Lots of Slimes","floor":13,"turns":2},{"damage":0,"enemies":"Slime Boss","floor":16,"turns":6},{"damage":0,"enemies":"Spheric Guardian","floor":18,"turns":3},{"damage":0,"enemies":"Chosen","floor":20,"turns":3},{"damage":0,"enemies":"Centurion and Healer","floor":21,"turns":5},{"damage":23,"enemies":"Slavers","floor":24,"turns":6},{"damage":10,"enemies":"Snake Plant","floor":27,"turns":4},{"damage":13,"enemies":"Sentry and Sphere","floor":28,"turns":4},{"damage":11,"enemies":"Gremlin Leader","floor":31,"turns":4},{"damage":20,"enemies":"Collector","floor":33,"turns":9},{"damage":24,"enemies":"3 Darklings","floor":35,"turns":5},{"damage":7,"enemies":"Mind Bloom Boss Battle","floor":37,"turns":5},{"damage":0,"enemies":"Orb Walker","floor":39,"turns":3},{"damage":1,"enemies":"Sphere and 2 Shapes","floor":41,"turns":4},{"damage":33,"enemies":"Reptomancer","floor":42,"turns":5},{"damage":31,"enemies":"4 Shapes","floor":46,"turns":5},{"damage":42,"enemies":"3 Darklings","floor":48,"turns":4},{"damage":56,"enemies":"Awakened One","floor":50,"turns":2}],"seed_played":"8650773999633694887","potions_obtained":[{"floor":1,"key":"ColorlessPotion"},{"floor":2,"key":"Dexterity Potion"},{"floor":16,"key":"ColorlessPotion"},{"floor":18,"key":"Energy Potion"},{"floor":20,"key":"PowerPotion"},{"floor":28,"key":"PowerPotion"},{"floor":37,"key":"Energy Potion"},{"floor":39,"key":"Block Potion"},{"floor":46,"key":"LiquidBronze"}],"is_trial":false,"path_per_floor":["M","M","M","$","?","E","R","E","T","R","M","R","M","$","R","B",null,"M","?","M","M","$","R","E","$","T","M","M","R","T","E","R","B",null,"M","$","?","?","M","R","M","E","T","$","R","M","?","M","R","B"],"character_chosen":"DEFECT","items_purchased":["Lantern","Membership Card","Torii","Sling","Calipers","Capacitor","War Paint","Loop"],"campfire_rested":5,"item_purchase_floors":[4,4,4,14,14,22,22,25],"current_hp_per_floor":[68,68,68,68,45,33,55,44,44,44,44,66,66,66,66,68,73,75,75,75,75,75,75,56,56,56,54,49,72,72,68,68,54,73,57,57,58,58,66,66,73,46,46,46,72,51,51,19,46,0,0],"gold":0,"neow_bonus":"HUNDRED_GOLD","is_daily":false,"chose_seed":false,"campfire_upgraded":4,"win_rate":0.0,"timestamp":1612210994,"path_taken":["M","?","M","$","?","E","R","E","T","R","M","R","M","$","R","BOSS","M","?","M","?","$","R","E","?","T","M","M","R","?","E","R","BOSS","M","$","?","?","M","R","M","E","T","?","R","?","?","M","R","BOSS"],"items_purchased_type":["Relic","Relic","Relic","Relic","Relic","Card","Relic","Card"],"build_version":"2020-12-22","purchased_purges":1,"victory":false,"max_hp_per_floor":[75,75,75,75,75,75,75,75,75,75,75,75,75,75,75,75,75,75,75,75,75,75,75,75,75,75,77,79,79,79,79,79,79,79,81,81,83,83,85,85,87,87,87,87,87,89,89,91,91,91,91],"card_choices":[{"not_picked":["Recycle","Go for the Eyes","White Noise"],"picked":"SKIP","floor":1},{"not_picked":["Turbo","Cold Snap","Redo"],"picked":"SKIP","floor":2},{"not_picked":["Rip and Tear","Coolheaded","Go for the Eyes"],"picked":"SKIP","floor":3},{"not_picked":["Hologram","Heatsinks","Melter"],"picked":"SKIP","floor":6},{"not_picked":["Rebound","Chill"],"picked":"BootSequence","floor":8},{"not_picked":["Compile Driver","Turbo","Hologram"],"picked":"SKIP","floor":11},{"not_picked":["Turbo","Cold Snap"],"picked":"Defragment","floor":13},{"not_picked":["Conserve Battery","Streamline","Genetic Algorithm"],"picked":"SKIP","floor":18},{"not_picked":["BootSequence","Hello World","Cold Snap"],"picked":"SKIP","floor":20},{"not_picked":["Conserve Battery","Ball Lightning","Gash"],"picked":"SKIP","floor":21},{"not_picked":["Double Energy+1","Streamline","Biased Cognition"],"picked":"SKIP","floor":24},{"not_picked":["Blizzard","Sweeping Beam","Conserve Battery"],"picked":"Singing Bowl","floor":27},{"not_picked":["Hologram","Stack","Cold Snap"],"picked":"Singing Bowl","floor":28},{"not_picked":["Redo","Streamline"],"picked":"Auto Shields+1","floor":31},{"not_picked":["Meteor Strike","Hyperbeam"],"picked":"Thunder Strike","floor":33},{"not_picked":["Sweeping Beam","Barrage","Stack"],"picked":"Singing Bowl","floor":35},{"not_picked":["Streamline","Redo","Conserve Battery"],"picked":"Singing Bowl","floor":37},{"not_picked":["Barrage","Redo+1","Static Discharge"],"picked":"Singing Bowl","floor":39},{"not_picked":["Skim","Sweeping Beam+1","Rebound+1"],"picked":"Singing Bowl","floor":41},{"not_picked":["Rip and Tear","Cold Snap"],"picked":"Static Discharge+1","floor":42},{"not_picked":["Go for the Eyes","Redo","Recycle+1"],"picked":"Singing Bowl","floor":46},{"not_picked":["Rip and Tear","Streamline","Recycle"],"picked":"Singing Bowl","floor":48}],"player_experience":1226318,"relics_obtained":[{"floor":6,"key":"Whetstone"},{"floor":8,"key":"Bird Faced Urn"},{"floor":9,"key":"reliquary:SculptingSteel"},{"floor":24,"key":"Pocketwatch"},{"floor":26,"key":"Singing Bowl"},{"floor":30,"key":"CeramicFish"},{"floor":31,"key":"Unceasing Top"},{"floor":37,"key":"Girya"},{"floor":42,"key":"Bottled Tornado"},{"floor":43,"key":"Ice Cream"}],"event_choices":[{"damage_healed":0,"gold_gain":0,"player_choice":"Entered Light","damage_taken":23,"max_hp_gain":0,"max_hp_loss":0,"event_name":"Shining Light","floor":5,"gold_loss":0,"cards_upgraded":["Dualcast","Ball Lightning"]},{"damage_healed":0,"gold_gain":0,"player_choice":"Upgraded Two","damage_taken":0,"max_hp_gain":0,"max_hp_loss":0,"event_name":"Designer","floor":19,"gold_loss":50,"cards_upgraded":["Conserve Battery","BootSequence"]},{"damage_healed":0,"gold_gain":0,"player_choice":"Fight","damage_taken":0,"max_hp_gain":0,"max_hp_loss":0,"event_name":"MindBloom","floor":37,"gold_loss":0},{"cards_removed":["Auto Shields"],"damage_healed":0,"gold_gain":0,"player_choice":"Removed Skill","damage_taken":0,"max_hp_gain":0,"max_hp_loss":0,"event_name":"Falling","floor":38,"gold_loss":0},{"damage_healed":0,"gold_gain":0,"player_choice":"Paid","damage_taken":0,"relics_obtained":["Red Mask"],"max_hp_gain":0,"max_hp_loss":0,"event_name":"Tomb of Lord Red Mask","floor":47,"gold_loss":19}],"is_beta":false,"boss_relics":[{"not_picked":["reliquary:WritOfMandamus","reliquary:Craggleroot"],"picked":"Ectoplasm"},{"not_picked":["Sozu","SlaversCollar"],"picked":"Inserter"}],"items_purged_floors":[4],"is_endless":false,"potions_floor_spawned":[1,2,16,18,20,28,37,39,46],"killed_by":"Awakened One","ascension_level":20}}