{"host":"1a1fa2nogmb21qcw","time":1612151427,"event":{"mods":["AchievementEnabler","BaseMod","Better Match","Better Note","Better Sensory Stone","Better Vampires","Block Reminder","Colored Map","Colored Powertips","Downfall","Infinite Spire","Key Reminder","Minty Spire (QoL Compilation)","RRrroohrrRGHHhhh!!","Rare Cards Sparkle","Relic Stats","Remove Card Discount Mod","Replay The Spire","Shop Mod","StSLib","Swap Starting Deck Mod","The Disciple","The Necromancer","The Servant 0.9.4"],"gold_per_floor":[99,115,56,56,56,74,74,74,86,21,38,53,53,66,83,183,183,83,101,78,95,95,108,131,131,141,141,161,161,161,177,197,296,296,296,346,366,48,59,109,109,159,159,159,159],"floor_reached":43,"language":"ENG","playtime":5486,"items_purged":["champ:Strike","champ:Defend","champ:Defend","champ:Defend","champ:Strike","champ:Strike","champ:Defend","champ:Execute","champ:EndlessRage","infinitespire:UltimateForm"],"score":447,"play_id":"08559645-41f8-4062-bde5-db8e73da320d","local_time":"20210131225027","daily_mods":["Heirloom"],"is_ascension_mode":false,"campfire_choices":[{"floor":1.0,"key":"RECALL"},{"data":"champ:Taunt","floor":8.0,"key":"SMITH"},{"data":"champ:Duel","floor":13.0,"key":"SMITH"},{"data":"champ:StrikeOfGenius","floor":18.0,"key":"SMITH"},{"data":"champ:ShieldSigil","floor":27.0,"key":"SMITH"},{"data":"champ:TripleStrike","floor":30.0,"key":"SMITH"},{"data":"champ:VampiricStrike","floor":35.0,"key":"SMITH"}],"circlet_count":0,"master_deck":["champ:Taunt+1","champ:Endure","champ:HeartStrike","champ:DefensiveStyle","champ:Shatter","champ:RisingSlash","champ:ShieldSigil+1","champ:StrikeOfGenius+1","champ:Duel+1","champ:BerserkerStyle","champ:TripleStrike+1","champ:FancyFootwork+1","champ:BringItOn","champ:VampiricStrike+1","expansioncontent:Hexaburn","Hallucinations"],"relics":["champ:ChampionCrownUpgraded","TungstenRod","keyreminder:keyreminder","infinitespire:Beetle Shell","downfall:HeartBlessingRed","Lee\u0027s Waffle","Replay:Bronze Core","Replay:Baseball","downfall:KnowingSkull","SsserpentHead","MerchantsRug","Bag of Preparation","Garlic","ReplayTheSpireMod:Ring of Challenge"],"acts_visited":["Exordium","TheCity","TheBeyond"],"potions_floor_usage":[39,43],"damage_taken":[{"damage":15.0,"enemies":"Small Slimes","floor":2.0,"turns":4.0},{"damage":20.0,"enemies":"downfall:FleeingMerchant","floor":3.0,"turns":4.0},{"damage":25.0,"enemies":"2 Louse","floor":6.0,"turns":4.0},{"damage":12.0,"enemies":"Cultist","floor":9.0,"turns":5.0},{"damage":20.0,"enemies":"downfall:FleeingMerchant","floor":10.0,"turns":4.0},{"damage":18.0,"enemies":"2 Fungi Beasts","floor":11.0,"turns":4.0},{"damage":29.0,"enemies":"Large Slime","floor":12.0,"turns":5.0},{"damage":41.0,"enemies":"Gremlin Gang","floor":14.0,"turns":4.0},{"damage":0.0,"enemies":"2 Fungi Beasts","floor":15.0,"turns":3.0},{"damage":82.0,"enemies":"DF_ARCHETYPE_STREAMLINE","floor":16.0,"turns":8.0},{"damage":30.0,"enemies":"Spheric Guardian","floor":19.0,"turns":3.0},{"damage":41.0,"enemies":"downfall:FleeingMerchant","floor":20.0,"turns":4.0},{"damage":30.0,"enemies":"Centurion and Healer","floor":21.0,"turns":4.0},{"damage":36.0,"enemies":"Sentry and Sphere","floor":23.0,"turns":3.0},{"damage":48.0,"enemies":"3 Cultists","floor":26.0,"turns":6.0},{"damage":44.0,"enemies":"Centurion and Healer","floor":28.0,"turns":4.0},{"damage":28.0,"enemies":"Snecko","floor":31.0,"turns":3.0},{"damage":31.0,"enemies":"3 Cultists","floor":32.0,"turns":3.0},{"damage":30.0,"enemies":"WA_ARCHETYPE_CALM","floor":33.0,"turns":7.0},{"damage":56.0,"enemies":"3 Shapes","floor":37.0,"turns":4.0},{"damage":62,"enemies":"downfall:FleeingMerchant","floor":38,"turns":5},{"damage":34,"enemies":"3 Darklings","floor":39,"turns":5},{"damage":132,"enemies":"Reptomancer","floor":43,"turns":5}],"seed_played":"-727852485797483538","potions_obtained":[{"floor":2.0,"key":"PowerPotion"},{"floor":14.0,"key":"SkillPotion"},{"floor":15.0,"key":"champ:OpenerPotion"},{"floor":16.0,"key":"Guardian:BlockOnCardUsePotion"},{"floor":19.0,"key":"DistilledChaos"},{"floor":21.0,"key":"champ:UltimateStancePotion"},{"floor":33.0,"key":"SkillPotion"}],"is_trial":true,"path_per_floor":["R","M","$","?","?","M","T","R","M","$","M","M","R","M","M","B",null,"R","M","$","M","AVR","M","T","?","M","R","M","?","R","M","M","B",null,"R","?","M","$","M","?","T","?","E"],"character_chosen":"THE_CHAMP","items_purchased":["champ:HeartStrike","champ:ShieldSigil","MerchantsRug","Bag of Preparation"],"campfire_rested":0,"item_purchase_floors":[3,10,38,38],"current_hp_per_floor":[90,90,89,89,89,88,88,88,86,86,88,79,79,73,73,46,90,90,81,75,45,97,97,97,89,62,62,71,71,71,71,75,80,97,97,75,70,82,89,89,89,89,0,0,0],"gold":159,"neow_bonus":"","is_daily":false,"chose_seed":false,"campfire_upgraded":6,"win_rate":0.0,"timestamp":1612151427,"path_taken":["R","M","$","?","?","?","T","R","M","$","M","M","R","M","M","BOSS","R","M","$","M","AVR","M","T","?","M","R","?","?","R","M","M","BOSS","R","?","M","$","M","?","T","?","E"],"items_purchased_type":["Card","Card","Relic","Relic"],"build_version":"2020-12-22","purchased_purges":10,"victory":false,"max_hp_per_floor":[90,90,90,90,90,90,90,90,90,90,90,90,90,90,90,90,90,90,90,90,90,97,97,97,97,97,97,97,97,97,97,97,97,97,97,97,97,97,97,97,97,97,97,97,97],"relic_stats":{"SsserpentHead":150,"Lee\u0027s Waffle":52,"counters":[23,100],"Bag of Preparation":[4],"obtain_stats":[{"MerchantsRug":38,"Lee\u0027s Waffle":22,"downfall:HeartBlessingRed":18,"champ:ChampionCrown":0,"infinitespire:Beetle Shell":7,"champ:ChampionCrownUpgraded":34,"Bag of Preparation":38,"keyreminder:keyreminder":1,"SsserpentHead":29,"Replay:Baseball":24,"Replay:Bronze Core":22,"downfall:KnowingSkull":25,"Garlic":41,"ReplayTheSpireMod:Ring of Challenge":42,"TungstenRod":0},{"MerchantsRug":21,"Lee\u0027s Waffle":13,"downfall:HeartBlessingRed":10,"champ:ChampionCrown":0,"infinitespire:Beetle Shell":3,"champ:ChampionCrownUpgraded":19,"Bag of Preparation":21,"keyreminder:keyreminder":0,"SsserpentHead":16,"Replay:Baseball":14,"Replay:Bronze Core":13,"downfall:KnowingSkull":14,"Garlic":22,"ReplayTheSpireMod:Ring of Challenge":22,"TungstenRod":0},{"MerchantsRug":90,"Lee\u0027s Waffle":56,"downfall:HeartBlessingRed":45,"champ:ChampionCrown":0,"infinitespire:Beetle Shell":12,"champ:ChampionCrownUpgraded":82,"Bag of Preparation":90,"keyreminder:keyreminder":0,"SsserpentHead":69,"Replay:Baseball":59,"Replay:Bronze Core":56,"downfall:KnowingSkull":59,"Garlic":95,"ReplayTheSpireMod:Ring of Challenge":95,"TungstenRod":0}],"TungstenRod":160},"card_choices":[{"not_picked":["champ:CalledShot","champ:PreemptiveStrike"],"picked":"champ:EndlessRage","floor":2.0},{"not_picked":["champ:Backstep","champ:SwordThrow"],"picked":"champ:Endure","floor":3.0},{"not_picked":["champ:ShieldSigil","champ:AdrenalArmor"],"picked":"champ:DefensiveStyle","floor":6.0},{"not_picked":["champ:FanOfKnives","champ:PreciseThrust"],"picked":"champ:Shatter","floor":9.0},{"not_picked":["champ:AdrenalArmor","champ:Backstep"],"picked":"champ:RisingSlash","floor":10.0},{"not_picked":["champ:FancyFootwork","champ:DeathBlow"],"picked":"champ:StrikeOfGenius","floor":11.0},{"not_picked":["champ:Shatter","champ:Backstep"],"picked":"champ:Duel","floor":12.0},{"not_picked":["champ:EndlessRage","champ:FocusedDefense","champ:FancyFootwork"],"picked":"SKIP","floor":14.0},{"not_picked":["champ:ShieldSigil","champ:PerfectedStrike"],"picked":"champ:BerserkerStyle","floor":15.0},{"not_picked":["champ:HeavySlash","champ:EnchantShield"],"picked":"champ:TripleStrike","floor":16.0},{"not_picked":["champ:ShieldSigil+1","champ:BerserkersShout","champ:FocusedDefense+1"],"picked":"SKIP","floor":19.0},{"not_picked":["champ:RecklessLeap","champ:FanOfKnives"],"picked":"champ:FancyFootwork+1","floor":20.0},{"not_picked":["champ:RecklessLeap","champ:FanOfKnives+1","champ:FlashCut"],"picked":"SKIP","floor":21.0},{"not_picked":["champ:Backstep","champ:BerserkersShout","champ:FlashCut"],"picked":"SKIP","floor":23.0},{"not_picked":["champ:Improvising","champ:StanceDance","champ:FancyFootwork"],"picked":"SKIP","floor":26.0},{"not_picked":["champ:FanOfKnives","champ:RageSigil","champ:IronFortress"],"picked":"SKIP","floor":28.0},{"not_picked":["champ:FancyFootwork+1","champ:RapidStrikes","champ:Backstep"],"picked":"SKIP","floor":31.0},{"not_picked":["champ:Shatter","champ:PerfectedStrike"],"picked":"champ:BringItOn","floor":32.0},{"not_picked":["champ:CheapShot","champ:Improvising"],"picked":"champ:VampiricStrike","floor":33.0},{"not_picked":["ReplayTheSpireMod:Echoes of Time","ReplayTheSpireMod:Haul"],"picked":"infinitespire:UltimateForm","floor":36.0},{"not_picked":["champ:FanOfKnives","champ:Parry+1","champ:AdrenalArmor+1"],"picked":"SKIP","floor":37},{"not_picked":["champ:AdrenalArmor+1","champ:FocusedDefense","champ:FaceSlap"],"picked":"SKIP","floor":38},{"not_picked":["champ:EnGarde","champ:BerserkersShout+1","champ:DefensiveStyle+1"],"picked":"SKIP","floor":39},{"not_picked":["Replay:SS_hec_1","expansioncontent:YouAreMine"],"picked":"expansioncontent:Hexaburn","floor":40}],"player_experience":829133,"relics_obtained":[{"floor":7.0,"key":"infinitespire:Beetle Shell"},{"floor":24.0,"key":"Replay:Baseball"},{"floor":41,"key":"Garlic"},{"floor":42,"key":"ReplayTheSpireMod:Ring of Challenge"}],"event_choices":[{"damage_healed":0.0,"max_hp_gain":0.0,"max_hp_loss":0.0,"gold_gain":0.0,"event_name":"FaceTrader","player_choice":"Trade","floor":29.0,"gold_loss":0.0,"damage_taken":0.0,"relics_obtained":["SsserpentHead"]}],"is_beta":false,"boss_relics":[{"not_picked":["bronze:MakeshiftBattery","Snecko Heart","Replay:Drink Me"]},{"not_picked":["ChewingGum","rorgmod:Empty Cage"],"picked":"champ:ChampionCrownUpgraded"}],"items_purged_floors":[3,3,3,3,20,20,20,20,22,38],"is_endless":false,"potions_floor_spawned":[2,12,14,15,16,19,21,33],"killed_by":"Reptomancer","ascension_level":0}}