{"host":"36zn1fhase90d3ns","time":1612154060,"event":{"mods":["2.2 Compatiblity","AchievementEnabler","Act Like it!","Aspiration","BaseMod","BetterRewards","Block Reminder","Colored Map","Colored Powertips","Conspire","Curses Come First","Custom Start","Dark Map","Energized Spire","Friendly Minions","Halation","Hermit","Hubris","Minty Spire (QoL Compilation)","Prisma Mod","Quick Restart","Relic Sorter","Reliquary","Remilia??????","Replay The Spire","Spicy Shops","StSLib","The Necromancer","Unceasing Turn Reminder","Yohane!","??????REMEMod"],"gold_per_floor":[111,43,56,56,71,71,106,106,176,176,30,30,56,56,56,154,254,270,370,381,396,416,443,443,470,470,470,481,481,501,521,521,624,624,639,639,654,671,682,682,714,714,714,714,748,767,796,816,816,816],"floor_reached":51,"language":"ENG","playtime":2062,"items_purged":["Strike_B","Strike_B"],"score":968,"play_id":"3217e47c-d709-4154-a145-8934d3e090d1","local_time":"20210131223420","is_ascension_mode":true,"campfire_choices":[{"floor":6,"key":"REST"},{"floor":8,"key":"REST"},{"floor":10,"key":"REST"},{"floor":15,"key":"RECALL"},{"floor":24,"key":"REST"},{"floor":27,"key":"REST"},{"data":"White Noise","floor":29,"key":"SMITH"},{"data":"Defragment","floor":32,"key":"SMITH"},{"data":"Static Discharge","floor":40,"key":"SMITH"},{"floor":42,"key":"REST"},{"floor":44,"key":"REST"},{"data":"REME_FirmDetermination","floor":49,"key":"SMITH"}],"circlet_count":0,"master_deck":["Defend_B+1","Defend_B","Defend_B+2","Zap+1","Dualcast+1","conspire:Purge","Capacitor+1","REME_FirmDetermination+1","hubris:Ukulele","ReplayTheSpireMod:Dual Polarity+1","Defragment+1","White Noise+1","Ball Lightning+1","Capacitor+1","hubris:Ukulele+1","Static Discharge+1","Electrodynamics"],"relics":["Cracked Core","REME_ComplimentaryCards","Simple Rune","BargainBundle","hubris:Spice","Gremlin Food","ReplayFunnel","aspiration:Nostalgia","Iron Core","reliquary:RosewoodLute","Replay:Wanted Poster","reliquary:PrincelyHelmet","conspire:SeveredTorchhead","Bottled Lightning","halation:AfternoonTea"],"acts_visited":["Exordium","TheCity","TheBeyond"],"potions_floor_usage":[7,28,38,41],"damage_taken":[{"damage":10,"enemies":"2 Louse","floor":1,"turns":3},{"damage":0,"enemies":"Cultist","floor":3,"turns":4},{"damage":8,"enemies":"Jaw Worm","floor":5,"turns":4},{"damage":14,"enemies":"Lagavulin","floor":7,"turns":4},{"damage":13,"enemies":"3 Sentries","floor":13,"turns":6},{"damage":10,"enemies":"The Guardian","floor":16,"turns":8},{"damage":14,"enemies":"2 Thieves","floor":18,"turns":5},{"damage":6,"enemies":"conspire:FuzzyDice","floor":20,"turns":5},{"damage":6,"enemies":"conspire:HollyBat","floor":21,"turns":6},{"damage":11,"enemies":"Shelled Parasite and Fungi","floor":22,"turns":5},{"damage":25,"enemies":"Gremlin Leader","floor":23,"turns":5},{"damage":0,"enemies":"REME_1_Revenger","floor":25,"turns":3},{"damage":0,"enemies":"Sentry and Sphere","floor":28,"turns":5},{"damage":0,"enemies":"conspire:HollyBat","floor":30,"turns":4},{"damage":0,"enemies":"Centurion and Healer","floor":31,"turns":3},{"damage":6,"enemies":"Automaton","floor":33,"turns":6},{"damage":10,"enemies":"3 Shapes","floor":35,"turns":4},{"damage":10,"enemies":"3 Darklings","floor":37,"turns":4},{"damage":5,"enemies":"4 Shapes","floor":38,"turns":5},{"damage":11,"enemies":"Writhing Mass","floor":39,"turns":4},{"damage":14,"enemies":"R_Hoarder","floor":41,"turns":6},{"damage":0,"enemies":"Giant Head","floor":45,"turns":5},{"damage":0,"enemies":"Maw","floor":46,"turns":3},{"damage":0,"enemies":"R_Hoarder","floor":47,"turns":4},{"damage":0,"enemies":"Sphere and 2 Shapes","floor":48,"turns":4},{"damage":21,"enemies":"Time Eater","floor":50,"turns":4}],"seed_played":"3711181884392730017","potions_obtained":[{"floor":5,"key":"EssenceOfSteel"},{"floor":7,"key":"LiquidMemories"},{"floor":18,"key":"Dexterity Potion"},{"floor":28,"key":"SkillPotion"},{"floor":38,"key":"AttackPotion"},{"floor":46,"key":"FocusPotion"}],"is_trial":false,"path_per_floor":["M","$","M","?","M","R","E","R","T","R","$","?","E","$","R","B",null,"M","?","M","M","M","E","R","E","T","R","M","R","M","M","R","B",null,"M","?","M","M","M","R","E","R","T","R","E","M","E","M","R","B",null],"character_chosen":"DEFECT","items_purchased":["Simple Rune","BargainBundle","hubris:Spice","Capacitor","REME_FirmDetermination","Gremlin Food","Fire Potion","Block Potion","Cursed Concoction","FIFO Queue","aspiration:Nostalgia"],"campfire_rested":7,"item_purchase_floors":[0,0,0,0,0,0,0,0,0,2,11],"current_hp_per_floor":[38,38,38,38,30,54,40,64,64,83,83,83,70,70,70,60,83,69,69,63,57,46,21,45,53,53,77,77,77,77,77,77,71,83,73,81,71,66,55,55,41,65,65,83,83,83,83,83,83,62],"gold":816,"neow_bonus":"","is_daily":false,"chose_seed":false,"campfire_upgraded":4,"win_rate":0.0,"timestamp":1612154060,"path_taken":["M","$","M","?","?","R","E","R","T","R","$","?","E","?","R","BOSS","M","?","M","M","M","E","R","E","T","R","M","R","?","M","R","BOSS","M","?","?","M","?","R","E","R","T","R","E","M","E","M","R","BOSS"],"items_purchased_type":["Relic","Relic","Relic","Card","Card","Relic","Potion","Potion","Potion","Card","Relic"],"build_version":"2020-12-22","purchased_purges":2,"victory":true,"max_hp_per_floor":[83,83,83,83,83,83,83,83,83,83,83,83,83,83,83,83,83,83,83,83,83,83,83,83,91,83,83,83,83,83,83,83,83,83,83,83,83,83,83,83,83,83,83,83,83,83,83,83,83,83],"card_choices":[{"not_picked":["Hologram","Sweeping Beam"],"picked":"hubris:Ukulele","floor":1},{"not_picked":["Cold Snap","ReplayTheSpireMod:Calculation Training","conspire:Rain"],"picked":"SKIP","floor":3},{"not_picked":["Skim","Panic Button","Fusion"],"picked":"SKIP","floor":5},{"not_picked":["ReplaySort","hubris:Prefetch","conspire:SharedLibrary"],"picked":"SKIP","floor":7},{"not_picked":["BasicCrystalCard","Panic Button"],"picked":"ReplayTheSpireMod:Dual Polarity","floor":13},{"not_picked":["Hologram","Turbo"],"picked":"Defragment","floor":18},{"not_picked":["Beam Cell","Gash","Conserve Battery+1"],"picked":"SKIP","floor":20},{"not_picked":["Leap+1","Undo+1"],"picked":"White Noise","floor":21},{"not_picked":["REME_Shoggoth","Panic Button"],"picked":"Ball Lightning+1","floor":22},{"not_picked":["Go for the Eyes","Turbo+1","Conserve Battery","Reprogram+1"],"picked":"SKIP","floor":23},{"not_picked":["Leap","Gash+1"],"picked":"Capacitor","floor":25},{"not_picked":["Redo+1","Beam Cell","Fusion"],"picked":"SKIP","floor":28},{"not_picked":["Multi-Cast","hubris:SpiceAddiction"],"picked":"hubris:Ukulele","floor":30},{"not_picked":["Panic Button","Rebound","Genetic Algorithm"],"picked":"SKIP","floor":31},{"not_picked":["Hologram+1","Blizzard+1","hubris:SpiceAddiction","Panic Button+1"],"picked":"SKIP","floor":35},{"not_picked":["ReplaySolidLightProjector+1","Leap+1","Glacier+1"],"picked":"SKIP","floor":37},{"not_picked":["BasicCrystalCard","Scrape","Beam Cell"],"picked":"SKIP","floor":38},{"not_picked":["Glacier+1","Go for the Eyes"],"picked":"Static Discharge","floor":39},{"not_picked":["Glacier+1","Sunder+1"],"picked":"Electrodynamics","floor":41},{"not_picked":["Fission","aspiration:Polymerization","Hello World+1"],"picked":"SKIP","floor":45},{"not_picked":["Rebound+1","Hello World","Barrage"],"picked":"SKIP","floor":46},{"not_picked":["Streamline+1","Scrape","Rebound"],"picked":"SKIP","floor":47},{"not_picked":["Barrage","Redo","hubris:SpiceAddiction"],"picked":"SKIP","floor":48}],"player_experience":532894,"relics_obtained":[{"floor":7,"key":"ReplayFunnel"},{"floor":13,"key":"reliquary:RosewoodLute"},{"floor":23,"key":"reliquary:PrincelyHelmet"},{"floor":25,"key":"hubris:Spice"},{"floor":26,"key":"hubris:Spice"},{"floor":43,"key":"Bottled Lightning"},{"floor":45,"key":"halation:AfternoonTea"}],"event_choices":[{"cards_removed":["Strike_B"],"damage_healed":0,"gold_gain":0,"player_choice":"Purged","damage_taken":0,"max_hp_gain":0,"max_hp_loss":0,"event_name":"Purifier","floor":4,"gold_loss":0},{"damage_healed":0,"gold_gain":0,"player_choice":"Forge","damage_taken":0,"max_hp_gain":0,"max_hp_loss":0,"event_name":"Accursed Blacksmith","floor":12,"gold_loss":0,"cards_upgraded":["Zap"]},{"damage_healed":0,"gold_gain":100,"player_choice":"Pray","damage_taken":0,"max_hp_gain":0,"max_hp_loss":0,"event_name":"Golden Shrine","floor":19,"gold_loss":0}],"is_beta":false,"boss_relics":[{"not_picked":["halation:PlatinumPhoenix","hubris:Spice"],"picked":"Replay:Wanted Poster"},{"not_picked":["hubris:HollowSoul","hubris:Spice"],"picked":"conspire:SeveredTorchhead"}],"items_purged_floors":[0,0],"is_endless":false,"potions_floor_spawned":[5,7,18,21,28,31,33,37,38,46,47],"ascension_level":2}}