{"host":"nwd160me4iqdtr8u","time":1612161467,"event":{"mods":["AchievementEnabler","Act Like it!","BaseMod","Colored Map","DeckTracker","Keyboard Shortcuts","Minty Spire (QoL Compilation)","Quick Restart","Rare Cards Sparkle","StSLib","SuperFastMode","everything is the same but u backflip on backflip"],"gold_per_floor":[115,265,340,104,114,114,114,114],"floor_reached":7,"language":"KOR","playtime":205,"items_purged":["Doubt"],"score":76,"play_id":"656ee72c-683e-4a3a-a2b3-1db75b93c2d3","local_time":"20210201153747","is_ascension_mode":true,"campfire_choices":[{"data":"Neutralize","floor":6,"key":"SMITH"}],"circlet_count":0,"master_deck":["AscendersBane","Strike_G","Strike_G","Strike_G","Strike_G","Strike_G","Defend_G","Defend_G","Defend_G","Defend_G","Defend_G","Survivor","Neutralize+1","Escape Plan","Calculated Gamble"],"relics":["Ring of the Snake","Regal Pillow","OrangePellets"],"acts_visited":["Exordium"],"potions_floor_usage":[7,7],"damage_taken":[{"damage":8,"enemies":"Jaw Worm","floor":1,"turns":6},{"damage":0,"enemies":"Small Slimes","floor":5,"turns":5},{"damage":62,"enemies":"Lagavulin","floor":7,"turns":11}],"seed_played":"8289366164380453629","potions_obtained":[{"floor":1,"key":"PowerPotion"},{"floor":5,"key":"Regen Potion"}],"is_trial":false,"path_per_floor":["M","?","?","$","M","R","E"],"character_chosen":"THE_SILENT","items_purchased":["OrangePellets"],"campfire_rested":0,"item_purchase_floors":[4],"current_hp_per_floor":[51,51,40,40,40,40,0,0],"gold":114,"neow_bonus":"RANDOM_COMMON_RELIC","is_daily":false,"chose_seed":false,"campfire_upgraded":1,"win_rate":0.0,"timestamp":1612161467,"path_taken":["M","?","?","$","M","R","E"],"items_purchased_type":["Relic"],"build_version":"2020-12-22","purchased_purges":1,"victory":false,"max_hp_per_floor":[66,66,66,66,66,66,66,66],"card_choices":[{"not_picked":["Crippling Poison","Backflip"],"picked":"Escape Plan","floor":1},{"not_picked":["Bane","Blur"],"picked":"Calculated Gamble","floor":5}],"player_experience":355860,"relics_obtained":[],"event_choices":[{"damage_healed":0,"gold_gain":150,"player_choice":"AGREE","damage_taken":0,"max_hp_gain":0,"max_hp_loss":0,"event_name":"Liars Game","floor":2,"gold_loss":0,"cards_obtained":["Doubt"]},{"damage_healed":0,"gold_gain":75,"player_choice":"Gather Gold","damage_taken":11,"max_hp_gain":0,"max_hp_loss":0,"event_name":"World of Goop","floor":3,"gold_loss":0}],"is_beta":false,"boss_relics":[],"items_purged_floors":[4],"is_endless":false,"potions_floor_spawned":[1,5],"killed_by":"Lagavulin","ascension_level":19}}