{"host":"q6r63elxu27obe7v","time":1612170058,"event":{"mods":["2.2 Compatiblity","AchievementEnabler","BaseMod","CapriCore","DeckTracker","Keyboard Shortcuts","Minty Spire (QoL Compilation)","Permanent Neow","Quick Restart","Replay The Spire","StSLib","SuperFastMode","¡¼?Úª?ø«¡½REMEMod"],"gold_per_floor":[20,20,120,140,12,12,26,53,108,108,124,152,170,170,170,271,271,282,43,74,89,101,127,127,152,205,231,250,250,250,340,340,444,444,464,464,66,66,66,66,66,14,14,14],"floor_reached":43,"language":"KOR","playtime":1636,"items_purged":["Regret","Strike_R"],"score":863,"play_id":"b24d45ff-5236-4fcd-ad17-60f739d14bf4","local_time":"20210201180058","is_ascension_mode":true,"campfire_choices":[{"data":"ReplayTheSpireMod:Brewmster","floor":6,"key":"SMITH"},{"data":"Discovery","floor":10,"key":"SMITH"},{"data":"Rampage","floor":15,"key":"SMITH"},{"data":"REME_Flogging","floor":24,"key":"SMITH"},{"floor":30,"key":"RECALL"},{"data":"Fiend Fire","floor":32,"key":"SMITH"},{"data":"Hemogenesis","floor":41,"key":"SMITH"}],"circlet_count":0,"master_deck":["Strike_R","Strike_R","Strike_R","Defend_R","Defend_R","Defend_R","Bash","Rampage+1","ReplayTheSpireMod:Brewmster+1","REME_ShortnessOfBreath","Discovery+1","Heavy Blade","Rage+1","Pot Of Greed+1","Pot Of Greed+1","Fiend Fire+1","REME_Flogging+1","Infernal Blade+1","Intimidate+1","Inflame","Demonic Infusion+1","Hemogenesis+1","Flex+1"],"relics":["Burning Blood","REME_ComplimentaryCards","Lantern","ReplayTheSpireMod:ShopPack","Toxic Egg 2","Grinning Jar","Coffee Dripper","Red Mask","Strawberry","Replay:Wax Seal","Vajra","Replay:Baseball","REME_LowDesire","ReplayFunnel","Bronze Scales","Incense Burner"],"acts_visited":["Exordium","TheCity","TheBeyond","TheEnding"],"potions_floor_usage":[7,8,8,8,8,8,11,11,12,12,12,12,13,16,16,16,16,16,16,16,16,16,16,18,18,18,20,21,22,23,23,23,27,27,28,29,29,33,33,33,33,33,33,39,39,39,39,39,39,39,39,43,43,43],"damage_taken":[{"damage":5,"enemies":"Cultist","floor":1,"turns":4},{"damage":14,"enemies":"Jaw Worm","floor":4,"turns":5},{"damage":16,"enemies":"2 Louse","floor":7,"turns":4},{"damage":31,"enemies":"3 Sentries","floor":8,"turns":8},{"damage":3,"enemies":"2 Fungi Beasts","floor":11,"turns":4},{"damage":8,"enemies":"Gremlin Nob","floor":12,"turns":4},{"damage":9,"enemies":"Exordium Wildlife","floor":13,"turns":3},{"damage":27,"enemies":"Hexaghost","floor":16,"turns":11},{"damage":24,"enemies":"2 Thieves","floor":18,"turns":4},{"damage":31,"enemies":"Masked Bandits","floor":20,"turns":4},{"damage":0,"enemies":"Spheric Guardian","floor":21,"turns":2},{"damage":15,"enemies":"Centurion and Healer","floor":22,"turns":5},{"damage":24,"enemies":"Slavers","floor":23,"turns":4},{"damage":0,"enemies":"Gremlin Leader","floor":27,"turns":4},{"damage":10,"enemies":"Shelled Parasite and Fungi","floor":28,"turns":4},{"damage":4,"enemies":"Cultist and Chosen","floor":29,"turns":4},{"damage":31,"enemies":"Pondfish","floor":33,"turns":8},{"damage":19,"enemies":"Orb Walker","floor":35,"turns":4},{"damage":32,"enemies":"Donu and Deca","floor":39,"turns":8},{"damage":160,"enemies":"Shield and Spear","floor":43,"turns":6}],"seed_played":"-2659868099747720425","potions_obtained":[{"floor":1,"key":"LiquidBronze"},{"floor":8,"key":"Adrenaline Potion"},{"floor":12,"key":"SpeedPotion"},{"floor":16,"key":"Block Potion"},{"floor":18,"key":"Explosive Potion"},{"floor":20,"key":"BloodPotion"},{"floor":28,"key":"FairyPotion"}],"is_trial":false,"path_per_floor":["M","?","?","M","$","R","M","E","T","R","M","E","M","?","R","B",null,"M","$","?","M","M","E","R","T","T","E","M","M","R","?","R","B",null,"M","?","$","?","B",null,"R","$","E"],"character_chosen":"IRONCLAD","items_purchased":["ReplayTheSpireMod:ShopPack","REME_Flogging","Incense Burner","Flex+1"],"campfire_rested":0,"item_purchase_floors":[5,19,37,42],"current_hp_per_floor":[80,80,80,72,72,72,62,37,37,37,40,47,44,44,44,23,80,62,62,37,43,50,39,39,39,39,62,58,60,60,48,48,23,87,79,79,79,79,75,87,87,87,0,0],"gold":14,"neow_bonus":"REMOVE_TWO","is_daily":false,"chose_seed":false,"campfire_upgraded":6,"win_rate":0.0,"timestamp":1612170058,"path_taken":["M","?","?","?","?","R","M","E","T","R","M","E","?","?","R","BOSS","M","$","?","M","M","E","R","?","T","E","M","M","R","?","R","BOSS","M","?","?","?","BOSS","R","$","E"],"items_purchased_type":["Relic","Card","Relic","Card"],"build_version":"2020-12-22","purchased_purges":2,"victory":false,"max_hp_per_floor":[80,80,80,80,80,80,80,80,80,80,80,80,80,80,80,80,80,80,80,80,80,80,87,87,87,87,87,87,87,87,87,87,87,87,87,87,87,87,87,87,87,87,87,87],"card_choices":[{"not_picked":["ReplayTheSpireMod:Corrosion Curse","Clash","Warcry"],"picked":"SKIP","floor":1},{"not_picked":["Reckless Charge","Intimidate"],"picked":"Rampage","floor":4},{"not_picked":["REME_BuildACard","Thinking Ahead"],"picked":"ReplayTheSpireMod:Brewmster","floor":5},{"not_picked":["Discovery","Thinking Ahead"],"picked":"REME_ShortnessOfBreath","floor":5},{"not_picked":["The Bomb","REME_TwoStrings"],"picked":"Discovery","floor":5},{"not_picked":["Run Through","Havoc","Disarm"],"picked":"SKIP","floor":7},{"not_picked":["Clothesline","Clash"],"picked":"Heavy Blade","floor":8},{"not_picked":["ReplayTheSpireMod:LeadingStrike","Barricade"],"picked":"Rage+1","floor":11},{"not_picked":["ReplayTheSpireMod:Strike From Hell","ReplayTheSpireMod:Corrosion Curse+1","REME_Scribble+1"],"picked":"SKIP","floor":12},{"not_picked":["Warcry+1","Fire Breathing","Clothesline"],"picked":"SKIP","floor":13},{"not_picked":["Feed","Reaper"],"picked":"Fiend Fire","floor":16},{"not_picked":["Metallicize","Massacre","ReplayTheSpireMod:Strike From Hell"],"picked":"SKIP","floor":18},{"not_picked":["Shrug It Off+1","Twin Strike"],"picked":"Infernal Blade+1","floor":20},{"not_picked":["Replay:Undeath\u0027s Touch+1","Clash","Rupture"],"picked":"SKIP","floor":21},{"not_picked":["ReplayTheSpireMod:Strike From Hell","Iron Wave"],"picked":"Intimidate+1","floor":22},{"not_picked":["Spot Weakness+1","Sentinel+1"],"picked":"Inflame","floor":23},{"not_picked":["Sever Soul","Uppercut"],"picked":"Demonic Infusion+1","floor":27},{"not_picked":["Clothesline+1","Flame Barrier+1","Dark Embrace"],"picked":"SKIP","floor":28},{"not_picked":["Offering+1","Berserk"],"picked":"Hemogenesis","floor":33},{"not_picked":["Thunderclap","Ghostly Armor+1","Flame Barrier+1","Secret Technique+1"],"picked":"SKIP","floor":35}],"player_experience":92597,"relics_obtained":[{"floor":8,"key":"Toxic Egg 2"},{"floor":12,"key":"Grinning Jar"},{"floor":20,"key":"Red Mask"},{"floor":23,"key":"Strawberry"},{"floor":25,"key":"Replay:Wax Seal"},{"floor":26,"key":"Vajra"},{"floor":27,"key":"Replay:Baseball"},{"floor":34,"key":"ReplayFunnel"},{"floor":34,"key":"Bronze Scales"}],"event_choices":[{"damage_healed":0,"gold_gain":0,"player_choice":"Box","damage_taken":0,"relics_obtained":["Lantern"],"max_hp_gain":0,"max_hp_loss":0,"event_name":"Big Fish","floor":2,"gold_loss":0,"cards_obtained":["Regret"]},{"damage_healed":0,"gold_gain":100,"player_choice":"Pray","damage_taken":0,"max_hp_gain":0,"max_hp_loss":0,"event_name":"Golden Shrine","floor":3,"gold_loss":0},{"damage_healed":0,"gold_gain":0,"player_choice":"Ignored","damage_taken":0,"max_hp_gain":0,"max_hp_loss":0,"event_name":"Golden Idol","floor":14,"gold_loss":0},{"damage_healed":0,"gold_gain":0,"player_choice":"Fought Bandits","damage_taken":0,"max_hp_gain":0,"max_hp_loss":0,"event_name":"Masked Bandits","floor":20,"gold_loss":0},{"damage_healed":0,"gold_gain":90,"player_choice":"GOLD ","damage_taken":12,"max_hp_gain":0,"max_hp_loss":0,"event_name":"Knowing Skull","floor":31,"potions_obtained":[],"gold_loss":0,"cards_obtained":[]},{"damage_healed":0,"gold_gain":0,"player_choice":"Got Potions","damage_taken":0,"max_hp_gain":0,"max_hp_loss":0,"event_name":"Lab","floor":36,"gold_loss":0},{"damage_healed":0,"gold_gain":0,"player_choice":"Took Portal","damage_taken":0,"max_hp_gain":0,"max_hp_loss":0,"event_name":"SecretPortal","floor":38,"gold_loss":0}],"is_beta":false,"boss_relics":[{"not_picked":["Replay:Bronze Core","Painkiller Herb"],"picked":"Coffee Dripper"},{"not_picked":["Philosopher\u0027s Stone","Black Star"],"picked":"REME_LowDesire"}],"items_purged_floors":[19,37],"is_endless":false,"potions_floor_spawned":[1,8,12,16,18,20,28],"killed_by":"Shield and Spear","ascension_level":1}}