{"host":"8m86yt1iygug7bgj","time":1612152111,"event":{"mods":["Act Like it!","BaseMod","Gensokyo","Lobotomy","Marisa£®ÏF”Í°°ƒß¿Ì…≥£©","Minty Spire (QoL Compilation)","Prisma Mod","Remilia£®¿Ÿ√◊¿Ú—«£©","StSLib"],"gold_per_floor":[115,115,115,132,143,172,172,52,100,100,116,146,146,221,221,221,221],"floor_reached":16,"language":"ZHS","playtime":1183,"items_purged":[],"score":133,"play_id":"ffdbbcc4-87b2-413c-b2c6-8f91d2ecfd09","local_time":"20210201120151","is_ascension_mode":false,"campfire_choices":[{"data":"MillenniumVampire","floor":7,"key":"SMITH"},{"floor":13,"key":"RECALL"},{"floor":15,"key":"REST"}],"circlet_count":0,"master_deck":["Strike_RM","Strike_RM","Strike_RM","Strike_RM","Defend_RM","Defend_RM","Defend_RM","RedMoon","ScarletShoot","CharismaGuard","MeatLantern","DiffusionOfMisfortune","GalaxyChild","SuperhumanBloodyKnife","BeautyBeast","MillenniumVampire+1","LittlePrince","CharismaGuard","BlasphemousPunishment","EndlessAdversity","MastersStateliness","FairyFestival","ScarletSymphony","MHz"],"relics":["ScarletHat","CogitoBucket","Toy Ornithopter","Bag of Preparation"],"acts_visited":["Exordium"],"potions_floor_usage":[6,12,16],"damage_taken":[{"damage":1,"enemies":"2 Louse","floor":1,"turns":2},{"damage":0,"enemies":"Cultist","floor":4,"turns":4},{"damage":0,"enemies":"Jaw Worm","floor":5,"turns":5},{"damage":0,"enemies":"Gremlin Nob","floor":6,"turns":4},{"damage":0,"enemies":"Looter","floor":11,"turns":4},{"damage":79,"enemies":"3 Sentries","floor":12,"turns":12},{"damage":79,"enemies":"Hexaghost","floor":16,"turns":10}],"seed_played":"5432276256936251946","potions_obtained":[{"floor":1,"key":"LiquidBronze"},{"floor":3,"key":"FairyPotion"},{"floor":3,"key":"SpeedPotion"},{"floor":4,"key":"Swift Potion"},{"floor":6,"key":"Weak Potion"}],"is_trial":false,"path_per_floor":["M","?","?","M","M","E","R","$","T","$","M","E","R","?","R","B"],"character_chosen":"REMILIA","items_purchased":["CharismaGuard","BlasphemousPunishment","EndlessAdversity"],"campfire_rested":1,"item_purchase_floors":[8,8,8],"current_hp_per_floor":[74,67,67,67,67,68,68,68,68,68,68,12,12,1,23,0,0],"gold":221,"neow_bonus":"","is_daily":false,"chose_seed":false,"campfire_upgraded":1,"win_rate":0.0,"timestamp":1612152111,"path_taken":["M","?","?","?","M","E","R","?","T","$","M","E","R","?","R","BOSS"],"items_purchased_type":["Card","Card","Card"],"build_version":"2020-12-22","purchased_purges":0,"victory":false,"max_hp_per_floor":[75,75,75,75,75,75,75,75,75,75,75,75,75,75,75,75,75],"card_choices":[{"not_picked":["SuperhumanBloodyKnife","VampirishNight"],"picked":"CharismaGuard","floor":1},{"not_picked":["BlackSwan","BeautyBeast"],"picked":"MeatLantern","floor":1},{"not_picked":["BadLadyScramble","ScarletImprint"],"picked":"DiffusionOfMisfortune","floor":4},{"not_picked":["UniverseFragment","Wellcheers"],"picked":"GalaxyChild","floor":4},{"not_picked":["BloodHunter","StarOfDavid"],"picked":"SuperhumanBloodyKnife","floor":5},{"not_picked":["SpiderBud","Porccubus"],"picked":"BeautyBeast","floor":5},{"not_picked":["BloodHunter","EndlessAdversity"],"picked":"MillenniumVampire","floor":6},{"not_picked":["Mercenary","LittleHelper"],"picked":"LittlePrince","floor":6},{"not_picked":["ScarletSymphony","UnderTheZenith"],"picked":"MastersStateliness","floor":11},{"not_picked":["LittleHelper","CrumblingArmor"],"picked":"FairyFestival","floor":11},{"not_picked":["VampireSweep","ScarletDevil"],"picked":"ScarletSymphony","floor":12},{"not_picked":["Wellcheers","Alriune"],"picked":"MHz","floor":12}],"player_experience":247009,"relics_obtained":[{"floor":6,"key":"Toy Ornithopter"},{"floor":12,"key":"Bag of Preparation"}],"event_choices":[{"cards_removed":["Defend_RM"],"damage_healed":0,"gold_gain":0,"player_choice":"Card Removal","damage_taken":7,"max_hp_gain":0,"max_hp_loss":0,"event_name":"Golden Wing","floor":2,"gold_loss":0},{"damage_healed":0,"gold_gain":0,"player_choice":"Got Potions","damage_taken":0,"max_hp_gain":0,"max_hp_loss":0,"event_name":"Lab","floor":3,"gold_loss":0},{"damage_healed":0,"gold_gain":75,"player_choice":"Gather Gold","damage_taken":11,"max_hp_gain":0,"max_hp_loss":0,"event_name":"World of Goop","floor":14,"gold_loss":0}],"is_beta":false,"boss_relics":[],"items_purged_floors":[],"is_endless":false,"potions_floor_spawned":[1,4,6],"killed_by":"Hexaghost","ascension_level":0}}