{"host":"684z1xpuwaoqmmh1","time":1612196635,"event":{"mods":["A Magickal Journey","BaseMod","Dio Mod","Downfall","Hermit","Jorbs\u0027s Wanderer Trilogy","Marisa????????","Minty Spire (QoL Compilation)","Robot Space Explorer","Shade Mod","StSLib","The Elementalist","The Hayseed","The Hierophant","The Marked","The Mystic","The Runesmith","The Saiyan","The Vixen","TheFirefly"],"gold_per_floor":[115,127,17,30,40,65,65,94,147,166,194,205,205,225,225,323,323,343,393,0,0,16,16,41,55,55,74,87,87,113,127,127,231,231,243,258,158,208,208,236,236,250,250,275,292,325,342,376,376,376,376,376,18,46,46],"floor_reached":56,"language":"ENG","playtime":3660,"items_purged":["dioMod:Defend","dioMod:Strike"],"score":1564,"play_id":"28791e9d-4f75-44b7-9e7c-eee45b361ad0","local_time":"20210201182355","is_ascension_mode":true,"campfire_choices":[{"data":"dioMod:Minions","floor":15,"key":"SMITH"},{"data":"dioMod:Regeneration","floor":23,"key":"SMITH"},{"floor":32,"key":"REST"},{"floor":41,"key":"RECALL"},{"data":"dioMod:KonoDioDa","floor":49,"key":"SMITH"},{"data":"dioMod:VengefulMuda","floor":52,"key":"SMITH"}],"circlet_count":0,"master_deck":["dioMod:Strike","dioMod:Strike","Bite","dioMod:Defend","dioMod:Defend","dioMod:Defend","dioMod:Diversion","dioMod:Freeze","dioMod:Pluck","dioMod:Muda+1","dioMod:BloodShield","dioMod:HeavyLifting","dioMod:Minions+1","dioMod:CautiousMuda","dioMod:Hiss","dioMod:KonoDioDa+1","dioMod:Regeneration+1","dioMod:CoffinBath","dioMod:VengefulMuda+1","dioMod:GoodbyeJojo+1","dioMod:Minions+1","dioMod:Despair","dioMod:DaggerSpree","dioMod:BloodSuck","dioMod:BloodTransfusion","dioMod:StreetSign+1","dioMod:DoubleTime+1","dioMod:PhantomBlood","dioMod:BloodSplash+1","dioMod:DoubleTime+1","dioMod:ComposedMuda+1","dioMod:GoldVial","dioMod:BloodSuck+1","dioMod:Pluck+1","dioMod:HeavyLifting+1","dioMod:TheWalk","dioMod:CutDeep","dioMod:BloodSuck","dioMod:RoadRoller"],"relics":["dioMod:VampireBlood","MealTicket","Gremlin Horn","Ancient Tea Set","Omamori","Pen Nib","sneckomod:SneckoTalon","Strawberry","sneckomod:BlankCard","Orichalcum","Bottled Flame","Darkstone Periapt","Black Star","TungstenRod","Blue Candle","Bronze Scales","StoneCalendar","Bag of Marbles","War Paint","Akabeko","Bottled Tornado","Art of War","Singing Bowl","Membership Card","Whetstone","Mummified Hand","hexamod:BolsterEngine"],"acts_visited":["Exordium","TheCity","TheBeyond","TheEnding"],"potions_floor_usage":[6,11,31,55,55,55,55,55],"damage_taken":[{"damage":1,"enemies":"Cultist","floor":1,"turns":3},{"damage":3,"enemies":"Small Slimes","floor":2,"turns":3},{"damage":2,"enemies":"2 Louse","floor":4,"turns":2},{"damage":11,"enemies":"2 Fungi Beasts","floor":5,"turns":6},{"damage":23,"enemies":"3 Sentries","floor":6,"turns":10},{"damage":34,"enemies":"Lagavulin","floor":8,"turns":11},{"damage":9,"enemies":"Exordium Thugs","floor":10,"turns":4},{"damage":18,"enemies":"Gremlin Nob","floor":11,"turns":4},{"damage":0,"enemies":"3 Louse","floor":12,"turns":3},{"damage":6,"enemies":"Large Slime","floor":14,"turns":5},{"damage":14,"enemies":"Slime Boss","floor":16,"turns":9},{"damage":46,"enemies":"3 Byrds","floor":18,"turns":7},{"damage":19,"enemies":"Shell Parasite","floor":22,"turns":6},{"damage":67,"enemies":"Gremlin Leader","floor":24,"turns":8},{"damage":12,"enemies":"Snake Plant","floor":25,"turns":4},{"damage":6,"enemies":"Sentry and Sphere","floor":27,"turns":3},{"damage":5,"enemies":"Centurion and Healer","floor":28,"turns":6},{"damage":36,"enemies":"Book of Stabbing","floor":30,"turns":6},{"damage":34,"enemies":"Snake Plant","floor":31,"turns":5},{"damage":43,"enemies":"Champ","floor":33,"turns":13},{"damage":9,"enemies":"3 Shapes","floor":35,"turns":3},{"damage":15,"enemies":"Orb Walker","floor":36,"turns":4},{"damage":54,"enemies":"Mind Bloom Boss Battle","floor":38,"turns":9},{"damage":36,"enemies":"Nemesis","floor":40,"turns":9},{"damage":6,"enemies":"Maw","floor":42,"turns":5},{"damage":29,"enemies":"Giant Head","floor":44,"turns":9},{"damage":24,"enemies":"Writhing Mass","floor":45,"turns":6},{"damage":45,"enemies":"Nemesis","floor":46,"turns":6},{"damage":21,"enemies":"Jaw Worm Horde","floor":47,"turns":5},{"damage":31,"enemies":"Reptomancer","floor":48,"turns":7},{"damage":51,"enemies":"Awakened One","floor":50,"turns":11},{"damage":78,"enemies":"Shield and Spear","floor":54,"turns":8},{"damage":41,"enemies":"The Heart","floor":55,"turns":9}],"seed_played":"-4476774984246180276","potions_obtained":[{"floor":1,"key":"SteroidPotion"},{"floor":4,"key":"PowerPotion"},{"floor":5,"key":"FearPotion"},{"floor":10,"key":"Energy Potion"},{"floor":11,"key":"Ancient Potion"},{"floor":18,"key":"Guardian:BlockOnCardUsePotion"},{"floor":33,"key":"bronze:BurnAndBuffPotion"},{"floor":42,"key":"hexamod:SoulburnPotion"},{"floor":46,"key":"EntropicBrew"},{"floor":47,"key":"CultistPotion"},{"floor":48,"key":"LiquidBronze"}],"is_trial":false,"path_per_floor":["M","M","$","M","M","E","?","E","T","M","E","M","?","M","R","B",null,"M","?","$","?","M","R","E","M","T","M","M","T","E","M","R","B",null,"M","M","$","?","?","E","R","M","T","E","M","E","M","E","R","B",null,"R","$","E","B",null],"character_chosen":"THE_DEFAULT","items_purchased":["dioMod:DominatingPresence","dioMod:Pluck","dioMod:VengefulMuda","Strawberry","sneckomod:BlankCard","Membership Card","Whetstone","dioMod:TheWalk","dioMod:CutDeep","dioMod:BloodSuck"],"campfire_rested":1,"item_purchase_floors":[3,3,20,20,20,53,53,53,53,53],"current_hp_per_floor":[82,82,82,82,78,78,78,55,55,54,41,52,45,47,47,51,82,64,64,86,86,76,76,32,27,27,29,45,45,41,26,52,60,89,89,77,89,76,76,83,83,89,89,89,89,79,89,91,91,91,91,91,91,75,91],"gold":46,"neow_bonus":"TEN_PERCENT_HP_BONUS","is_daily":false,"chose_seed":false,"campfire_upgraded":4,"win_rate":0.0,"timestamp":1612196635,"path_taken":["M","M","?","M","M","E","?","E","T","M","E","?","?","M","R","BOSS","M","?","$","?","M","R","E","?","T","M","M","?","E","M","R","BOSS","M","M","$","?","?","E","R","M","T","E","M","E","M","E","R","BOSS","R","$","E","BOSS"],"items_purchased_type":["Card","Card","Card","Relic","Relic","Relic","Relic","Card","Card","Card"],"build_version":"2020-12-22","purchased_purges":2,"victory":true,"max_hp_per_floor":[82,82,82,82,82,82,82,82,82,82,82,82,82,82,82,82,82,82,82,89,89,89,89,89,89,89,89,89,89,89,89,89,89,89,89,89,89,89,89,89,89,89,89,89,89,89,89,91,91,91,91,91,91,91,91],"card_choices":[{"not_picked":["dioMod:GoodbyeJojo","dioMod:TripleThreat"],"picked":"dioMod:Diversion","floor":1},{"not_picked":["dioMod:FlyAway","dioMod:BloodSuck"],"picked":"dioMod:Freeze","floor":2},{"not_picked":["dioMod:WRYYY","dioMod:BloodSuck"],"picked":"dioMod:Muda","floor":4},{"not_picked":["dioMod:TripleThreat","dioMod:DominatingPresence"],"picked":"dioMod:BloodShield","floor":5},{"not_picked":["dioMod:Pluck","dioMod:Donut"],"picked":"dioMod:HeavyLifting","floor":6},{"not_picked":["dioMod:FlyAway","dioMod:LaserVision"],"picked":"dioMod:Minions","floor":8},{"not_picked":["dioMod:WRYYY","dioMod:Diversion"],"picked":"dioMod:CautiousMuda","floor":10},{"not_picked":["dioMod:SecretPlan","dioMod:ComboFever"],"picked":"dioMod:Hiss","floor":11},{"not_picked":["dioMod:FlyAway","dioMod:CautiousMuda"],"picked":"dioMod:KonoDioDa","floor":12},{"not_picked":["dioMod:GoodbyeJojo","dioMod:Diversion","dioMod:BlendIn"],"picked":"SKIP","floor":14},{"not_picked":["dioMod:PathToHeaven","dioMod:SevenPageMuda"],"picked":"dioMod:Regeneration","floor":16},{"not_picked":["dioMod:StreetSign","dioMod:Diversion"],"picked":"dioMod:CoffinBath","floor":18},{"not_picked":["dioMod:DaggerToss+1","dioMod:Roundabout"],"picked":"dioMod:Minions+1","floor":22},{"not_picked":["dioMod:Hiss","dioMod:SecretPlan"],"picked":"dioMod:Despair","floor":24},{"not_picked":["dioMod:FlyAway","dioMod:DisarmingVoice"],"picked":"dioMod:DaggerSpree","floor":25},{"not_picked":["dioMod:VengefulMuda","dioMod:BlendIn"],"picked":"dioMod:BloodSuck","floor":27},{"not_picked":["dioMod:Freeze+1","dioMod:Minions+1"],"picked":"dioMod:BloodTransfusion","floor":28},{"not_picked":["dioMod:SecretPlan","dioMod:BloodSuck"],"picked":"dioMod:StreetSign+1","floor":30},{"not_picked":["dioMod:DisarmingVoice","dioMod:StreetSign"],"picked":"dioMod:DoubleTime","floor":31},{"not_picked":["dioMod:Despair","dioMod:Regeneration"],"picked":"dioMod:PhantomBlood","floor":33},{"not_picked":["dioMod:LaserVision+1","dioMod:DominatingPresence"],"picked":"dioMod:BloodSplash+1","floor":35},{"not_picked":["dioMod:BloodSuck","dioMod:WRYYY"],"picked":"dioMod:DoubleTime+1","floor":36},{"not_picked":["dioMod:Roundabout","dioMod:SecretPlan+1"],"picked":"dioMod:ComposedMuda","floor":38},{"not_picked":["dioMod:DarkRebirth","dioMod:Donut+1"],"picked":"dioMod:GoldVial","floor":40},{"not_picked":["dioMod:Minions","dioMod:BlendIn"],"picked":"dioMod:BloodSuck+1","floor":42},{"not_picked":["dioMod:DisarmingVoice+1","dioMod:TripleThreat"],"picked":"dioMod:Pluck+1","floor":44},{"not_picked":["dioMod:HeavyLifting","dioMod:DaggerToss+1","dioMod:ComboFever+1"],"picked":"SKIP","floor":45},{"not_picked":["dioMod:LaserVision+1","dioMod:CautiousMuda","dioMod:VengefulMuda"],"picked":"SKIP","floor":46},{"not_picked":["dioMod:ComboFever","dioMod:SadisticLaugh"],"picked":"dioMod:HeavyLifting+1","floor":47},{"not_picked":["dioMod:DominatingPresence","dioMod:ComposedMuda+1","dioMod:BlendIn+1"],"picked":"Singing Bowl","floor":48},{"not_picked":["dioMod:ComposedMuda+1","dioMod:CoffinBath+1"],"picked":"dioMod:RoadRoller","floor":54}],"player_experience":2928743,"relics_obtained":[{"floor":6,"key":"MealTicket"},{"floor":8,"key":"Gremlin Horn"},{"floor":9,"key":"Ancient Tea Set"},{"floor":11,"key":"Omamori"},{"floor":24,"key":"Orichalcum"},{"floor":29,"key":"Bottled Flame"},{"floor":30,"key":"Darkstone Periapt"},{"floor":38,"key":"TungstenRod"},{"floor":40,"key":"Blue Candle"},{"floor":40,"key":"Bronze Scales"},{"floor":43,"key":"StoneCalendar"},{"floor":44,"key":"Bag of Marbles"},{"floor":44,"key":"War Paint"},{"floor":46,"key":"Akabeko"},{"floor":46,"key":"Bottled Tornado"},{"floor":48,"key":"Art of War"},{"floor":48,"key":"Singing Bowl"},{"floor":54,"key":"Mummified Hand"},{"floor":54,"key":"hexamod:BolsterEngine"}],"event_choices":[{"damage_healed":0,"gold_gain":0,"player_choice":"Ignored","damage_taken":0,"max_hp_gain":0,"max_hp_loss":0,"event_name":"NoteForYourself","floor":7,"gold_loss":0},{"damage_healed":0,"gold_gain":0,"player_choice":"Success","damage_taken":7,"relics_obtained":["Pen Nib"],"max_hp_gain":0,"max_hp_loss":0,"event_name":"Scrap Ooze","floor":13,"gold_loss":0},{"damage_healed":0,"gold_gain":0,"cards_transformed":["dioMod:Strike"],"player_choice":"Transformed","damage_taken":0,"max_hp_gain":0,"max_hp_loss":0,"event_name":"Transmorgrifier","floor":21,"gold_loss":0,"cards_obtained":["dioMod:GoodbyeJojo"]},{"damage_healed":0,"gold_gain":0,"player_choice":"Fight","damage_taken":0,"max_hp_gain":0,"max_hp_loss":0,"event_name":"MindBloom","floor":38,"gold_loss":0},{"cards_removed":["dioMod:DominatingPresence"],"damage_healed":0,"gold_gain":0,"player_choice":"Removed Skill","damage_taken":0,"max_hp_gain":0,"max_hp_loss":0,"event_name":"Falling","floor":39,"gold_loss":0}],"is_beta":false,"boss_relics":[{"not_picked":["Snecko Eye","bronze:MakeshiftBattery"],"picked":"sneckomod:SneckoTalon"},{"not_picked":["Empty Cage","Runic Pyramid"],"picked":"Black Star"}],"items_purged_floors":[20,37],"is_endless":false,"potions_floor_spawned":[1,4,5,10,11,18,25,30,33,35,36,42,46,47,48],"ascension_level":1}}