{"host":"gndxudri6ebovps6","time":1612209600,"event":{"mods":["AchievementEnabler","Act Like it!","Aspiration","BaseMod","Better Altar","Better Match","Better Note","Better Sensory Stone","Better Skull","Better Vampires","BetterRewards","Block Reminder","Conspire","GifTheSpireLib","Hubris","Infinite Spire","Marked Mod","Minty Spire (QoL Compilation)","Pale of the Ancients","Quick Restart","Replay The Spire","Shop Mod","Spicy Shops","Spikes Relics","StSLib","Stuff the Spire","The Cursed","The Disciple","The Judge","The Mystic","The Necromancer","everything is the same but u backflip on backflip"],"gold_per_floor":[117,117,117,131,156,156,8,48,48,78,78,78,78,119,119,242,242,266,134,148,148,2,2,36,36,36,74,74,87,87,87,87,222,222,257,43,43,1042,1042,1144,1231,672,672,672,672,672,741,813,813,813,884,965,965,233,233,233,233,11,11,11,11],"floor_reached":60,"language":"ENG","playtime":1833,"items_purged":["Injury","Normality","Normality"],"score":2127,"play_id":"02a6c85d-dc55-4934-b59c-0424eab5a590","local_time":"20210201180000","is_ascension_mode":true,"campfire_choices":[{"data":"Sword Boomerang","floor":6,"key":"SMITH"},{"data":"Sword Boomerang+1","floor":11,"key":"SMITH"},{"data":"Sword Boomerang+2","floor":13,"key":"SMITH"},{"data":"BarbarianYell","floor":15,"key":"SMITH"},{"data":"Armaments","floor":23,"key":"SMITH"},{"data":"Armaments","floor":25,"key":"SMITH"},{"data":"Sword Boomerang+3","floor":28,"key":"SMITH"},{"data":"Sword Boomerang+4","floor":30,"key":"SMITH"},{"data":"Sword Boomerang+5","floor":32,"key":"SMITH"},{"data":"StuffTheSpire:Harmony+1","floor":46,"key":"SMITH"},{"data":"StuffTheSpire:Harmony+2","floor":49,"key":"SMITH"},{"data":"Sword Boomerang+6","floor":55,"key":"SMITH"},{"data":"Sword Boomerang+7","floor":57,"key":"SMITH"}],"circlet_count":0,"master_deck":["AscendersBane","Strike_R","Strike_R","Strike_R","Strike_R","Strike_R","Defend_R","Defend_R","Defend_R","Defend_R","Bash+1","Inflame","Ghostly Armor+1","Iron Wave","Injury","StuffTheSpire:Rapture","Rampage","Sword Boomerang+8","Flex","BarbarianYell+1","hubris:StunningStrike","Armaments+1","StuffTheSpire:Vigor","Armaments+1","Wild Strike","Massacre","Dark Embrace+1","conspire:HitWhereItHurts","Exhume","Doubt","StuffTheSpire:BrainWave","StuffTheSpire:Harmony+3","Replay:Undeath\u0027s Touch+1","Iron Wave","Eclipse","True Grit","Replay:Undeath\u0027s Touch+1","Second Wind","ReplayTheSpireMod:Private Reserves","StuffTheSpire:Brawn","StuffTheSpire:Innocence","StuffTheSpire:Harmony"],"relics":["Burning Blood","Vajra","Oddly Smooth Stone","conspire:InfiniteJournal","StuffTheSpire:Saxophone","SpikesRelics:DaevaFist","Golden Idol","StuffTheSpire:Mouthbags","Pondfish Scales","Replay:Bottled Steam","Odd Mushroom","infinitespire:BottledMercury","CosmicIsotope","PreservedInsect","Nloth\u0027s Gift","Happy Flower","Dream Catcher","ReplayTheSpireMod:TigerMarble","TungstenRod","infinitespire:EvilPickle","hubris:RunicObelisk","Juzu Bracelet","HandDrill","Gambling Chip","hubris:IronBody","Sling","Rawhide","Blood Vial","Meat on the Bone","paleoftheancients:Timepiece","paleoftheancients:KeyRelic","Bronze Scales","CultistMask","paleoftheancients:SoulOfTheWatcher","StuffTheSpire:DarkSteelAnvil","StuffTheSpire:Nightcore","hubris:Metronome"],"acts_visited":["Exordium","TheCity","TheBeyond","paleoftheancients:PaleOfTheAncients"],"potions_floor_usage":[8,8,20,29,33,33,41,50,50,56],"damage_taken":[{"damage":0,"enemies":"Small Slimes","floor":1,"turns":3},{"damage":0,"enemies":"2 Louse","floor":4,"turns":2},{"damage":0,"enemies":"Cultist","floor":5,"turns":3},{"damage":1,"enemies":"Replay:BlueRogue","floor":8,"turns":5},{"damage":0,"enemies":"The Mushroom Lair","floor":10,"turns":2},{"damage":14,"enemies":"3 Sentries","floor":14,"turns":4},{"damage":23,"enemies":"The Guardian","floor":16,"turns":8},{"damage":0,"enemies":"2 Thieves","floor":18,"turns":2},{"damage":0,"enemies":"Chosen","floor":20,"turns":2},{"damage":16,"enemies":"Gremlin Leader","floor":24,"turns":5},{"damage":0,"enemies":"Book of Stabbing","floor":27,"turns":2},{"damage":4,"enemies":"conspire:HollyBat","floor":29,"turns":6},{"damage":18,"enemies":"Pondfish","floor":33,"turns":10},{"damage":3,"enemies":"Orb Walker","floor":35,"turns":3},{"damage":54,"enemies":"Nemesis","floor":40,"turns":5},{"damage":25,"enemies":"3 Darklings","floor":41,"turns":5},{"damage":30,"enemies":"Spire Growth","floor":47,"turns":5},{"damage":0,"enemies":"Jaw Worm Horde","floor":48,"turns":5},{"damage":37,"enemies":"Awakened One","floor":50,"turns":11},{"damage":121,"enemies":"Awakened One","floor":51,"turns":11},{"damage":96,"enemies":"Awakened One","floor":52,"turns":9},{"damage":91,"enemies":"Awakened One","floor":56,"turns":8},{"damage":112,"enemies":"paleoftheancients:N","floor":60,"turns":3}],"seed_played":"858031590480952348","potions_obtained":[{"floor":4,"key":"AttackPotion"},{"floor":5,"key":"SpeedPotion"},{"floor":16,"key":"SkillPotion"},{"floor":24,"key":"Weak Potion"},{"floor":27,"key":"Weak Potion"},{"floor":33,"key":"Fruit Juice"},{"floor":35,"key":"ColorlessPotion"},{"floor":40,"key":"Milkshake"},{"floor":47,"key":"SkillPotion"},{"floor":48,"key":"ColorlessPotion"},{"floor":52,"key":"BlessingOfTheForge"}],"is_trial":false,"path_per_floor":["M","?","?","M","M","R","$","E","T","?","R","$","R","E","R","B",null,"M","$","M","?","$","R","E","R","T","E","R","M","R","$","R","B",null,"M","$","?","?","?","E","M","$","T","?","?","R","M","M","R","B","M","M","?","$","R","M","R","$","?","B"],"character_chosen":"IRONCLAD","items_purchased":["Vajra","Oddly Smooth Stone","conspire:InfiniteJournal","Inflame","StuffTheSpire:Saxophone","SpikesRelics:DaevaFist","Ornamental Fan","Ghostly Armor","StuffTheSpire:Mouthbags","PreservedInsect","Happy Flower","Juzu Bracelet","HandDrill","Sling","Rawhide","Blood Vial","StuffTheSpire:DarkSteelAnvil","StuffTheSpire:Nightcore","hubris:Metronome","ReplayTheSpireMod:Private Reserves"],"campfire_rested":0,"item_purchase_floors":[0,0,0,0,0,0,0,0,7,19,22,36,36,42,42,42,54,54,54,58],"current_hp_per_floor":[30,30,30,36,42,42,42,47,47,53,53,53,53,45,45,28,67,73,73,79,79,79,79,69,69,69,75,75,77,77,77,77,70,81,84,84,84,84,84,37,21,21,21,21,21,21,25,59,59,85,62,64,64,64,64,85,85,85,85,0,0],"gold":11,"neow_bonus":"","is_daily":false,"chose_seed":false,"campfire_upgraded":13,"win_rate":0.0,"timestamp":1612209600,"path_taken":["M","?","?","M","M","R","$","E","T","?","R","?","R","E","R","BOSS","M","$","M","?","?","R","E","R","T","E","R","M","R","$","R","BOSS","M","$","?","?","?","E","M","?","T","?","?","R","M","M","R","BOSS","M","M","?","$","R","M","R","$","?","BOSS"],"items_purchased_type":["Relic","Relic","Relic","Card","Relic","Relic","Relic","Card","Relic","Relic","Relic","Relic","Relic","Relic","Relic","Relic","Relic","Relic","Relic","Card"],"build_version":"2020-12-22","purchased_purges":3,"victory":false,"max_hp_per_floor":[80,80,80,80,80,80,80,80,80,80,80,80,80,80,80,80,80,80,80,80,80,80,80,80,80,80,80,80,80,80,80,80,85,85,85,85,85,85,85,85,85,85,85,85,85,85,85,85,85,85,85,85,85,85,85,85,85,85,85,85,85],"card_choices":[{"not_picked":["Spot Weakness","Disarm"],"picked":"Iron Wave","floor":1},{"not_picked":["Twin Strike","Headbutt"],"picked":"Rampage","floor":4},{"not_picked":["Sentinel","ReplayTheSpireMod:Strike From Hell"],"picked":"Sword Boomerang","floor":5},{"not_picked":["Burning Pact","Body Slam"],"picked":"Flex","floor":8},{"not_picked":["Evolve","Blood for Blood"],"picked":"BarbarianYell","floor":14},{"not_picked":["Brutality","StuffTheSpire:TitanForm"],"picked":"hubris:StunningStrike","floor":16},{"not_picked":["Warcry","Defy Death"],"picked":"Armaments","floor":18},{"not_picked":["StuffTheSpire:Slingshot","Iron Wave"],"picked":"Armaments","floor":20},{"not_picked":["StuffTheSpire:TitanForm","Defy Death"],"picked":"Wild Strike","floor":24},{"not_picked":["True Grit","Whirlwind"],"picked":"Massacre","floor":27},{"not_picked":["Run Through","ReplayTheSpireMod:Strike From Hell+1"],"picked":"Dark Embrace","floor":29},{"not_picked":["Fiend Fire","conspire:Purge"],"picked":"conspire:HitWhereItHurts","floor":33},{"not_picked":["Headbutt","Feed"],"picked":"Exhume","floor":35},{"not_picked":["Demonic Infusion","StuffTheSpire:RockThrow"],"picked":"Replay:Undeath\u0027s Touch+1","floor":40},{"not_picked":["Run Through+1","Spot Weakness"],"picked":"Iron Wave","floor":41},{"not_picked":["Body Slam","Anger"],"picked":"Eclipse","floor":47},{"not_picked":["Run Through","Twin Strike"],"picked":"True Grit","floor":48},{"not_picked":["Sentinel+1","StuffTheSpire:Incineration+1"],"picked":"Replay:Undeath\u0027s Touch+1","floor":51},{"not_picked":["Cleave+1","Clash"],"picked":"Second Wind","floor":52}],"player_experience":523072,"relics_obtained":[{"floor":8,"key":"Pondfish Scales"},{"floor":9,"key":"Replay:Bottled Steam"},{"floor":10,"key":"Odd Mushroom"},{"floor":14,"key":"infinitespire:BottledMercury"},{"floor":24,"key":"Dream Catcher"},{"floor":26,"key":"ReplayTheSpireMod:TigerMarble"},{"floor":27,"key":"TungstenRod"},{"floor":40,"key":"hubris:IronBody"},{"floor":43,"key":"Meat on the Bone"},{"floor":51,"key":"paleoftheancients:SoulOfTheWatcher"}],"event_choices":[{"damage_healed":0,"gold_gain":0,"player_choice":"Take Wound","damage_taken":0,"relics_obtained":["Golden Idol"],"max_hp_gain":0,"max_hp_loss":0,"event_name":"Golden Idol","floor":2,"gold_loss":0,"cards_obtained":["Injury"]},{"damage_healed":0,"gold_gain":0,"player_choice":"Fought Mushrooms","damage_taken":0,"max_hp_gain":0,"max_hp_loss":0,"event_name":"Mushrooms","floor":10,"gold_loss":0},{"damage_healed":0,"gold_gain":0,"player_choice":"Traded Relic","damage_taken":0,"relics_obtained":["Nloth\u0027s Gift"],"max_hp_gain":0,"max_hp_loss":0,"event_name":"N\u0027loth","floor":21,"relics_lost":["Ornamental Fan"],"gold_loss":0},{"damage_healed":0,"gold_gain":0,"player_choice":"Ignored","damage_taken":0,"max_hp_gain":0,"max_hp_loss":0,"event_name":"The Moai Head","floor":37,"gold_loss":0},{"damage_healed":0,"gold_gain":999,"player_choice":"Gold","damage_taken":0,"max_hp_gain":0,"max_hp_loss":0,"event_name":"MindBloom","floor":38,"gold_loss":0,"cards_obtained":["Normality","Normality"]},{"damage_healed":0,"gold_gain":0,"player_choice":"Gave Potion","damage_taken":0,"relics_obtained":["Gambling Chip"],"max_hp_gain":0,"max_hp_loss":0,"event_name":"WeMeetAgain","floor":39,"gold_loss":0},{"damage_healed":0,"gold_gain":0,"player_choice":"Ignored","damage_taken":0,"max_hp_gain":0,"max_hp_loss":0,"event_name":"Transmorgrifier","floor":53,"gold_loss":0}],"is_beta":false,"boss_relics":[{"not_picked":["conspire:RunicOctahedron","StuffTheSpire:RunicHypercube"],"picked":"CosmicIsotope"},{"not_picked":["Snecko Eye","Abe\u0027s Treasure"],"picked":"hubris:RunicObelisk"}],"items_purged_floors":[19,54,58],"is_endless":false,"potions_floor_spawned":[4,5,16,24,27,33,35,40,47,48,52],"killed_by":"paleoftheancients:N","ascension_level":11}}