{"host":"6q94iy5iz6612v89","time":1612206173,"event":{"mods":["2.2 Compatiblity","AchievementEnabler","BaseMod","Colored Map","DeckTracker","Keyboard Shortcuts","Minty Spire (QoL Compilation)","Permanent Neow","StSLib","SuperFastMode"],"gold_per_floor":[114,126,145,145,161,161,178,178,178],"floor_reached":8,"language":"KOR","playtime":139,"items_purged":[],"score":100,"play_id":"3fa7d0f6-82fc-4c2f-b77d-58e90eeefccf","local_time":"20210202040253","is_ascension_mode":true,"campfire_choices":[{"data":"Eviscerate","floor":6,"key":"SMITH"}],"circlet_count":0,"master_deck":["AscendersBane","Strike_G","Strike_G","Strike_G","Defend_G","Defend_G","Defend_G","Defend_G","Defend_G","Survivor","Neutralize","Terror","Accuracy","Deadly Poison","Eviscerate+1","All Out Attack","Cloak And Dagger","Accuracy"],"relics":["Ring of the Snake"],"acts_visited":["Exordium"],"potions_floor_usage":[8],"damage_taken":[{"damage":4,"enemies":"Small Slimes","floor":1,"turns":4},{"damage":1,"enemies":"Cultist","floor":2,"turns":4},{"damage":0,"enemies":"2 Louse","floor":3,"turns":2},{"damage":14,"enemies":"Exordium Thugs","floor":5,"turns":5},{"damage":10,"enemies":"Exordium Wildlife","floor":7,"turns":3},{"damage":34,"enemies":"Gremlin Nob","floor":8,"turns":3}],"seed_played":"-6013400523519333590","potions_obtained":[{"floor":3,"key":"Ancient Potion"},{"floor":7,"key":"SkillPotion"}],"is_trial":false,"path_per_floor":["M","M","M","?","M","R","M","E"],"character_chosen":"THE_SILENT","items_purchased":[],"campfire_rested":0,"item_purchase_floors":[],"current_hp_per_floor":[55,54,54,54,40,40,30,0,0],"gold":178,"neow_bonus":"TRANSFORM_CARD","is_daily":false,"chose_seed":false,"campfire_upgraded":1,"win_rate":0.0,"timestamp":1612206173,"path_taken":["M","M","M","?","M","R","M","E"],"items_purchased_type":[],"build_version":"2020-12-22","purchased_purges":0,"victory":false,"max_hp_per_floor":[66,66,66,66,66,66,66,66,66],"card_choices":[{"not_picked":["Prepared","Deflect"],"picked":"Accuracy","floor":1},{"not_picked":["Prepared","Well Laid Plans"],"picked":"Deadly Poison","floor":2},{"not_picked":["Sucker Punch","Slice"],"picked":"Eviscerate","floor":3},{"not_picked":["Tactician","Poisoned Stab"],"picked":"Cloak And Dagger","floor":5},{"not_picked":["Choke","Sucker Punch"],"picked":"Accuracy","floor":7}],"player_experience":1451495,"relics_obtained":[],"event_choices":[{"damage_healed":0,"gold_gain":0,"cards_transformed":["Strike_G"],"player_choice":"Transformed","damage_taken":0,"max_hp_gain":0,"max_hp_loss":0,"event_name":"Transmorgrifier","floor":4,"gold_loss":0,"cards_obtained":["All Out Attack"]}],"is_beta":false,"boss_relics":[],"items_purged_floors":[],"is_endless":false,"potions_floor_spawned":[3,7],"killed_by":"Gremlin Nob","ascension_level":20}}