{"host":"klrvvo16pazy794l","time":1612205527,"event":{"mods":["BaseMod","Minty Spire (QoL Compilation)"],"gold_per_floor":[114,39,39,39,39,39,62,62,136,179,199,220,220,251,251,375,375,398,313,313,331,331,331,344,344,344,344,344,62,102,121,121,240,240,265,265,21,21,37,37,37,37,37],"floor_reached":42,"language":"ENG","playtime":1111,"items_purged":["Shame","Injury"],"score":490,"play_id":"2c74e1ca-a41d-42bc-b133-44ea7a86e297","local_time":"20210201125207","is_ascension_mode":true,"campfire_choices":[{"data":"Searing Blow","floor":6,"key":"SMITH"},{"data":"Searing Blow+1","floor":8,"key":"SMITH"},{"floor":13,"key":"REST"},{"data":"Searing Blow+2","floor":15,"key":"SMITH"},{"data":"Searing Blow+3","floor":23,"key":"SMITH"},{"data":"Searing Blow+4","floor":25,"key":"SMITH"},{"data":"Searing Blow+5","floor":27,"key":"SMITH"},{"data":"Searing Blow+6","floor":28,"key":"SMITH"},{"data":"Searing Blow+7","floor":32,"key":"SMITH"},{"data":"Searing Blow+8","floor":40,"key":"SMITH"},{"data":"Searing Blow+9","floor":41,"key":"SMITH"}],"circlet_count":0,"master_deck":["Strike_R+1","Strike_R+1","Strike_R+1","Defend_R","Defend_R","Defend_R","Defend_R","Bash+1","Searing Blow+10","Shrug It Off","Spot Weakness","Limit Break","Headbutt","RitualDagger","Battle Trance","Sentinel","Shockwave","Thunderclap","Panache"],"relics":["Burning Blood","WingedGreaves","Golden Idol","Paper Frog","Lizard Tail","Bronze Scales","Mark of Pain","Potion Belt","Ginger","HandDrill","Whetstone","Runic Pyramid","Shuriken"],"acts_visited":["Exordium","TheCity","TheBeyond"],"potions_floor_usage":[16,33,33],"damage_taken":[{"damage":5,"enemies":"2 Louse","floor":1,"turns":4},{"damage":5,"enemies":"Small Slimes","floor":7,"turns":3},{"damage":43,"enemies":"Lagavulin","floor":10,"turns":7},{"damage":4,"enemies":"Jaw Worm","floor":11,"turns":3},{"damage":11,"enemies":"Blue Slaver","floor":12,"turns":4},{"damage":14,"enemies":"Gremlin Nob","floor":14,"turns":3},{"damage":71,"enemies":"Slime Boss","floor":16,"turns":10},{"damage":16,"enemies":"Spheric Guardian","floor":18,"turns":4},{"damage":15,"enemies":"3 Byrds","floor":21,"turns":3},{"damage":5,"enemies":"Snecko","floor":24,"turns":3},{"damage":14,"enemies":"Gremlin Leader","floor":30,"turns":3},{"damage":0,"enemies":"Cultist and Chosen","floor":31,"turns":3},{"damage":47,"enemies":"Automaton","floor":33,"turns":8},{"damage":21,"enemies":"3 Shapes","floor":35,"turns":3},{"damage":11,"enemies":"Orb Walker","floor":39,"turns":3},{"damage":64,"enemies":"Sphere and 2 Shapes","floor":42,"turns":3}],"seed_played":"-2800191405594464093","potions_obtained":[{"floor":10,"key":"SneckoOil"},{"floor":12,"key":"ElixirPotion"},{"floor":21,"key":"Energy Potion"},{"floor":24,"key":"BlessingOfTheForge"},{"floor":31,"key":"HeartOfIron"},{"floor":35,"key":"ElixirPotion"}],"is_trial":false,"path_per_floor":["M","$","?","?","?","R","M","R","T","E","M","M","R","E","R","B",null,"M","?","?","M","?","R","M","R","T","R","R","$","E","M","R","B",null,"M","?","$","?","M","R","R","M"],"character_chosen":"IRONCLAD","items_purchased":["HandDrill","Shockwave","Shuriken"],"campfire_rested":1,"item_purchase_floors":[29,29,37],"current_hp_per_floor":[80,80,64,57,57,57,58,58,58,21,23,18,42,34,34,10,80,70,70,64,55,55,55,56,56,56,56,56,56,48,54,54,13,80,65,65,65,65,60,60,60,0,0],"gold":37,"neow_bonus":"ONE_RARE_RELIC","is_daily":false,"chose_seed":false,"campfire_upgraded":10,"win_rate":0.0,"timestamp":1612205527,"path_taken":["M","$","?","?","?","R","M","R","T","E","M","?","R","E","R","BOSS","M","?","?","M","?","R","M","R","T","R","R","$","E","?","R","BOSS","M","?","$","?","M","R","R","M"],"items_purchased_type":["Relic","Card","Relic"],"build_version":"2020-12-22","purchased_purges":2,"victory":false,"max_hp_per_floor":[80,80,80,80,80,80,80,80,80,80,80,80,80,80,80,80,80,80,80,80,80,80,80,80,80,80,80,80,80,80,80,80,80,80,80,80,80,80,80,80,80,80,80],"card_choices":[{"not_picked":["Wild Strike","Anger"],"picked":"Searing Blow","floor":1},{"not_picked":["Anger","Inflame"],"picked":"Shrug It Off","floor":7},{"not_picked":["Flame Barrier","Heavy Blade","Iron Wave"],"picked":"SKIP","floor":10},{"not_picked":["Iron Wave","Clothesline","Anger"],"picked":"SKIP","floor":11},{"not_picked":["Second Wind","Clash","Carnage"],"picked":"SKIP","floor":12},{"not_picked":["Pommel Strike","Clash"],"picked":"Spot Weakness","floor":14},{"not_picked":["Berserk","Brutality"],"picked":"Limit Break","floor":16},{"not_picked":["Perfected Strike+1","Clothesline"],"picked":"Headbutt","floor":18},{"not_picked":["Sword Boomerang","Entrench"],"picked":"Battle Trance","floor":21},{"not_picked":["Pommel Strike","Dropkick"],"picked":"Evolve+1","floor":24},{"not_picked":["Cleave","Anger","Shockwave"],"picked":"SKIP","floor":30},{"not_picked":["True Grit","Heavy Blade","Clash"],"picked":"SKIP","floor":31},{"not_picked":["Headbutt+1","Fire Breathing"],"picked":"Thunderclap","floor":35},{"not_picked":["Good Instincts","Deep Breath"],"picked":"Panache","floor":36},{"not_picked":["Heavy Blade+1","Headbutt","Rampage+1"],"picked":"SKIP","floor":39}],"player_experience":495355,"relics_obtained":[{"floor":9,"key":"Paper Frog"},{"floor":10,"key":"Lizard Tail"},{"floor":14,"key":"Bronze Scales"},{"floor":26,"key":"Ginger"},{"floor":30,"key":"Whetstone"}],"event_choices":[{"damage_healed":0,"gold_gain":0,"player_choice":"Entered Light","damage_taken":16,"max_hp_gain":0,"max_hp_loss":0,"event_name":"Shining Light","floor":3,"gold_loss":0,"cards_upgraded":["Strike_R","Strike_R"]},{"cards_removed":["Strike_R"],"damage_healed":0,"gold_gain":0,"player_choice":"Card Removal","damage_taken":7,"max_hp_gain":0,"max_hp_loss":0,"event_name":"Golden Wing","floor":4,"gold_loss":0},{"damage_healed":0,"gold_gain":0,"player_choice":"Take Wound","damage_taken":0,"relics_obtained":["Golden Idol"],"max_hp_gain":0,"max_hp_loss":0,"event_name":"Golden Idol","floor":5,"gold_loss":0,"cards_obtained":["Injury"]},{"damage_healed":0,"gold_gain":0,"player_choice":"Obtained Relic","damage_taken":0,"relics_obtained":["Potion Belt"],"max_hp_gain":0,"max_hp_loss":0,"event_name":"Addict","floor":19,"gold_loss":85},{"damage_healed":0,"gold_gain":0,"player_choice":"Joined the Cult","damage_taken":6,"max_hp_gain":0,"max_hp_loss":0,"event_name":"Nest","floor":20,"gold_loss":0,"cards_obtained":["RitualDagger"]},{"damage_healed":0,"gold_gain":0,"cards_transformed":["Strike_R"],"player_choice":"Transformed","damage_taken":0,"max_hp_gain":0,"max_hp_loss":0,"event_name":"Transmorgrifier","floor":22,"gold_loss":0,"cards_obtained":["Sentinel"]},{"damage_healed":0,"gold_gain":0,"player_choice":"Memory 1","damage_taken":0,"max_hp_gain":0,"max_hp_loss":0,"event_name":"SensoryStone","floor":36,"gold_loss":0},{"cards_removed":["Evolve"],"damage_healed":0,"gold_gain":0,"player_choice":"Removed Power","damage_taken":0,"max_hp_gain":0,"max_hp_loss":0,"event_name":"Falling","floor":38,"gold_loss":0}],"is_beta":false,"boss_relics":[{"not_picked":["Sozu","Fusion Hammer"],"picked":"Mark of Pain"},{"not_picked":["Philosopher\u0027s Stone","Velvet Choker"],"picked":"Runic Pyramid"}],"items_purged_floors":[2,29],"is_endless":false,"potions_floor_spawned":[10,12,21,24,31,35],"killed_by":"Sphere and 2 Shapes","ascension_level":2}}