{"host":"mdczi372un7rsq30","time":1612154885,"event":{"mods":["Aspiration","Astrologer","BaseMod","Colored Map","Conspire","DeckTracker","Downfall","GifTheSpireLib","Hubris","Infinite Spire","Minty Spire (QoL Compilation)","Rare Cards Sparkle","Replay The Spire","StSLib","Stuff the Spire","The Animator","The Elementalist","The Necromancer","The Saiyan","The Servant 0.9.4"],"gold_per_floor":[113,133,202,213,213,213,239,239,263,81,81,92,17,30,30,130,130,145,158,158,158],"floor_reached":20,"language":"ENG","playtime":1188,"items_purged":["Strike_S"],"score":174,"play_id":"c2166ef9-f098-4d85-958d-7432d066e0f0","local_time":"20210201054805","is_ascension_mode":false,"campfire_choices":[{"data":"SurpressingFire","floor":6,"key":"SMITH"},{"floor":11,"key":"RECALL"},{"floor":15,"key":"REST"}],"circlet_count":0,"master_deck":["Strike_S+1","Strike_S","Strike_S","Defend_S","Defend_S","Defend_S","Defend_S","KidneyShot","Exchange","FanOfKnives+1","SurpressingFire+1","Starlight","Revamp","KidneyShot","Rearm","Poisoned Strike","ReplayTheSpireMod:Private Reserves","Mind Blast","Rearm","StarChef","KillingDoll","CurseOfTheBell","SilverBlades+1","SilverBlades+1"],"relics":["Uniform","NeowsBlessing","hubris:Towel","Replay:Bottled Flurry","Whetstone","ReplayTheSpireMod:ShopPack","Calling Bell","aspiration:HiddenCompartment","infinitespire:ShieldingShard","Girya"],"acts_visited":["Exordium","TheCity"],"potions_floor_usage":[16,16],"damage_taken":[{"damage":0,"enemies":"infinitespire:Voidling","floor":1,"turns":1},{"damage":0,"enemies":"Cultist","floor":2,"turns":1},{"damage":0,"enemies":"Small Slimes","floor":4,"turns":1},{"damage":32,"enemies":"Gremlin Nob","floor":7,"turns":6},{"damage":0,"enemies":"3 Louse","floor":12,"turns":4},{"damage":12,"enemies":"Lots of Slimes","floor":14,"turns":6},{"damage":28,"enemies":"The Guardian","floor":16,"turns":10},{"damage":13,"enemies":"Spheric Guardian","floor":18,"turns":7},{"damage":7,"enemies":"3 Byrds","floor":19,"turns":5},{"damage":59,"enemies":"Masked Bandits","floor":20,"turns":3}],"seed_played":"-6021151763085792531","potions_obtained":[{"floor":2,"key":"SmokeBomb"},{"floor":4,"key":"Strength Potion"},{"floor":12,"key":"Block Potion"},{"floor":16,"key":"Elixir"},{"floor":19,"key":"SpeedPotion"}],"is_trial":false,"path_per_floor":["M","M","T","M","?","R","E","?","T","$","R","M","$","M","R","B",null,"M","M","?"],"character_chosen":"THE_SERVANT","items_purchased":["Rearm","ReplayTheSpireMod:ShopPack"],"campfire_rested":1,"item_purchase_floors":[10,10],"current_hp_per_floor":[65,65,65,65,65,65,33,33,33,33,33,33,33,21,40,12,65,52,45,0,0],"gold":158,"neow_bonus":"THREE_ENEMY_KILL","is_daily":false,"chose_seed":false,"campfire_upgraded":1,"win_rate":0.0,"timestamp":1612154885,"path_taken":["M","?","?","M","?","R","E","?","T","$","R","?","$","M","R","BOSS","M","M","?"],"items_purchased_type":["Card","Relic"],"build_version":"2020-12-22","purchased_purges":1,"victory":false,"max_hp_per_floor":[65,65,65,65,65,65,65,65,65,65,65,65,65,65,65,65,65,65,65,65,65],"card_choices":[{"not_picked":["FastForward","ShatteredReality"],"picked":"FanOfKnives","floor":1},{"not_picked":["Foresight","Rewind"],"picked":"SurpressingFire","floor":2},{"not_picked":["SilverBlades","Collapse"],"picked":"Starlight","floor":4},{"not_picked":["BottledTime","ShatteredReality"],"picked":"Revamp","floor":7},{"not_picked":["Transmutation","Replay:Dark Deal"],"picked":"Poisoned Strike","floor":10},{"not_picked":["Finesse","Dramatic Entrance"],"picked":"ReplayTheSpireMod:Private Reserves","floor":10},{"not_picked":["ReplayTheSpireMod:Necrogeddon","Impatience"],"picked":"Mind Blast","floor":10},{"not_picked":["Shuttle","Foresight"],"picked":"Rearm","floor":12},{"not_picked":["Spin","Hightail"],"picked":"StarChef","floor":14},{"not_picked":["SoulSculpture","TheWorld"],"picked":"KillingDoll","floor":16},{"not_picked":["Sabotage","Replace"],"picked":"SilverBlades+1","floor":18},{"not_picked":["TheWorld","Defy"],"picked":"SilverBlades+1","floor":19}],"player_experience":138881,"relics_obtained":[{"floor":7,"key":"Replay:Bottled Flurry"},{"floor":9,"key":"Whetstone"},{"floor":17,"key":"aspiration:HiddenCompartment"},{"floor":17,"key":"infinitespire:ShieldingShard"},{"floor":17,"key":"Girya"}],"event_choices":[{"damage_healed":0,"gold_gain":0,"player_choice":"1 cards matched","damage_taken":0,"max_hp_gain":0,"max_hp_loss":0,"event_name":"Match and Keep!","floor":8,"gold_loss":0,"cards_obtained":["KidneyShot"]},{"damage_healed":0,"gold_gain":0,"player_choice":"Fought Bandits","damage_taken":0,"max_hp_gain":0,"max_hp_loss":0,"event_name":"Masked Bandits","floor":20,"gold_loss":0}],"is_beta":false,"boss_relics":[{"not_picked":["hubris:HollowSoul","Honey Jar"],"picked":"Calling Bell"}],"items_purged_floors":[13],"is_endless":false,"potions_floor_spawned":[2,4,12,16,19],"killed_by":"Masked Bandits","ascension_level":0}}