{"host":"o6rpelx2jpc8yies","time":1612159809,"event":{"mods":["BaseMod","Downfall","Minty Spire (QoL Compilation)","StSLib"],"gold_per_floor":[99,117,128,128,148,175,221,240,140,156,171,52,68,168,178,255,255,255,269,269,269,269,269,324,341,291,320,347,389,301,313,337,425,437,449,471,528,540,540,540],"floor_reached":38,"language":"ENG","playtime":9783,"items_purged":["Pain"],"score":832,"play_id":"6c5899fa-58c5-4149-8729-8b849790400d","local_time":"20210131231009","is_ascension_mode":true,"campfire_choices":[{"floor":1,"key":"RECALL"},{"floor":9,"key":"REST"},{"data":"bronze:SpaghettiCode","floor":18,"key":"SMITH"},{"floor":23,"key":"REST"},{"floor":30,"key":"REST"},{"data":"bronze:Terminator","floor":35,"key":"SMITH"}],"circlet_count":0,"master_deck":["AscendersBane","bronze:Strike","bronze:Strike","bronze:Strike","bronze:Strike","bronze:Defend","bronze:Defend","bronze:Defend","bronze:Defend","bronze:Replicate","bronze:Goto","bronze:Constructor","bronze:Iterate","bronze:Separator","bronze:DelayedGuard","bronze:FineTuning","bronze:Constructor","bronze:Deprecate","bronze:OilSpill","bronze:Separator","bronze:Format","bronze:OilSpill+1","bronze:SpaghettiCode+1","bronze:Terminator+1","bronze:Turbo","bronze:Shield","bronze:Virus","bronze:Optimize","RitualDagger+1","bronze:Optimize","bronze:ShipIt","bronze:Iterate","bronze:FineTuning+1"],"relics":["bronze:BronzeCore","Nunchaku","WarpedTongs","Boot","Bag of Preparation","downfall:HeartBlessingRed","Sozu","sneckomod:BabySnecko","MawBank","Juzu Bracelet","downfall:HeartBlessingBlue","Black Star","Bird Faced Urn"],"acts_visited":["Exordium","TheCity","TheBeyond"],"potions_floor_usage":[6,16,16],"damage_taken":[{"damage":0,"enemies":"2 Louse","floor":2,"turns":4},{"damage":3,"enemies":"Cultist","floor":3,"turns":5},{"damage":18,"enemies":"Small Slimes","floor":5,"turns":3},{"damage":15,"enemies":"Lagavulin","floor":6,"turns":5},{"damage":0,"enemies":"2 Fungi Beasts","floor":8,"turns":2},{"damage":10,"enemies":"3 Louse","floor":10,"turns":3},{"damage":4,"enemies":"Gremlin Gang","floor":11,"turns":3},{"damage":4,"enemies":"downfall:FleeingMerchant","floor":12,"turns":4},{"damage":0,"enemies":"2 Fungi Beasts","floor":13,"turns":2},{"damage":0,"enemies":"Blue Slaver","floor":15,"turns":3},{"damage":20,"enemies":"DF_ARCHETYPE_STREAMLINE","floor":16,"turns":9},{"damage":12,"enemies":"3 Byrds","floor":19,"turns":5},{"damage":0,"enemies":"Spheric Guardian","floor":25,"turns":2},{"damage":24,"enemies":"Slavers","floor":27,"turns":5},{"damage":0,"enemies":"Snecko","floor":28,"turns":3},{"damage":16,"enemies":"Book of Stabbing","floor":29,"turns":3},{"damage":0,"enemies":"Centurion and Healer","floor":32,"turns":2},{"damage":53,"enemies":"IC_MUSHROOM_ARCHETYPE","floor":33,"turns":9},{"damage":0,"enemies":"Orb Walker","floor":36,"turns":2},{"damage":46,"enemies":"2 Orb Walkers","floor":37,"turns":7},{"damage":18,"enemies":"2 Orb Walkers","floor":38,"turns":2}],"seed_played":"-1029426840362212280","potions_obtained":[{"floor":5,"key":"Guardian:BlockOnCardUsePotion"},{"floor":6,"key":"hexamod:SoulburnPotion"},{"floor":8,"key":"Guardian:BlockOnCardUsePotion"},{"floor":10,"key":"Weak Potion"}],"is_trial":false,"path_per_floor":["R","M","M","?","M","E","T","M","R","M","M","$","M","?","M","B",null,"R","M","?","?","?","R","T","M","?","E","M","E","R","?","M","B",null,"R","M","?","?"],"character_chosen":"THE_AUTOMATON","items_purchased":["bronze:Separator"],"campfire_rested":3,"item_purchase_floors":[12],"current_hp_per_floor":[57,57,54,54,36,21,21,21,39,29,25,21,21,21,21,1,48,48,36,36,49,37,55,55,55,63,39,39,23,54,54,54,1,55,55,55,9,0,0,0],"gold":540,"neow_bonus":"RANDOM_COMMON_RELIC","is_daily":false,"chose_seed":false,"campfire_upgraded":2,"win_rate":0.0,"timestamp":1612159809,"path_taken":["R","M","M","?","M","E","T","M","R","M","M","$","?","?","M","BOSS","R","M","?","?","?","R","T","?","?","E","M","E","R","?","M","BOSS","R","M","?","?"],"items_purchased_type":["Card"],"build_version":"2020-12-22","purchased_purges":1,"victory":false,"max_hp_per_floor":[63,63,63,63,63,63,63,63,63,63,63,63,63,63,63,63,63,63,63,63,63,63,63,63,63,63,63,63,63,73,73,73,73,73,73,73,73,73,73,73],"card_choices":[{"not_picked":["bronze:Iterate","bronze:FineTuning"],"picked":"bronze:Constructor","floor":2},{"not_picked":["bronze:Shell","bronze:Constructor"],"picked":"bronze:Iterate","floor":3},{"not_picked":["bronze:CloningBeam","bronze:CutThrough"],"picked":"bronze:Separator","floor":5},{"not_picked":["bronze:Constructor","bronze:FineTuning"],"picked":"bronze:DelayedGuard","floor":6},{"not_picked":["bronze:BugBarrage","bronze:DelayedGuard"],"picked":"bronze:FineTuning","floor":8},{"not_picked":["bronze:InfiniteBeams","bronze:BitShift"],"picked":"bronze:Constructor","floor":10},{"not_picked":["bronze:ForLoop","bronze:FineTuning"],"picked":"bronze:Deprecate","floor":11},{"not_picked":["bronze:MaxOutput","bronze:WildBeam"],"picked":"bronze:OilSpill","floor":12},{"not_picked":["bronze:Shell","bronze:Constructor"],"picked":"bronze:Format","floor":13},{"not_picked":["bronze:Allocate","bronze:GetLatest"],"picked":"bronze:OilSpill","floor":15},{"not_picked":["bronze:RecursiveStrike","bronze:InfiniteLoop"],"picked":"bronze:SpaghettiCode","floor":16},{"not_picked":["bronze:Boost","bronze:Deprecate"],"picked":"bronze:Terminator","floor":19},{"not_picked":["bronze:Iterate","bronze:Branch"],"picked":"bronze:Turbo","floor":25},{"not_picked":["bronze:Flail","bronze:BronzeOrb"],"picked":"bronze:Shield","floor":27},{"not_picked":["bronze:WhirlingStrike+1","bronze:DelayedSlice"],"picked":"bronze:Virus","floor":28},{"not_picked":["bronze:Invalidate","bronze:Iterate"],"picked":"bronze:Optimize","floor":29},{"not_picked":["bronze:Safeguard","bronze:Deprecate"],"picked":"bronze:Optimize","floor":32},{"not_picked":["bronze:TinkerersToolbox","bronze:Library"],"picked":"bronze:ShipIt","floor":33},{"not_picked":["bronze:WildBeam","bronze:Separator"],"picked":"bronze:Iterate","floor":36},{"not_picked":["bronze:WhirlingStrike","bronze:CutThrough"],"picked":"bronze:FineTuning+1","floor":37}],"player_experience":1909841,"relics_obtained":[{"floor":6,"key":"Boot"},{"floor":7,"key":"Bag of Preparation"},{"floor":27,"key":"MawBank"},{"floor":29,"key":"Juzu Bracelet"},{"floor":37,"key":"Bird Faced Urn"}],"event_choices":[{"damage_healed":13,"gold_gain":0,"player_choice":"Heal","damage_taken":0,"max_hp_gain":0,"max_hp_loss":0,"event_name":"The Library","floor":21,"gold_loss":0},{"damage_healed":0,"gold_gain":0,"player_choice":"Fight","damage_taken":0,"max_hp_gain":0,"max_hp_loss":0,"event_name":"Mysterious Sphere","floor":37,"gold_loss":0}],"is_beta":false,"boss_relics":[{"not_picked":["Runic Pyramid","Runic Dome"],"picked":"Sozu"},{"not_picked":["SacredBark","Astrolabe"],"picked":"Black Star"}],"items_purged_floors":[12],"is_endless":false,"potions_floor_spawned":[5,6,8,10,13,15,19,29,33],"killed_by":"2 Orb Walkers","ascension_level":20}}