{"host":"m6aaltr68g9tvoay","time":1612141515,"event":{"mods":["AchievementEnabler","BaseMod","Colored Map","Downfall","Minty Spire (QoL Compilation)","StSLib"],"gold_per_floor":[99,109,125,275,287,187,237,255,255,255,270,298,317,332,343,343,343],"floor_reached":16,"language":"ENG","playtime":705,"items_purged":[],"score":133,"play_id":"c16a5f3c-f3a2-437d-a0b9-dbe269e0f485","local_time":"20210131170515","is_ascension_mode":true,"campfire_choices":[{"floor":1,"key":"RECALL"},{"data":"bronze:DelayedSlice","floor":6,"key":"SMITH"},{"floor":9,"key":"REST"}],"circlet_count":0,"master_deck":["bronze:Strike","bronze:Strike","bronze:Strike","bronze:Strike","bronze:Defend","bronze:Defend","bronze:Defend","bronze:Defend","bronze:Replicate","bronze:Goto","bronze:HardenedForm","bronze:ChosenStrike","bronze:DelayedSlice+1","downfall:Icky","bronze:Boost","bronze:Iterate","Decay","bronze:BronzeArmor","bronze:WildBeam","bronze:ChildClass","bronze:ShipIt","bronze:WhirlingStrike"],"relics":["bronze:BronzeCore","downfall:HeartBlessingRed","Boot","sneckomod:BlankCard"],"acts_visited":["Exordium"],"potions_floor_usage":[8,16,16],"damage_taken":[{"damage":5,"enemies":"Small Slimes","floor":2,"turns":4},{"damage":1,"enemies":"Cultist","floor":3,"turns":3},{"damage":7,"enemies":"Jaw Worm","floor":5,"turns":3},{"damage":10,"enemies":"Gremlin Gang","floor":8,"turns":3},{"damage":0,"enemies":"Blue Slaver","floor":11,"turns":1},{"damage":24,"enemies":"3 Sentries","floor":12,"turns":5},{"damage":2,"enemies":"2 Fungi Beasts","floor":13,"turns":3},{"damage":0,"enemies":"Red Slaver","floor":14,"turns":1},{"damage":12,"enemies":"Exordium Wildlife","floor":15,"turns":3},{"damage":37,"enemies":"WA_ARCHETYPE_RETAIN","floor":16,"turns":5}],"seed_played":"-916698387643142798","potions_obtained":[{"floor":2,"key":"SkillPotion"},{"floor":5,"key":"hexamod:SoulburnPotion"},{"floor":13,"key":"Explosive Potion"}],"is_trial":false,"path_per_floor":["R","M","M","?","M","R","T","M","R","?","M","E","M","M","M","B"],"character_chosen":"THE_AUTOMATON","items_purchased":[],"campfire_rested":1,"item_purchase_floors":[],"current_hp_per_floor":[70,65,64,64,57,57,57,47,68,68,68,44,42,42,30,0,0],"gold":343,"neow_bonus":"ONE_RANDOM_RARE_CARD","is_daily":false,"chose_seed":false,"campfire_upgraded":1,"win_rate":0.0,"timestamp":1612141515,"path_taken":["R","M","M","?","M","R","T","M","R","?","M","E","?","M","M","BOSS"],"items_purchased_type":[],"build_version":"2020-12-22","purchased_purges":0,"victory":false,"max_hp_per_floor":[70,70,70,70,70,70,70,70,70,70,70,70,70,70,70,70,70],"card_choices":[{"not_picked":["bronze:Safeguard","bronze:Frontload"],"picked":"bronze:ChosenStrike","floor":2},{"not_picked":["bronze:CutThrough","bronze:BitShift"],"picked":"bronze:DelayedSlice","floor":3},{"not_picked":["bronze:BitShift","bronze:BuggyMess"],"picked":"bronze:Boost","floor":5},{"not_picked":["bronze:ClassDefault","bronze:DelayedGuard"],"picked":"bronze:Iterate","floor":8},{"not_picked":["bronze:Shell","bronze:DelayedSlice"],"picked":"bronze:BronzeArmor","floor":11},{"not_picked":["bronze:Constructor","bronze:Overheat"],"picked":"bronze:WildBeam","floor":12},{"not_picked":["bronze:Constructor","bronze:Turbo"],"picked":"bronze:ChildClass","floor":13},{"not_picked":["bronze:Overload","bronze:Turbo"],"picked":"bronze:ShipIt","floor":14},{"not_picked":["bronze:Invalidate","bronze:BuggyMess"],"picked":"bronze:WhirlingStrike","floor":15}],"player_experience":1814911,"relics_obtained":[{"floor":7,"key":"Boot"},{"floor":12,"key":"sneckomod:BlankCard"}],"event_choices":[{"damage_healed":0,"gold_gain":0,"player_choice":"Cursed","damage_taken":0,"max_hp_gain":0,"max_hp_loss":0,"event_name":"Wheel of Change","floor":10,"gold_loss":0,"cards_obtained":["Decay"]}],"is_beta":false,"boss_relics":[],"items_purged_floors":[],"is_endless":false,"potions_floor_spawned":[2,5,13],"killed_by":"WA_ARCHETYPE_RETAIN","ascension_level":5}}