{"host":"359hz4210ybch7ku","time":1612158709,"event":{"mods":["BaseMod","Block Reminder","Colored Map","Colored Powertips","Highlight Path","Minty Spire (QoL Compilation)","Slay the Relics Exporter","StSLib"],"gold_per_floor":[113,113,129,104,127,127,176,207,207,207,234,249,249,64,64,168,168,186,186,186,109,126,126,51,51,76,89,106,27,27,127,127,222,272,291,35,35,51,51,51,83,83,83,99,117,117,129,181,181,181],"floor_reached":51,"language":"ENG","playtime":3373,"items_purged":["Defend_G","Defend_G"],"score":946,"play_id":"ad6a2ecc-2161-49da-92d7-74d98048eb99","local_time":"20210131215149","is_ascension_mode":true,"campfire_choices":[{"data":"Cloak And Dagger","floor":6,"key":"SMITH"},{"data":"Backstab","floor":10,"key":"SMITH"},{"data":"Sucker Punch","floor":13,"key":"SMITH"},{"floor":15,"key":"REST"},{"data":"After Image","floor":23,"key":"SMITH"},{"data":"Wraith Form v2","floor":30,"key":"SMITH"},{"data":"Accuracy","floor":32,"key":"SMITH"},{"data":"Blade Dance","floor":40,"key":"SMITH"},{"data":"Burst","floor":42,"key":"SMITH"},{"data":"Blind","floor":46,"key":"SMITH"},{"data":"Acrobatics","floor":49,"key":"SMITH"}],"circlet_count":0,"master_deck":["Strike_G","Strike_G","Strike_G","Strike_G","Strike_G","Defend_G+1","Defend_G+1","Defend_G","Survivor","Neutralize","Blade Dance+1","Cloak And Dagger+1","Blade Dance+1","Backstab+1","Burst+1","Sucker Punch+1","Accuracy+1","After Image+1","Riddle With Holes+1","Blur","Acrobatics+1","Wraith Form v2+1","Malaise","Blur","Blade Dance+1","Blind+1","Accuracy+1","Backstab+1","Expertise+1"],"relics":["Ring of the Snake","Tiny Chest","Blood Vial","Nunchaku","Darkstone Periapt","StrikeDummy","Strawberry","Sling","Runic Dome","White Beast Statue","Mercury Hourglass","Mango","War Paint","Dead Branch","Sundial","Tiny House","Boot","HornCleat","Juzu Bracelet","FossilizedHelix","Unceasing Top"],"acts_visited":["Exordium","TheCity","TheBeyond"],"potions_floor_usage":[31,33,50,50,50],"damage_taken":[{"damage":6,"enemies":"Jaw Worm","floor":1,"turns":4},{"damage":0,"enemies":"Cultist","floor":3,"turns":4},{"damage":39,"enemies":"Lagavulin","floor":8,"turns":9},{"damage":12,"enemies":"Gremlin Nob","floor":11,"turns":3},{"damage":0,"enemies":"2 Louse","floor":12,"turns":1},{"damage":10,"enemies":"Hexaghost","floor":16,"turns":10},{"damage":0,"enemies":"2 Thieves","floor":18,"turns":4},{"damage":0,"enemies":"3 Byrds","floor":22,"turns":3},{"damage":0,"enemies":"Centurion and Healer","floor":27,"turns":4},{"damage":0,"enemies":"Snake Plant","floor":28,"turns":4},{"damage":2,"enemies":"Colosseum Slavers","floor":31,"turns":4},{"damage":0,"enemies":"Colosseum Nobs","floor":31,"turns":3},{"damage":0,"enemies":"Collector","floor":33,"turns":7},{"damage":0,"enemies":"3 Darklings","floor":35,"turns":4},{"damage":0,"enemies":"3 Shapes","floor":38,"turns":2},{"damage":0,"enemies":"Giant Head","floor":41,"turns":4},{"damage":0,"enemies":"Spire Growth","floor":44,"turns":4},{"damage":0,"enemies":"Sphere and 2 Shapes","floor":45,"turns":3},{"damage":4,"enemies":"4 Shapes","floor":47,"turns":4},{"damage":0,"enemies":"2 Orb Walkers","floor":48,"turns":2},{"damage":0,"enemies":"Donu and Deca","floor":50,"turns":7}],"seed_played":"2752643266237353641","potions_obtained":[{"floor":8,"key":"SneckoOil"},{"floor":11,"key":"DuplicationPotion"},{"floor":22,"key":"SmokeBomb"},{"floor":28,"key":"PowerPotion"},{"floor":31,"key":"SkillPotion"},{"floor":33,"key":"BlessingOfTheForge"},{"floor":41,"key":"Fire Potion"},{"floor":44,"key":"Swift Potion"},{"floor":47,"key":"DuplicationPotion"}],"is_trial":false,"path_per_floor":["M","?","M","$","T","R","T","E","T","R","E","M","R","$","R","B",null,"M","T","?","$","M","R","$","T","T","M","M","$","R","?","R","B",null,"M","$","?","M","T","R","E","R","T","M","M","R","M","?","R","B",null],"character_chosen":"THE_SILENT","items_purchased":["Blade Dance","Accuracy","Sling","Blur","Wraith Form v2","Boot"],"campfire_rested":1,"item_purchase_floors":[4,14,14,21,29,36],"current_hp_per_floor":[64,70,70,70,70,70,70,31,31,31,28,30,30,30,53,45,77,77,77,77,77,77,77,77,91,91,91,91,91,91,91,91,91,96,96,96,96,96,96,96,96,96,96,96,96,96,92,94,94,96],"gold":181,"neow_bonus":"RANDOM_COMMON_RELIC","is_daily":false,"chose_seed":false,"campfire_upgraded":10,"win_rate":0.0,"timestamp":1612158709,"path_taken":["M","?","M","?","?","R","?","E","T","R","E","M","R","$","R","BOSS","M","?","?","?","M","R","$","?","T","M","?","$","R","?","R","BOSS","M","$","?","M","?","R","E","R","T","M","M","R","M","?","R","BOSS"],"items_purchased_type":["Card","Card","Relic","Card","Card","Relic"],"build_version":"2020-12-22","purchased_purges":2,"victory":true,"max_hp_per_floor":[70,70,70,70,70,70,70,70,70,70,77,77,77,77,77,77,77,77,77,77,77,77,77,77,91,91,91,91,91,91,91,91,91,96,96,96,96,96,96,96,96,96,96,96,96,96,96,96,96,96],"card_choices":[{"not_picked":["Underhanded Strike","Deadly Poison"],"picked":"Blade Dance","floor":1},{"not_picked":["Dagger Throw","Dagger Spray"],"picked":"Cloak And Dagger","floor":3},{"not_picked":["Flying Knee","Bouncing Flask"],"picked":"Backstab","floor":8},{"not_picked":["Footwork","Finisher"],"picked":"Burst","floor":11},{"not_picked":["Deadly Poison","Outmaneuver"],"picked":"Sucker Punch","floor":12},{"not_picked":["Grand Finale","Burst"],"picked":"After Image","floor":16},{"not_picked":["Crippling Poison+1","Dagger Spray+1"],"picked":"Riddle With Holes+1","floor":18},{"not_picked":["Crippling Poison","Prepared","Quick Slash"],"picked":"SKIP","floor":22},{"not_picked":["Prepared","Quick Slash","Calculated Gamble"],"picked":"SKIP","floor":27},{"not_picked":["Eviscerate","Dodge and Roll"],"picked":"Acrobatics","floor":28},{"not_picked":["Night Terror","Unload"],"picked":"Malaise","floor":33},{"not_picked":["Quick Slash+1","Endless Agony"],"picked":"Blur","floor":34},{"not_picked":["Catalyst+1","Deadly Poison"],"picked":"Blade Dance+1","floor":35},{"not_picked":["Good Instincts","PanicButton"],"picked":"Blind","floor":37},{"not_picked":["Flechettes","Quick Slash+1"],"picked":"Accuracy+1","floor":38},{"not_picked":["Acrobatics","Blade Dance"],"picked":"Backstab+1","floor":41},{"not_picked":["Venomology","PiercingWail+1"],"picked":"Expertise+1","floor":44},{"not_picked":["Outmaneuver","Bane","Noxious Fumes+1"],"picked":"SKIP","floor":45},{"not_picked":["Escape Plan+1","Heel Hook+1","Poisoned Stab"],"picked":"SKIP","floor":47}],"player_experience":301596,"relics_obtained":[{"floor":5,"key":"Blood Vial"},{"floor":7,"key":"Nunchaku"},{"floor":8,"key":"Darkstone Periapt"},{"floor":9,"key":"StrikeDummy"},{"floor":11,"key":"Strawberry"},{"floor":19,"key":"White Beast Statue"},{"floor":25,"key":"Mango"},{"floor":26,"key":"War Paint"},{"floor":31,"key":"Dead Branch"},{"floor":31,"key":"Sundial"},{"floor":39,"key":"HornCleat"},{"floor":41,"key":"Juzu Bracelet"},{"floor":43,"key":"FossilizedHelix"},{"floor":48,"key":"Unceasing Top"}],"event_choices":[{"damage_healed":6,"gold_gain":0,"player_choice":"Full Heal","damage_taken":0,"max_hp_gain":0,"max_hp_loss":0,"event_name":"Wheel of Change","floor":2,"gold_loss":0},{"damage_healed":0,"gold_gain":0,"player_choice":"Opened","damage_taken":0,"relics_obtained":["Mercury Hourglass"],"max_hp_gain":0,"max_hp_loss":0,"event_name":"The Mausoleum","floor":20,"gold_loss":0},{"damage_healed":0,"gold_gain":0,"player_choice":"Fight","damage_taken":0,"max_hp_gain":0,"max_hp_loss":0,"event_name":"Colosseum","floor":31,"gold_loss":0},{"damage_healed":0,"gold_gain":0,"player_choice":"Fought Nobs","damage_taken":0,"max_hp_gain":0,"max_hp_loss":0,"event_name":"Colosseum","floor":31,"gold_loss":0},{"damage_healed":0,"gold_gain":0,"player_choice":"Memory 1","damage_taken":0,"max_hp_gain":0,"max_hp_loss":0,"event_name":"SensoryStone","floor":37,"gold_loss":0},{"damage_healed":0,"gold_gain":0,"player_choice":"Fight","damage_taken":0,"max_hp_gain":0,"max_hp_loss":0,"event_name":"Mysterious Sphere","floor":48,"gold_loss":0}],"is_beta":false,"boss_relics":[{"not_picked":["SacredBark","Coffee Dripper"],"picked":"Runic Dome"},{"not_picked":["Calling Bell","Cursed Key"],"picked":"Tiny House"}],"items_purged_floors":[24,36],"is_endless":false,"potions_floor_spawned":[8,11,22,27,28,31,31,33,35,38,41,44,45,47,48],"ascension_level":3}}