{"host":"fortuna","time":1612177686,"event":{"mods":["100% Spire Juice","Act Like it!","Arknights","BaseMod","Downfall","Gensokyo","Hallownest","Luminous","Minty Spire (QoL Compilation)","Reimu£®≤©¿ˆ¡È√Œ£©","Relic Stats","StSLib","The Administrix","Waifu the Spire","WarShipGirlsR/’ΩΩ¢…Ÿ≈ÆR mod","Yakumo Yukari mod"],"gold_per_floor":[109,109,109,109,125,159,172,77,102,121,149,182,182,182,182,282,42,54,65,75,25,43,68,68,68,143,161,161,193,193,57,57,165,165,191,191,191,191,191,231,231,253,300,300,316,325,353,353,353,353,353,353,23,65,65,65],"floor_reached":55,"language":"ZHS","playtime":2376,"items_purged":[],"score":1053,"play_id":"f0105403-df0c-45a3-8018-c2ae536dbe6d","local_time":"20210201190806","is_ascension_mode":true,"campfire_choices":[{"data":"Moonworks:ReflectiveShell","floor":15.0,"key":"SMITH"},{"data":"Moonworks:MetallicMonocoque","floor":24.0,"key":"SMITH"},{"floor":30.0,"key":"REST"},{"data":"Moonworks:CrystalBarrier","floor":32.0,"key":"SMITH"},{"data":"Moonworks:SubspaceTunnel","floor":41.0,"key":"SMITH"},{"data":"Moonworks:PlushieMaster","floor":44.0,"key":"SMITH"},{"floor":49,"key":"RECALL"},{"data":"Moonworks:WindyEnchantment","floor":52,"key":"SMITH"}],"circlet_count":0,"master_deck":["Moonworks:Strike","Moonworks:Strike","Moonworks:Defend","Moonworks:Defend","Moonworks:Defend+1","Moonworks:Ambush+1","Moonworks:LongDistanceShot","Moonworks:StarBlastingFuse","Moonworks:SweetBattle","Moonworks:WindyEnchantment+1","Moonworks:EvilSpyWorkPreparation","Moonworks:FullSpeedAlicianrone","Moonworks:NicePresent","Moonworks:CompletionReward","Moonworks:ReflectiveShell+1","Moonworks:PlushieMaster+1","Moonworks:DeployBits+1","Moonworks:LulusLuckyEgg+1","Moonworks:Accelerator+1","Moonworks:BigMagnum+1","Moonworks:Dash+1","Moonworks:MetallicMonocoque+1","Moonworks:CrystalBarrier+1","Shame","Moonworks:ShieldCounter","Moonworks:SubspaceTunnel+1","Moonworks:CookingTime+1","Moonworks:BigMagnum+1","Moonworks:NicePresent+1","Moonworks:RagingMadness","Flash of Steel","Thinking Ahead","Moonworks:PlushieMaster"],"relics":["Moonworks:BrokenBomb","Moonworks:Homemark","NeowsBlessing","Gensokyo:Justice","War Paint","Dream Catcher","Happy Flower","Pear","HornCleat","Astrolabe","Vajra","Gensokyo:SongOfSouls","Letter Opener","CeramicFish","Sozu","Torii","Bag of Marbles","Bag of Preparation","Ice Cream","Du-Vu Doll"],"acts_visited":["Gensokyo:Gensokyo","Gensokyo:Gensokyoer","Gensokyo:Gensokyoest","TheEnding"],"potions_floor_usage":[55,55,55],"damage_taken":[{"damage":0.0,"enemies":"Gensokyo:2_Kodama","floor":1.0,"turns":1.0},{"damage":0.0,"enemies":"Gensokyo:3_Fairies","floor":5.0,"turns":1.0},{"damage":0.0,"enemies":"Gensokyo:Mamizou","floor":6.0,"turns":2.0},{"damage":0.0,"enemies":"Gensokyo:Python","floor":7.0,"turns":3.0},{"damage":16.0,"enemies":"Gensokyo:Cirno","floor":8.0,"turns":5.0},{"damage":7.0,"enemies":"Gensokyo:2_Rabbits","floor":10.0,"turns":4.0},{"damage":0.0,"enemies":"Gensokyo:Mamizou","floor":11.0,"turns":4.0},{"damage":0.0,"enemies":"Gensokyo:Mamizou","floor":12.0,"turns":4.0},{"damage":14.0,"enemies":"Gensokyo:Yukari","floor":16.0,"turns":6.0},{"damage":0.0,"enemies":"Gensokyo:CosmicMonolith","floor":18.0,"turns":3.0},{"damage":0.0,"enemies":"Gensokyo:2_Gloops","floor":19.0,"turns":3.0},{"damage":0.0,"enemies":"Gensokyo:Slime_Group","floor":22.0,"turns":3.0},{"damage":0.0,"enemies":"Gensokyo:Reisen","floor":23.0,"turns":6.0},{"damage":2.0,"enemies":"Gensokyo:Chomper_and_Gloop","floor":27.0,"turns":3.0},{"damage":29.0,"enemies":"Gensokyo:Tenshi","floor":29.0,"turns":3.0},{"damage":3.0,"enemies":"Gensokyo:Eternal_Rivals","floor":33.0,"turns":8.0},{"damage":0.0,"enemies":"Gensokyo:3_Boulders","floor":35.0,"turns":3.0},{"damage":3.0,"enemies":"Gensokyo:Kasen","floor":40.0,"turns":6.0},{"damage":3.0,"enemies":"Gensokyo:3_Bats","floor":42.0,"turns":3.0},{"damage":12.0,"enemies":"Gensokyo:AtlasGolem","floor":45.0,"turns":4.0},{"damage":7,"enemies":"Gensokyo:Doremy","floor":47,"turns":4},{"damage":3,"enemies":"Gensokyo:Yuyuko","floor":50,"turns":7},{"damage":1,"enemies":"Shield and Spear","floor":54,"turns":5},{"damage":86,"enemies":"The Heart","floor":55,"turns":5}],"seed_played":"3619493497571237213","potions_obtained":[{"floor":6.0,"key":"Dexterity Potion"},{"floor":7.0,"key":"SpeedPotion"},{"floor":10.0,"key":"DistilledChaos"},{"floor":12.0,"key":"GamblersBrew"},{"floor":22.0,"key":"ColorlessPotion"}],"is_trial":false,"path_per_floor":["M","?","?","?","M","E","M","E","T","M","?","E","T","?","R","B",null,"M","M","?","?","M","E","R","?","T","M","?","E","R","$","R","B",null,"M","?","COS","?","?","E","R","M","T","R","M","?","E","?","R","B",null,"R","$","E","B"],"character_chosen":"THE_STARBREAKER","items_purchased":["Moonworks:ShieldCounter","Moonworks:RagingMadness","Flash of Steel","Thinking Ahead"],"campfire_rested":1,"item_purchase_floors":[31,53,53,53],"current_hp_per_floor":[60,60,60,54,54,54,54,46,46,39,47,59,59,59,59,51,70,70,70,66,66,66,66,66,66,66,66,66,37,56,56,56,53,66,66,66,66,40,40,37,37,34,34,34,30,30,33,33,33,33,66,66,66,65,0,0],"gold":65,"neow_bonus":"THREE_ENEMY_KILL","is_daily":false,"chose_seed":false,"campfire_upgraded":6,"win_rate":0.0,"timestamp":1612177686,"path_taken":["M","?","?","?","M","E","?","E","T","M","?","E","?","?","R","BOSS","M","M","?","?","M","E","R","?","T","M","?","E","R","?","R","BOSS","M","?","COS","?","?","E","R","M","T","R","?","?","E","?","R","BOSS","R","$","E","BOSS"],"items_purchased_type":["Card","Card","Card","Card"],"build_version":"2020-12-18","purchased_purges":0,"victory":false,"max_hp_per_floor":[60,60,60,60,60,60,60,60,60,60,60,70,70,70,70,70,70,70,70,66,66,66,66,66,66,66,66,66,66,66,66,66,66,66,66,66,66,66,66,66,66,66,66,66,66,66,66,66,66,66,66,66,66,66,66,66],"relic_stats":{"Sozu":4,"Dream Catcher":1,"Happy Flower":[25],"Torii":26,"counters":[24,96],"Astrolabe":["Moonworks:DeployBits","Moonworks:LulusLuckyEgg","Moonworks:Accelerator"],"CeramicFish":90,"Bag of Preparation":[10],"Letter Opener":[325],"War Paint":["Moonworks:Defend","Moonworks:EvilSpyWorkPreparation"],"obtain_stats":[{"Ice Cream":47,"Pear":12,"NeowsBlessing":0,"Happy Flower":11,"Torii":38,"Astrolabe":17,"CeramicFish":29,"Vajra":23,"Bag of Preparation":43,"Gensokyo:Justice":2,"Letter Opener":26,"War Paint":6,"Sozu":34,"Du-Vu Doll":54,"Dream Catcher":8,"HornCleat":13,"Moonworks:Homemark":0,"Bag of Marbles":40,"Moonworks:BrokenBomb":0,"Gensokyo:SongOfSouls":25},{"Ice Cream":21,"Pear":8,"NeowsBlessing":0,"Happy Flower":7,"Torii":17,"Astrolabe":9,"CeramicFish":15,"Vajra":13,"Bag of Preparation":19,"Gensokyo:Justice":1,"Letter Opener":13,"War Paint":3,"Sozu":16,"Du-Vu Doll":23,"Dream Catcher":5,"HornCleat":8,"Moonworks:Homemark":0,"Bag of Marbles":18,"Moonworks:BrokenBomb":0,"Gensokyo:SongOfSouls":13},{"Ice Cream":79,"Pear":24,"NeowsBlessing":0,"Happy Flower":20,"Torii":62,"Astrolabe":30,"CeramicFish":51,"Vajra":45,"Bag of Preparation":71,"Gensokyo:Justice":1,"Letter Opener":45,"War Paint":4,"Sozu":59,"Du-Vu Doll":91,"Dream Catcher":12,"HornCleat":24,"Moonworks:Homemark":0,"Bag of Marbles":68,"Moonworks:BrokenBomb":0,"Gensokyo:SongOfSouls":45}]},"card_choices":[{"not_picked":["Moonworks:ImOnFire","Moonworks:IndiscriminateFireSupport"],"picked":"Moonworks:EvilSpyWorkPreparation","floor":1.0},{"not_picked":["Moonworks:ExtendedPhotonRifle","Moonworks:DevilHand"],"picked":"Moonworks:EvilSpyWorkPreparation","floor":5.0},{"not_picked":["Moonworks:Flamethrower","Moonworks:Assault"],"picked":"Moonworks:StarBlastingFuse","floor":6.0},{"not_picked":["Moonworks:ScrambledEve","Moonworks:JonathanRush"],"picked":"Moonworks:SweetBattle","floor":7.0},{"not_picked":["Moonworks:CompletionReward","Moonworks:BigMagnum"],"picked":"Moonworks:WindyEnchantment","floor":8.0},{"not_picked":["Moonworks:ImOnFire","Moonworks:Assault"],"picked":"Moonworks:EvilSpyWorkPreparation","floor":10.0},{"not_picked":["Moonworks:TacticalRetreat","Moonworks:Assault"],"picked":"Moonworks:FullSpeedAlicianrone","floor":11.0},{"not_picked":["Moonworks:StiffCrystal","Moonworks:SakisCookie"],"picked":"Moonworks:NicePresent","floor":12.0},{"not_picked":["Moonworks:EvilSpyWorkPreparation","Moonworks:BigBangBell"],"picked":"Moonworks:CompletionReward","floor":14.0},{"not_picked":["Moonworks:JonathanRush","Moonworks:RagingMadness"],"picked":"Moonworks:ReflectiveShell","floor":14.0},{"not_picked":["Moonworks:FinalBattle","Moonworks:Gamble"],"picked":"Moonworks:PlushieMaster","floor":16.0},{"not_picked":["Moonworks:Bloodlust+1","Moonworks:SelfDestruct"],"picked":"Moonworks:BigMagnum","floor":18.0},{"not_picked":["Moonworks:EvilSpyWorkPreparation","Moonworks:CloudOfSeagulls","Moonworks:ScrambledEve"],"picked":"SKIP","floor":19.0},{"not_picked":[],"picked":"Moonworks:Dash","floor":21.0},{"not_picked":[],"picked":"Moonworks:MetallicMonocoque","floor":21.0},{"not_picked":["Moonworks:DeployBits+1","Moonworks:SakisCookie+1","Moonworks:BindingChains"],"picked":"SKIP","floor":22.0},{"not_picked":["Moonworks:ScrambledEve","Moonworks:NicePresent"],"picked":"Moonworks:CrystalBarrier","floor":23.0},{"not_picked":["Moonworks:BigMagnum","Moonworks:IndiscriminateFireSupport","Moonworks:SakisCookie"],"picked":"SKIP","floor":27.0},{"not_picked":["Moonworks:FinalSurgery","Moonworks:LulusLuckyEgg","Moonworks:IndiscriminateFireSupport+1"],"picked":"SKIP","floor":29.0},{"not_picked":["Moonworks:SinkOrSwim","Moonworks:Encore"],"picked":"Moonworks:SubspaceTunnel","floor":33.0},{"not_picked":["Moonworks:SakisCookie","Moonworks:WindyEnchantment+1"],"picked":"Moonworks:CookingTime+1","floor":35.0},{"not_picked":["Moonworks:FinalSurgery","Moonworks:LulusLuckyEgg+1"],"picked":"Moonworks:BigMagnum+1","floor":40.0},{"not_picked":["Moonworks:ImOnFire","Moonworks:ExtendedPhotonRifle+1"],"picked":"Moonworks:NicePresent+1","floor":42.0},{"not_picked":["Moonworks:TacticalRetreat+1","Moonworks:Assault","Moonworks:IntelligenceOfficer"],"picked":"SKIP","floor":45.0},{"not_picked":["Moonworks:EvilSpyWorkPreparation+1","Moonworks:BeyondHell+1","Moonworks:BindingChains"],"picked":"SKIP","floor":47},{"not_picked":["Moonworks:Assault","Moonworks:BigMagnum"],"picked":"Moonworks:PlushieMaster","floor":54}],"player_experience":304816,"relics_obtained":[{"floor":6.0,"key":"War Paint"},{"floor":8.0,"key":"Dream Catcher"},{"floor":11.0,"key":"Happy Flower"},{"floor":12.0,"key":"Pear"},{"floor":13.0,"key":"HornCleat"},{"floor":23.0,"key":"Vajra"},{"floor":26.0,"key":"Letter Opener"},{"floor":29.0,"key":"CeramicFish"},{"floor":40.0,"key":"Bag of Marbles"},{"floor":43.0,"key":"Bag of Preparation"},{"floor":47,"key":"Ice Cream"},{"floor":54,"key":"Du-Vu Doll"}],"event_choices":[],"is_beta":true,"boss_relics":[{"not_picked":["Calling Bell","RedLine:ReiMu"],"picked":"Astrolabe"},{"not_picked":["Philosopher\u0027s Stone","SacredBark"],"picked":"Sozu"}],"items_purged_floors":[],"is_endless":false,"potions_floor_spawned":[6,7,10,11,12,22,27,29,33,40,45,47,54],"killed_by":"The Heart","ascension_level":1}}