{"host":"4rvakrj1idbgia3f","time":1612192707,"event":{"mods":["BaseMod","Colored Map","Colored Powertips","DeckTracker","Highlight Path","Minty Spire (QoL Compilation)","Random Character Button","StSLib"],"gold_per_floor":[118,129,146,146,146,146,177,177,229,246,258,52,52,85,85,161,161,172,172,19,32,45,45,45,45],"floor_reached":24,"language":"JPN","playtime":883,"items_purged":["Bite"],"score":437,"play_id":"b3375409-9d25-4e13-a8e9-878338ab5558","local_time":"20210202001827","is_ascension_mode":true,"campfire_choices":[{"data":"Cleave","floor":6,"key":"SMITH"},{"data":"Bash","floor":8,"key":"SMITH"},{"data":"Evolve","floor":13,"key":"SMITH"},{"data":"Second Wind","floor":15,"key":"SMITH"},{"data":"Immolate","floor":23,"key":"SMITH"}],"circlet_count":0,"master_deck":["AscendersBane","Defend_R","Defend_R+1","Defend_R","Defend_R","Bash+1","Wild Strike+1","Spot Weakness","Cleave+1","Battle Trance","Twin Strike","Second Wind+1","Evolve+1","Juggernaut","Immolate+1","Wild Strike","Bite","Bite","Bite","Bite","Dark Embrace","Spot Weakness"],"relics":["Burning Blood","Omamori","Anchor","Orichalcum","Medical Kit","Bottled Lightning","Sozu"],"acts_visited":["Exordium","TheCity"],"potions_floor_usage":[7,14,16,22],"damage_taken":[{"damage":7,"enemies":"Cultist","floor":1,"turns":4},{"damage":2,"enemies":"Jaw Worm","floor":2,"turns":3},{"damage":3,"enemies":"2 Louse","floor":3,"turns":3},{"damage":18,"enemies":"Gremlin Nob","floor":7,"turns":4},{"damage":0,"enemies":"Large Slime","floor":10,"turns":4},{"damage":0,"enemies":"Gremlin Gang","floor":11,"turns":3},{"damage":14,"enemies":"Lagavulin","floor":14,"turns":3},{"damage":18,"enemies":"Hexaghost","floor":16,"turns":7},{"damage":6,"enemies":"Chosen","floor":18,"turns":3},{"damage":17,"enemies":"Spheric Guardian","floor":21,"turns":4},{"damage":44,"enemies":"Shelled Parasite and Fungi","floor":22,"turns":5},{"damage":32,"enemies":"Slavers","floor":24,"turns":3}],"seed_played":"-4991168866244526422","potions_obtained":[{"floor":2,"key":"SpeedPotion"},{"floor":7,"key":"DuplicationPotion"},{"floor":11,"key":"Block Potion"},{"floor":14,"key":"DuplicationPotion"}],"is_trial":false,"path_per_floor":["M","M","M","?","?","R","E","R","T","M","M","$","R","E","R","B",null,"M","?","$","M","M","R","E"],"character_chosen":"IRONCLAD","items_purchased":["Medical Kit","Evolve","Dark Embrace"],"campfire_rested":0,"item_purchase_floors":[12,12,20],"current_hp_per_floor":[67,71,74,74,51,51,39,39,39,45,51,51,51,43,43,31,64,64,52,52,47,17,17,0,0],"gold":45,"neow_bonus":"RANDOM_COMMON_RELIC","is_daily":false,"chose_seed":false,"campfire_upgraded":5,"win_rate":0.0,"timestamp":1612192707,"path_taken":["M","?","M","?","?","R","E","R","T","M","M","?","R","E","R","BOSS","M","?","$","M","M","R","E"],"items_purchased_type":["Relic","Card","Card"],"build_version":"2020-12-22","purchased_purges":1,"victory":false,"max_hp_per_floor":[75,75,75,75,75,75,75,75,75,75,75,75,75,75,75,75,75,75,52,52,52,52,52,52,52],"card_choices":[{"not_picked":["Cleave","Reckless Charge"],"picked":"Wild Strike","floor":1},{"not_picked":["Anger","Heavy Blade"],"picked":"Spot Weakness","floor":2},{"not_picked":["Havoc","Flex"],"picked":"Cleave","floor":3},{"not_picked":["Thunderclap","Perfected Strike"],"picked":"Battle Trance","floor":7},{"not_picked":["Thunderclap","Power Through"],"picked":"Twin Strike","floor":10},{"not_picked":["Wild Strike","Cleave"],"picked":"Second Wind","floor":11},{"not_picked":["Reckless Charge","Havoc"],"picked":"Juggernaut","floor":14},{"not_picked":["Barricade","Berserk"],"picked":"Immolate","floor":16},{"not_picked":["Clothesline","Whirlwind"],"picked":"Wild Strike","floor":18},{"not_picked":["Rupture","Pommel Strike+1"],"picked":"Spot Weakness","floor":21},{"not_picked":["Flex","Wild Strike","Dual Wield"],"picked":"SKIP","floor":22}],"player_experience":2185840,"relics_obtained":[{"floor":7,"key":"Anchor"},{"floor":9,"key":"Orichalcum"},{"floor":14,"key":"Bottled Lightning"}],"event_choices":[{"damage_healed":0,"gold_gain":0,"player_choice":"Ignored","damage_taken":0,"max_hp_gain":0,"max_hp_loss":0,"event_name":"Liars Game","floor":4,"gold_loss":0},{"damage_healed":0,"gold_gain":0,"player_choice":"Entered Light","damage_taken":23,"max_hp_gain":0,"max_hp_loss":0,"event_name":"Shining Light","floor":5,"gold_loss":0,"cards_upgraded":["Wild Strike","Defend_R"]},{"damage_healed":0,"gold_gain":0,"player_choice":"Became a vampire","damage_taken":0,"max_hp_gain":0,"max_hp_loss":23,"event_name":"Vampires","floor":19,"gold_loss":0,"cards_obtained":["Bite","Bite","Bite","Bite","Bite"]}],"is_beta":false,"boss_relics":[{"not_picked":["Velvet Choker","Runic Dome"],"picked":"Sozu"}],"items_purged_floors":[20],"is_endless":false,"potions_floor_spawned":[2,7,11,14,21,22],"killed_by":"Slavers","ascension_level":20}}