{"host":"o3nki8hvugtioqst","time":1612208520,"event":{"mods":["BaseMod","Minty Spire (QoL Compilation)","Quick Restart","Rare Cards Sparkle","StSLib","SuperFastMode","The Servant 0.9.4"],"gold_per_floor":[115,134,150,165,165,165,199,199,199,126,140,169,169,183,183,280,280,290,290,290,309,324,349,349,349,349,376,376,403,21,41,41,141,141,159,170,170,170,180,210,210,54,135,161,211,0,16,16,16,16],"floor_reached":51,"language":"ENG","playtime":2079,"items_purged":["Pain"],"score":773,"play_id":"ee8c3e79-c381-446e-8584-00551fdfe386","local_time":"20210201214200","is_ascension_mode":false,"campfire_choices":[{"data":"Ricochet","floor":6,"key":"SMITH"},{"floor":8,"key":"REST"},{"floor":15,"key":"REST"},{"floor":25,"key":"REST"},{"floor":28,"key":"REST"},{"floor":32,"key":"REST"},{"floor":41,"key":"REST"},{"floor":49,"key":"REST"}],"circlet_count":0,"master_deck":["Strike_S+1","Strike_S+1","KidneyShot","Exchange","Ricochet+1","Read","Foresight","Moonlight","FanOfKnives","Potential","SilverBlades","Contraction","Rearm","BottledTime","SoulSculpture","StarChef","Starlight+1","SpecialFormula","KillingDoll","Sabotage","Duplication","Dilation","ShatteredReality+1","ReturningBlade+1","Gouge+1","Defy+1","SurpressingFire","Madness","Madness","GearUp+1"],"relics":["Uniform","Whetstone","Art of War","Mercury Hourglass","Oddly Smooth Stone","Fusion Hammer","WarpedTongs","Gremlin Horn","Bronze Scales","Bag of Preparation","Pen Nib","Tiny Chest","Happy Flower","Astrolabe","Juzu Bracelet","Regal Pillow","Singing Bowl","InkBottle","Lizard Tail","Red Mask","Frozen Egg 2"],"acts_visited":["Exordium","TheCity","TheBeyond"],"potions_floor_usage":[14,14,23,33,33,45,50],"damage_taken":[{"damage":0,"enemies":"Jaw Worm","floor":1,"turns":4},{"damage":1,"enemies":"Cultist","floor":2,"turns":4},{"damage":0,"enemies":"2 Louse","floor":3,"turns":1},{"damage":27,"enemies":"Exordium Thugs","floor":4,"turns":7},{"damage":31,"enemies":"3 Sentries","floor":7,"turns":10},{"damage":2,"enemies":"Blue Slaver","floor":11,"turns":3},{"damage":11,"enemies":"Lagavulin","floor":12,"turns":6},{"damage":0,"enemies":"Lots of Slimes","floor":14,"turns":2},{"damage":4,"enemies":"The Guardian","floor":16,"turns":13},{"damage":0,"enemies":"Spheric Guardian","floor":18,"turns":4},{"damage":12,"enemies":"Chosen","floor":21,"turns":5},{"damage":6,"enemies":"Centurion and Healer","floor":22,"turns":4},{"damage":72,"enemies":"Gremlin Leader","floor":23,"turns":7},{"damage":12,"enemies":"Book of Stabbing","floor":27,"turns":5},{"damage":8,"enemies":"Gremlin Leader","floor":29,"turns":5},{"damage":9,"enemies":"Snake Plant","floor":31,"turns":3},{"damage":48,"enemies":"Champ","floor":33,"turns":9},{"damage":0,"enemies":"3 Shapes","floor":35,"turns":3},{"damage":17,"enemies":"3 Darklings","floor":36,"turns":3},{"damage":0,"enemies":"4 Shapes","floor":39,"turns":3},{"damage":7,"enemies":"Giant Head","floor":40,"turns":7},{"damage":24,"enemies":"Reptomancer","floor":44,"turns":5},{"damage":0,"enemies":"Mind Bloom Boss Battle","floor":45,"turns":6},{"damage":11,"enemies":"Jaw Worm Horde","floor":47,"turns":3},{"damage":9,"enemies":"Time Eater","floor":50,"turns":12}],"seed_played":"50777238833730272","potions_obtained":[{"floor":1,"key":"ColorlessPotion"},{"floor":3,"key":"ColorlessPotion"},{"floor":4,"key":"Strength Potion"},{"floor":16,"key":"Regen Potion"},{"floor":21,"key":"FairyPotion"},{"floor":23,"key":"AttackPotion"},{"floor":31,"key":"Swift Potion"},{"floor":33,"key":"SkillPotion"},{"floor":36,"key":"Fire Potion"}],"is_trial":false,"path_per_floor":["M","M","M","M","?","R","E","R","T","$","M","E","?","M","R","B",null,"M","?","?","M","M","E","?","R","T","E","R","E","$","M","R","B",null,"M","M","$","?","M","E","R","$","T","E","?","?","M","T","R","B",null],"character_chosen":"THE_SERVANT","items_purchased":["SilverBlades","Tiny Chest","Happy Flower","Regal Pillow"],"campfire_rested":7,"item_purchase_floors":[10,30,30,42],"current_hp_per_floor":[71,70,70,43,43,43,12,33,33,33,31,20,2,2,23,19,71,71,71,71,59,53,26,26,47,47,40,61,58,58,49,70,27,71,71,57,57,48,48,49,70,70,70,49,56,56,50,50,75,74],"gold":16,"neow_bonus":"TEN_PERCENT_HP_BONUS","is_daily":false,"chose_seed":false,"campfire_upgraded":1,"win_rate":0.0,"timestamp":1612208520,"path_taken":["M","M","M","M","?","R","E","R","T","$","?","E","?","M","R","BOSS","M","?","?","?","M","E","?","R","T","E","R","E","?","M","R","BOSS","M","M","$","?","M","E","R","$","T","E","?","?","M","?","R","BOSS"],"items_purchased_type":["Card","Relic","Relic","Relic"],"build_version":"2020-12-22","purchased_purges":1,"victory":true,"max_hp_per_floor":[71,71,71,71,71,71,71,71,71,71,71,71,71,71,71,71,71,71,71,71,71,71,71,71,71,71,71,71,71,71,71,71,71,71,71,71,71,71,71,71,71,71,71,73,75,75,75,75,75,75],"card_choices":[{"not_picked":["Snipe","TimeWarp"],"picked":"Ricochet","floor":1},{"not_picked":["Shuttle","TimeWarp"],"picked":"Read","floor":2},{"not_picked":["Unruled","FanOfKnives"],"picked":"Foresight","floor":3},{"not_picked":["Rewind","Potential"],"picked":"Moonlight","floor":4},{"not_picked":["BestPractice","Alleviate"],"picked":"Potential","floor":7},{"not_picked":["Moonlight","Starlight"],"picked":"Contraction","floor":11},{"not_picked":["LightFlow","Comet"],"picked":"Rearm","floor":12},{"not_picked":["Barrier","Foresight"],"picked":"BottledTime","floor":14},{"not_picked":["PendulumOfEternity","FlawlessForm"],"picked":"SoulSculpture","floor":16},{"not_picked":["Starlight","Gouge"],"picked":"StarChef","floor":18},{"not_picked":["TimeWarp","Defy"],"picked":"Starlight+1","floor":21},{"not_picked":["Ricochet+1","Revamp"],"picked":"SpecialFormula","floor":22},{"not_picked":["Rewind","Misdirection","Spin+1"],"picked":"SKIP","floor":23},{"not_picked":["Dilation","Alleviate","Spin"],"picked":"SKIP","floor":27},{"not_picked":["ShatteredReality","Comet"],"picked":"Duplication","floor":29},{"not_picked":["Hightail","Defy","Rewind"],"picked":"SKIP","floor":31},{"not_picked":["Deny","FlawlessForm"],"picked":"Dilation","floor":33},{"not_picked":["Starlight","Rewind"],"picked":"Defy+1","floor":35},{"not_picked":["Defy+1","Collapse+1"],"picked":"SurpressingFire","floor":36},{"not_picked":["Rearm","Unruled+1","Desolation"],"picked":"SKIP","floor":39},{"not_picked":["Moonlight+1","Rewind+1","Deny"],"picked":"SKIP","floor":40},{"not_picked":["TimeWarp+1","ShatteredReality","Ricochet+1"],"picked":"Singing Bowl","floor":44},{"not_picked":["Comet+1","Revamp","Duplication"],"picked":"Singing Bowl","floor":45},{"not_picked":["Potential","Reset+1"],"picked":"GearUp+1","floor":47}],"player_experience":241541,"relics_obtained":[{"floor":7,"key":"Whetstone"},{"floor":9,"key":"Art of War"},{"floor":12,"key":"Mercury Hourglass"},{"floor":23,"key":"Gremlin Horn"},{"floor":26,"key":"Bronze Scales"},{"floor":27,"key":"Bag of Preparation"},{"floor":29,"key":"Pen Nib"},{"floor":40,"key":"Juzu Bracelet"},{"floor":43,"key":"Singing Bowl"},{"floor":44,"key":"InkBottle"},{"floor":45,"key":"Lizard Tail"},{"floor":48,"key":"Frozen Egg 2"}],"event_choices":[{"damage_healed":0,"gold_gain":0,"cards_transformed":["Defend_S"],"player_choice":"Transformed","damage_taken":0,"max_hp_gain":0,"max_hp_loss":0,"event_name":"Transmorgrifier","floor":5,"gold_loss":0,"cards_obtained":["FanOfKnives"]},{"damage_healed":0,"gold_gain":0,"player_choice":"Success","damage_taken":18,"relics_obtained":["Oddly Smooth Stone"],"max_hp_gain":0,"max_hp_loss":0,"event_name":"Scrap Ooze","floor":13,"gold_loss":0},{"damage_healed":0,"gold_gain":0,"player_choice":"Ignored","damage_taken":0,"max_hp_gain":0,"max_hp_loss":0,"event_name":"Ghosts","floor":19,"gold_loss":0},{"damage_healed":0,"gold_gain":0,"player_choice":"Rummage","damage_taken":0,"relics_obtained":["WarpedTongs"],"max_hp_gain":0,"max_hp_loss":0,"event_name":"Accursed Blacksmith","floor":20,"gold_loss":0,"cards_obtained":["Pain"]},{"damage_healed":0,"gold_gain":0,"cards_transformed":["Strike_S","Strike_S"],"player_choice":"Became Test Subject","damage_taken":0,"max_hp_gain":0,"max_hp_loss":0,"event_name":"Drug Dealer","floor":24,"gold_loss":0,"cards_obtained":["KillingDoll","Sabotage"]},{"damage_healed":0,"gold_gain":0,"player_choice":"Embrace Madness","damage_taken":9,"max_hp_gain":0,"max_hp_loss":0,"event_name":"Winding Halls","floor":38,"gold_loss":0,"cards_obtained":["Madness","Madness"]},{"damage_healed":0,"gold_gain":0,"player_choice":"Fight","damage_taken":0,"max_hp_gain":0,"max_hp_loss":0,"event_name":"MindBloom","floor":45,"gold_loss":0},{"damage_healed":0,"gold_gain":0,"player_choice":"Paid","damage_taken":0,"relics_obtained":["Red Mask"],"max_hp_gain":0,"max_hp_loss":0,"event_name":"Tomb of Lord Red Mask","floor":46,"gold_loss":211}],"is_beta":false,"boss_relics":[{"not_picked":["Coffee Dripper","Cursed Key"],"picked":"Fusion Hammer"},{"not_picked":["Busted Crown","Tiny House"],"picked":"Astrolabe"}],"items_purged_floors":[30],"is_endless":false,"potions_floor_spawned":[1,3,4,11,16,21,22,23,31,33,36,40,44],"ascension_level":0}}