{"host":"6gnv7me3tk2udb7q","time":1612218173,"event":{"mods":["BaseMod","Bestiary","Colored Map","Minty Spire (QoL Compilation)"],"gold_per_floor":[360,20,32,45,45,45,70,70,95,122,139,150,150,179,179,179,179],"floor_reached":16,"language":"ENG","playtime":1040,"items_purged":[],"score":186,"play_id":"afa7ce54-40f2-41d6-9765-73230cfd3469","local_time":"20210201172253","is_ascension_mode":true,"campfire_choices":[{"data":"Dash","floor":6,"key":"SMITH"},{"data":"Skewer","floor":8,"key":"SMITH"},{"floor":13,"key":"REST"},{"data":"Blade Dance","floor":15,"key":"SMITH"}],"circlet_count":0,"master_deck":["AscendersBane","Strike_G","Strike_G","Strike_G","Strike_G","Strike_G","Defend_G","Defend_G","Defend_G","Defend_G","Defend_G","Survivor","Neutralize","Dash+1","Footwork","Well Laid Plans","Leg Sweep","Skewer+1","Blade Dance+1","All Out Attack"],"relics":["Ring of the Snake","The Specimen","MealTicket","Juzu Bracelet","Orichalcum","Thread and Needle"],"acts_visited":["Exordium"],"potions_floor_usage":[7,10,14,16],"damage_taken":[{"damage":0,"enemies":"Cultist","floor":1,"turns":5},{"damage":0,"enemies":"2 Louse","floor":3,"turns":3},{"damage":0,"enemies":"Jaw Worm","floor":4,"turns":6},{"damage":9,"enemies":"3 Sentries","floor":7,"turns":14},{"damage":23,"enemies":"Lagavulin","floor":10,"turns":9},{"damage":0,"enemies":"Exordium Thugs","floor":11,"turns":5},{"damage":8,"enemies":"Red Slaver","floor":12,"turns":5},{"damage":4,"enemies":"3 Sentries","floor":14,"turns":5},{"damage":30,"enemies":"Hexaghost","floor":16,"turns":16}],"seed_played":"-7961134538583426211","potions_obtained":[{"floor":1,"key":"DistilledChaos"},{"floor":4,"key":"BlessingOfTheForge"},{"floor":12,"key":"FearPotion"},{"floor":14,"key":"Swift Potion"}],"is_trial":false,"path_per_floor":["M","$","M","M","?","R","E","R","T","E","M","M","R","E","R","B"],"character_chosen":"THE_SILENT","items_purchased":["The Specimen","Footwork"],"campfire_rested":1,"item_purchase_floors":[2,2],"current_hp_per_floor":[63,63,63,63,51,51,42,42,42,19,19,11,29,25,25,0,0],"gold":179,"neow_bonus":"TWO_FIFTY_GOLD","is_daily":false,"chose_seed":false,"campfire_upgraded":3,"win_rate":0.0,"timestamp":1612218173,"path_taken":["M","$","M","M","?","R","E","R","T","E","M","M","R","E","R","BOSS"],"items_purchased_type":["Relic","Card"],"build_version":"2020-12-22","purchased_purges":0,"victory":false,"max_hp_per_floor":[63,63,63,63,63,63,63,63,63,63,63,63,63,63,63,63,63],"card_choices":[{"not_picked":["Bouncing Flask","Flying Knee"],"picked":"Dash","floor":1},{"not_picked":["Distraction","Concentrate"],"picked":"Well Laid Plans","floor":3},{"not_picked":["Bane","Cloak And Dagger"],"picked":"Leg Sweep","floor":4},{"not_picked":["Sucker Punch","Acrobatics"],"picked":"Skewer","floor":7},{"not_picked":["Leg Sweep","Bane"],"picked":"Blade Dance","floor":10},{"not_picked":["Bane","Dagger Spray"],"picked":"All Out Attack","floor":11},{"not_picked":["Infinite Blades","Outmaneuver","Bane"],"picked":"SKIP","floor":12},{"not_picked":["Tactician","Underhanded Strike","Eviscerate"],"picked":"SKIP","floor":14}],"player_experience":704624,"relics_obtained":[{"floor":7,"key":"Juzu Bracelet"},{"floor":10,"key":"Orichalcum"},{"floor":14,"key":"Thread and Needle"}],"event_choices":[{"damage_healed":0,"gold_gain":0,"player_choice":"Success","damage_taken":12,"relics_obtained":["MealTicket"],"max_hp_gain":0,"max_hp_loss":0,"event_name":"Scrap Ooze","floor":5,"gold_loss":0}],"is_beta":false,"boss_relics":[],"items_purged_floors":[],"is_endless":false,"potions_floor_spawned":[1,4,12,14],"killed_by":"Hexaghost","ascension_level":11}}