{"host":"5w7hw1ne5h7avrl9","time":1612221359,"event":{"mods":["AchievementEnabler","BaseMod","Colored Map","Colored Powertips","Displayed Cursed Tome","Googly Eyes","Minty Spire (QoL Compilation)","SuperFastMode"],"gold_per_floor":[115,65,65,30,30,30,68,86,110,130,146,184,197,220,220,344,344,369,384,36,59,84,125,137,169,205,250,280,317,368,403,415,427,427],"floor_reached":33,"language":"ENG","playtime":3704,"items_purged":[],"score":365,"play_id":"5e601c09-95c4-4950-8f5e-064c0eeaad5d","local_time":"20210201151559","is_ascension_mode":true,"campfire_choices":[{"data":"Spot Weakness","floor":6,"key":"SMITH"},{"floor":15,"key":"REST"},{"data":"Apotheosis","floor":24,"key":"SMITH"},{"data":"Limit Break","floor":32,"key":"SMITH"}],"circlet_count":0,"master_deck":["Strike_R","Strike_R","Strike_R","Strike_R","Defend_R","Defend_R","Defend_R","Defend_R","Bash","Shrug It Off","Heavy Blade","Spot Weakness+1","Ghostly Armor","Sword Boomerang","Battle Trance","Sword Boomerang","Flex","Immolate","Shrug It Off","Impervious","Twin Strike+1","Apotheosis+1","True Grit+1","Whirlwind","Flex","Limit Break+1","Rage+1","Flex+1","Impervious"],"relics":["Burning Blood","Golden Idol","Centennial Puzzle","Art of War","Shovel","SlaversCollar","Boot","MawBank","Orichalcum","Darkstone Periapt","Strawberry"],"acts_visited":["Exordium","TheCity"],"potions_floor_usage":[13,19,22,23,28,30,31],"damage_taken":[{"damage":0,"enemies":"2 Louse","floor":1,"turns":3},{"damage":22,"enemies":"3 Sentries","floor":7,"turns":10},{"damage":0,"enemies":"Small Slimes","floor":8,"turns":3},{"damage":0,"enemies":"Jaw Worm","floor":10,"turns":2},{"damage":18,"enemies":"Exordium Thugs","floor":11,"turns":5},{"damage":15,"enemies":"Gremlin Nob","floor":12,"turns":4},{"damage":20,"enemies":"Gremlin Gang","floor":13,"turns":5},{"damage":2,"enemies":"Blue Slaver","floor":14,"turns":2},{"damage":20,"enemies":"Slime Boss","floor":16,"turns":8},{"damage":7,"enemies":"Shell Parasite","floor":18,"turns":4},{"damage":8,"enemies":"3 Byrds","floor":19,"turns":4},{"damage":7,"enemies":"3 Cultists","floor":21,"turns":3},{"damage":42,"enemies":"Shelled Parasite and Fungi","floor":22,"turns":4},{"damage":7,"enemies":"Book of Stabbing","floor":23,"turns":6},{"damage":21,"enemies":"Centurion and Healer","floor":25,"turns":6},{"damage":0,"enemies":"Gremlin Leader","floor":27,"turns":4},{"damage":11,"enemies":"Snake Plant","floor":28,"turns":7},{"damage":2,"enemies":"Sentry and Sphere","floor":29,"turns":5},{"damage":8,"enemies":"Slavers","floor":30,"turns":5},{"damage":6,"enemies":"3 Cultists","floor":31,"turns":4},{"damage":45,"enemies":"Automaton","floor":33,"turns":6}],"seed_played":"4215861203713579825","potions_obtained":[{"floor":7,"key":"GamblersBrew"},{"floor":8,"key":"SkillPotion"},{"floor":11,"key":"SpeedPotion"},{"floor":13,"key":"Dexterity Potion"},{"floor":18,"key":"BlessingOfTheForge"},{"floor":19,"key":"Regen Potion"},{"floor":21,"key":"Fire Potion"},{"floor":29,"key":"AttackPotion"},{"floor":30,"key":"Block Potion"}],"is_trial":false,"path_per_floor":["M","?","?","$","?","R","E","M","T","M","M","E","M","M","R","B",null,"M","M","$","M","M","E","R","M","T","E","M","M","E","M","R","B"],"character_chosen":"IRONCLAD","items_purchased":["Spot Weakness","Apotheosis","Boot"],"campfire_rested":1,"item_purchase_floors":[4,20,20],"current_hp_per_floor":[80,80,60,60,60,60,44,50,50,56,44,35,21,25,49,35,80,79,77,77,76,40,39,39,24,24,30,25,29,34,34,34,0,0],"gold":427,"neow_bonus":"THREE_CARDS","is_daily":false,"chose_seed":false,"campfire_upgraded":3,"win_rate":0.0,"timestamp":1612221359,"path_taken":["M","?","?","$","?","R","E","M","T","M","M","E","M","?","R","BOSS","M","M","$","M","M","E","R","M","T","E","M","M","E","M","R","BOSS"],"items_purchased_type":["Card","Card","Relic"],"build_version":"2020-12-22","purchased_purges":0,"victory":false,"max_hp_per_floor":[80,80,80,80,80,80,80,80,80,80,80,80,80,80,80,80,80,80,80,80,80,80,80,80,80,80,80,80,80,87,87,87,87,87],"card_choices":[{"not_picked":["Anger","Body Slam"],"picked":"Shrug It Off","floor":0},{"not_picked":["Clothesline","Shrug It Off"],"picked":"Heavy Blade","floor":1},{"not_picked":["Fire Breathing","Dark Embrace"],"picked":"Ghostly Armor","floor":7},{"not_picked":["Rampage","Blood for Blood"],"picked":"Sword Boomerang","floor":8},{"not_picked":["Body Slam","Seeing Red"],"picked":"Battle Trance","floor":10},{"not_picked":["Perfected Strike","Flame Barrier"],"picked":"Sword Boomerang","floor":11},{"not_picked":["Anger","Body Slam"],"picked":"Flex","floor":12},{"not_picked":["Havoc","Dropkick"],"picked":"Immolate","floor":13},{"not_picked":["Headbutt","Infernal Blade"],"picked":"Shrug It Off","floor":14},{"not_picked":["Corruption","Exhume"],"picked":"Impervious","floor":16},{"not_picked":["Entrench","Combust"],"picked":"Twin Strike+1","floor":18},{"not_picked":["Cleave","Heavy Blade","Clash+1"],"picked":"SKIP","floor":19},{"not_picked":["Perfected Strike","Clash"],"picked":"True Grit+1","floor":21},{"not_picked":["Wild Strike+1","Reckless Charge+1","Burning Pact+1"],"picked":"SKIP","floor":22},{"not_picked":["Seeing Red","Corruption"],"picked":"Whirlwind","floor":23},{"not_picked":["Sever Soul","Clash"],"picked":"Flex","floor":25},{"not_picked":["Barricade","Twin Strike"],"picked":"Limit Break","floor":27},{"not_picked":["Headbutt","Twin Strike+1"],"picked":"Rage+1","floor":28},{"not_picked":["Shrug It Off","Clothesline+1","Headbutt"],"picked":"SKIP","floor":29},{"not_picked":["Cleave","Anger+1"],"picked":"Flex+1","floor":30},{"not_picked":["Body Slam","Evolve"],"picked":"Impervious","floor":31}],"player_experience":142394,"relics_obtained":[{"floor":7,"key":"Centennial Puzzle"},{"floor":9,"key":"Art of War"},{"floor":12,"key":"Shovel"},{"floor":23,"key":"MawBank"},{"floor":26,"key":"Orichalcum"},{"floor":27,"key":"Darkstone Periapt"},{"floor":30,"key":"Strawberry"}],"event_choices":[{"cards_removed":["Strike_R"],"damage_healed":0,"gold_gain":0,"player_choice":"Card Removal","damage_taken":0,"max_hp_gain":0,"max_hp_loss":0,"event_name":"The Cleric","floor":2,"gold_loss":50},{"damage_healed":0,"gold_gain":0,"player_choice":"Take Damage","damage_taken":20,"relics_obtained":["Golden Idol"],"max_hp_gain":0,"max_hp_loss":0,"event_name":"Golden Idol","floor":3,"gold_loss":0},{"damage_healed":0,"gold_gain":0,"player_choice":"Ignored","damage_taken":0,"max_hp_gain":0,"max_hp_loss":0,"event_name":"Liars Game","floor":5,"gold_loss":0}],"is_beta":false,"boss_relics":[{"not_picked":["Coffee Dripper","Black Star"],"picked":"SlaversCollar"}],"items_purged_floors":[],"is_endless":false,"potions_floor_spawned":[7,8,11,13,18,19,21,29,30],"killed_by":"Automaton","ascension_level":1}}