{"host":"nwd160me4iqdtr8u","time":1612166813,"event":{"mods":["AchievementEnabler","Act Like it!","BaseMod","Colored Map","DeckTracker","Keyboard Shortcuts","Minty Spire (QoL Compilation)","Quick Restart","Rare Cards Sparkle","StSLib","SuperFastMode","everything is the same but u backflip on backflip"],"gold_per_floor":[218,124,124,136,152,152,163,12,12,30,30,30,30,43,43,115,115,125,139,9,22,22,22],"floor_reached":22,"language":"KOR","playtime":998,"items_purged":["Strike_G"],"score":347,"play_id":"b55e9d71-973d-450a-ac8c-df8e44334e13","local_time":"20210201170653","is_ascension_mode":true,"campfire_choices":[{"data":"Corpse Explosion","floor":6.0,"key":"SMITH"},{"data":"Wraith Form v2","floor":11.0,"key":"SMITH"},{"data":"Dagger Throw","floor":13.0,"key":"SMITH"},{"data":"Impatience","floor":15.0,"key":"SMITH"}],"circlet_count":0,"master_deck":["AscendersBane","Strike_G","Strike_G","Strike_G","Strike_G","Defend_G","Defend_G","Defend_G","Defend_G","Defend_G","Survivor","Neutralize","Quick Slash+1","Impatience+1","Corpse Explosion+1","Backflip","PiercingWail","Wraith Form v2+1","Dagger Throw+1","Dash","Die Die Die","CurseOfTheBell","Deadly Poison+1","Cloak And Dagger+1","Acrobatics+1","Infinite Blades"],"relics":["Ring of the Snake","Ice Cream","Calling Bell","Orichalcum","Toxic Egg 2","CaptainsWheel"],"acts_visited":["Exordium","TheCity"],"potions_floor_usage":[19,22],"damage_taken":[{"damage":3.0,"enemies":"Small Slimes","floor":1.0,"turns":5.0},{"damage":0.0,"enemies":"Cultist","floor":4.0,"turns":3.0},{"damage":0.0,"enemies":"2 Louse","floor":5.0,"turns":1.0},{"damage":4.0,"enemies":"Large Slime","floor":7.0,"turns":6.0},{"damage":10.0,"enemies":"Exordium Thugs","floor":10.0,"turns":6.0},{"damage":3.0,"enemies":"Looter","floor":14.0,"turns":4.0},{"damage":27.0,"enemies":"The Guardian","floor":16.0,"turns":14.0},{"damage":8.0,"enemies":"2 Thieves","floor":18.0,"turns":3.0},{"damage":9,"enemies":"Shell Parasite","floor":19,"turns":7},{"damage":26,"enemies":"Snake Plant","floor":21,"turns":5},{"damage":25,"enemies":"Shelled Parasite and Fungi","floor":22,"turns":2}],"seed_played":"-2915430129358805070","potions_obtained":[{"floor":5.0,"key":"Poison Potion"},{"floor":7.0,"key":"Dexterity Potion"},{"floor":10.0,"key":"DuplicationPotion"},{"floor":14.0,"key":"EssenceOfSteel"},{"floor":18.0,"key":"ColorlessPotion"},{"floor":21,"key":"Poison Potion"}],"is_trial":false,"path_per_floor":["M","$","?","M","M","R","M","$","T","M","R","?","R","M","R","B",null,"M","M","$","M","M"],"character_chosen":"THE_SILENT","items_purchased":["Impatience","Wraith Form v2","Acrobatics+1"],"campfire_rested":0,"item_purchase_floors":[2,8,20],"current_hp_per_floor":[56,56,56,56,56,56,52,52,52,42,42,47,47,44,44,17,58,50,41,41,15,0,0],"gold":22,"neow_bonus":"HUNDRED_GOLD","is_daily":false,"chose_seed":false,"campfire_upgraded":4,"win_rate":0.0,"timestamp":1612166813,"path_taken":["M","$","?","M","M","R","M","?","T","M","R","?","R","M","R","BOSS","M","M","$","M","M"],"items_purchased_type":["Card","Card","Card"],"build_version":"2020-12-22","purchased_purges":1,"victory":false,"max_hp_per_floor":[66,66,66,66,66,66,66,66,66,66,66,71,71,71,71,71,71,71,71,71,71,71,71],"card_choices":[{"not_picked":["Deflect","Sucker Punch"],"picked":"Quick Slash","floor":1.0},{"not_picked":["Backflip","Backstab"],"picked":"Corpse Explosion","floor":4.0},{"not_picked":["Underhanded Strike","Outmaneuver"],"picked":"Backflip","floor":5.0},{"not_picked":["Riddle With Holes","Quick Slash"],"picked":"PiercingWail","floor":7.0},{"not_picked":["Deflect","Cloak And Dagger"],"picked":"Dagger Throw","floor":10.0},{"not_picked":["Outmaneuver","Blade Dance"],"picked":"Dash","floor":14.0},{"not_picked":["Unload","Envenom"],"picked":"Die Die Die","floor":16.0},{"not_picked":["Cloak And Dagger+1","Quick Slash+1"],"picked":"Deadly Poison+1","floor":18.0},{"not_picked":["Quick Slash","Sucker Punch"],"picked":"Cloak And Dagger+1","floor":19},{"not_picked":["Accuracy","Choke"],"picked":"Infinite Blades","floor":21}],"player_experience":359689,"relics_obtained":[{"floor":9.0,"key":"Ice Cream"},{"floor":17.0,"key":"Orichalcum"},{"floor":17.0,"key":"Toxic Egg 2"},{"floor":17.0,"key":"CaptainsWheel"}],"event_choices":[{"damage_healed":0.0,"max_hp_gain":0.0,"max_hp_loss":0.0,"gold_gain":0.0,"event_name":"Upgrade Shrine","player_choice":"Upgraded","floor":3.0,"gold_loss":0.0,"damage_taken":0.0,"cards_upgraded":["Quick Slash"]},{"damage_healed":0.0,"max_hp_gain":5.0,"max_hp_loss":0.0,"gold_gain":0.0,"event_name":"Big Fish","player_choice":"Donut","floor":12.0,"gold_loss":0.0,"damage_taken":0.0}],"is_beta":false,"boss_relics":[{"not_picked":["Pandora\u0027s Box","Philosopher\u0027s Stone"],"picked":"Calling Bell"}],"items_purged_floors":[20],"is_endless":false,"potions_floor_spawned":[5,7,10,14,18,21],"killed_by":"Shelled Parasite and Fungi","ascension_level":19}}