{"host":"y0avvqzsetgmdwfn","time":1612200959,"event":{"mods":["AchievementEnabler","BaseMod","Better Third Choice","Downfall","Minty Spire (QoL Compilation)","Red Circlet Mod","Reliquary","Replay The Spire","Spicy Shops","StSLib"],"gold_per_floor":[99,116,136,36,52,52,76,76,88,103,134,134,165,37,54,154,154,54,69,89,89,100,100,126,142,142,174,190,205,105,130,143,241,241,241,256,275,292,292,292,346,360,371,402,415,415,427,444,462,462,462,462],"floor_reached":50,"language":"ENG","playtime":4634,"items_purged":["CommonCold"],"score":584,"play_id":"eeedef95-d200-4982-a7ab-a878c17786ea","local_time":"20210202013559","is_ascension_mode":false,"campfire_choices":[{"floor":1.0,"key":"DIG"},{"data":"bronze:Virus","floor":12.0,"key":"SMITH"},{"data":"expansioncontent:QuickStudy","floor":18.0,"key":"SMITH"},{"floor":23.0,"key":"REST"},{"floor":30.0,"key":"REST"},{"floor":46.0,"key":"RECALL"}],"circlet_count":0,"master_deck":["bronze:Replicate","bronze:Goto","AbeCurse","bronze:BronzeOrb","bronze:DarkDash","bronze:Deprecate","bronze:WhirlingStrike","bronze:Branch","bronze:Repair","bronze:Virus+1","Jack Of All Trades","bronze:DelayedSlice","bronze:Fortify","bronze:FineTuning","bronze:Verify+1","bronze:CloningBeam","expansioncontent:QuickStudy+1","bronze:OilSpill","bronze:Format","bronze:Repulsor","bronze:ChildClass","bronze:ForceShield","bronze:Mutator","bronze:Shell","bronze:BronzeArmor","bronze:BronzeArmor","bronze:Turbo+1","bronze:ChosenStrike","RitualDagger","bronze:BitShift","bronze:Mutator","bronze:Turbo+1","bronze:FineTuning","bronze:Iterate","bronze:HardenedForm","bronze:AlphaBuild+1","bronze:DarkDash+1","Parasite","bronze:BronzeOrb","downfall:Icky","bronze:Flail+1","bronze:GetLatest","bronze:ItsAFeature","bronze:FineTuning+1"],"relics":["Abe\u0027s Treasure","ReplayTheSpireMod:Lightbulb","sneckomod:BlankCard","Question Card","Boot","ReplayTheSpireMod:CursedCoin","Pandora\u0027s Box","downfall:HeartBlessingGreen","Replay:Towering Pillar of Hats","Bottled Tornado","downfall:HeartBlessingBlue","reliquary:BallBearing","Busted Crown","Ring of Panic","ReplayTheSpireMod:Ring of Collecting","Strawberry","Ring of Misfortune","reliquary:Buckler"],"acts_visited":["Exordium","TheCity","TheBeyond"],"potions_floor_usage":[50,50],"damage_taken":[{"damage":1.0,"enemies":"2 Louse","floor":2.0,"turns":3.0},{"damage":0.0,"enemies":"Jaw Worm","floor":3.0,"turns":3.0},{"damage":0.0,"enemies":"downfall:FleeingMerchant","floor":4.0,"turns":4.0},{"damage":0.0,"enemies":"Cultist","floor":5.0,"turns":3.0},{"damage":0.0,"enemies":"Red Slaver","floor":9.0,"turns":2.0},{"damage":1.0,"enemies":"Large Slime","floor":10.0,"turns":4.0},{"damage":4.0,"enemies":"Lagavulin","floor":11.0,"turns":5.0},{"damage":16.0,"enemies":"Gremlin Nob","floor":13.0,"turns":3.0},{"damage":0.0,"enemies":"downfall:FleeingMerchant","floor":14.0,"turns":4.0},{"damage":0.0,"enemies":"Exordium Thugs","floor":15.0,"turns":3.0},{"damage":50.0,"enemies":"SI_SHIV_ARCHETYPE","floor":16.0,"turns":7.0},{"damage":0.0,"enemies":"3 Byrds","floor":19.0,"turns":4.0},{"damage":12.0,"enemies":"3 Cultists","floor":20.0,"turns":5.0},{"damage":19.0,"enemies":"Snake Plant","floor":22.0,"turns":4.0},{"damage":19.0,"enemies":"Centurion and Healer","floor":25.0,"turns":6.0},{"damage":57.0,"enemies":"Slavers","floor":27.0,"turns":6.0},{"damage":9.0,"enemies":"3 Cultists","floor":28.0,"turns":5.0},{"damage":0.0,"enemies":"Snake Plant","floor":29.0,"turns":5.0},{"damage":9.0,"enemies":"Gremlin Leader","floor":31.0,"turns":6.0},{"damage":3.0,"enemies":"Cultist and Chosen","floor":32.0,"turns":6.0},{"damage":42.0,"enemies":"WA_ARCHETYPE_CALM","floor":33.0,"turns":11.0},{"damage":20.0,"enemies":"3 Shapes","floor":36.0,"turns":6.0},{"damage":18.0,"enemies":"Orb Walker","floor":37.0,"turns":3.0},{"damage":16.0,"enemies":"Writhing Mass","floor":38.0,"turns":4.0},{"damage":0.0,"enemies":"3 Darklings","floor":42.0,"turns":3.0},{"damage":0.0,"enemies":"Spire Growth","floor":43.0,"turns":4.0},{"damage":14.0,"enemies":"Giant Head","floor":44.0,"turns":7.0},{"damage":0.0,"enemies":"Sphere and 2 Shapes","floor":45.0,"turns":4.0},{"damage":16.0,"enemies":"Jaw Worm Horde","floor":47.0,"turns":3.0},{"damage":0.0,"enemies":"Spire Growth","floor":48.0,"turns":5.0},{"damage":5.0,"enemies":"Sphere and 2 Shapes","floor":49.0,"turns":5.0},{"damage":28,"enemies":"IC_BLOCK_ARCHETYPE","floor":50,"turns":7}],"seed_played":"-5980824404563219284","potions_obtained":[{"floor":5.0,"key":"DistilledChaos"},{"floor":9.0,"key":"bronze:FreeFunctionsPotion"},{"floor":10.0,"key":"Strength Potion"},{"floor":13.0,"key":"GamblersBrew"},{"floor":33.0,"key":"Dexterity Potion"},{"floor":35.0,"key":"Dexterity Potion"},{"floor":35.0,"key":"AttackPotion"},{"floor":37.0,"key":"Strength Potion"},{"floor":38.0,"key":"Swift Potion"},{"floor":42.0,"key":"BlessingOfTheForge"},{"floor":45.0,"key":"sneckomod:MuddlingPotion"},{"floor":48.0,"key":"SpeedPotion"}],"is_trial":false,"path_per_floor":["R","M","M","$","M","?","T","?","M","M","E","R","E","$","M","B",null,"R","M","M","?","M","R","T","M","T","E","M","M","R","E","M","B",null,"R","M","M","M","?","?","T","M","M","E","M","R","M","M","M","B"],"character_chosen":"THE_AUTOMATON","items_purchased":["bronze:WhirlingStrike","bronze:Branch","ReplayTheSpireMod:CursedCoin","expansioncontent:QuickStudy"],"campfire_rested":2,"item_purchase_floors":[4,4,14,14],"current_hp_per_floor":[70,69,69,69,69,69,69,69,70,70,69,69,54,61,68,25,70,70,70,58,52,40,61,61,49,49,30,28,28,62,61,65,39,80,80,60,42,26,26,26,33,33,33,26,26,26,10,10,12,0,0,0],"gold":462,"neow_bonus":"BOSS_RELIC","is_daily":false,"chose_seed":false,"campfire_upgraded":2,"win_rate":0.0,"timestamp":1612200959,"path_taken":["R","M","M","$","M","?","T","?","M","?","E","R","E","?","M","BOSS","R","M","M","?","M","R","T","M","?","E","M","M","R","E","M","BOSS","R","M","M","M","?","?","T","?","M","E","M","R","M","M","M","BOSS"],"items_purchased_type":["Card","Card","Relic","Card"],"build_version":"2020-12-22","purchased_purges":1,"victory":false,"max_hp_per_floor":[70,70,70,70,70,70,70,70,70,70,70,70,70,70,70,70,70,70,70,70,70,70,70,70,70,70,70,70,70,80,80,80,80,80,80,80,80,80,80,80,87,87,87,87,87,87,87,87,87,87,87,87],"card_choices":[{"not_picked":["bronze:OilSpill","bronze:ItsAFeature"],"picked":"bronze:BronzeOrb","floor":2.0},{"not_picked":["bronze:BitShift","bronze:Allocate"],"picked":"bronze:DarkDash","floor":3.0},{"not_picked":["bronze:DelayedGuard","bronze:CutThrough"],"picked":"bronze:Deprecate","floor":4.0},{"not_picked":["bronze:BugBarrage","bronze:Return"],"picked":"bronze:Repair","floor":5.0},{"not_picked":["bronze:Invalidate","bronze:BugBarrage"],"picked":"bronze:Fortify","floor":9.0},{"not_picked":["bronze:WhirlingStrike","bronze:DelayedSlice","bronze:Invalidate"],"picked":"SKIP","floor":10.0},{"not_picked":["bronze:DarkDash","bronze:OilSpill"],"picked":"bronze:FineTuning","floor":11.0},{"not_picked":["bronze:Turbo","bronze:BronzeArmor","bronze:Overload"],"picked":"bronze:Verify","floor":13.0},{"not_picked":["bronze:Invalidate","bronze:WildBeam","bronze:Philosophize"],"picked":"bronze:CloningBeam","floor":14.0},{"not_picked":["bronze:Deprecate","bronze:Invalidate","bronze:DelayedGuard"],"picked":"bronze:OilSpill","floor":15.0},{"not_picked":["bronze:ThunderWave","bronze:BurnOut","bronze:ShipIt"],"picked":"bronze:Format","floor":16.0},{"not_picked":["bronze:Deprecate","bronze:WhirlingStrike","bronze:Branch+1"],"picked":"bronze:Turbo+1","floor":19.0},{"not_picked":["bronze:WhirlingStrike","bronze:Shield","bronze:Boost"],"picked":"bronze:ChosenStrike","floor":20.0},{"not_picked":["bronze:WildBeam","bronze:Frontload","bronze:ChosenStrike","bronze:Philosophize"],"picked":"SKIP","floor":22.0},{"not_picked":["bronze:WhirlingStrike+1","bronze:ChildClass","bronze:BuggyMess"],"picked":"bronze:BitShift","floor":25.0},{"not_picked":["bronze:Boost","bronze:Repulsor","bronze:Shell"],"picked":"bronze:Mutator","floor":27.0},{"not_picked":["bronze:Return","bronze:BronzeArmor","bronze:BuggyMess"],"picked":"bronze:Turbo+1","floor":28.0},{"not_picked":["bronze:Deprecate","bronze:BugBarrage","bronze:Shell"],"picked":"bronze:FineTuning","floor":29.0},{"not_picked":["bronze:WhirlingStrike","bronze:DelayedSlice","bronze:CloningBeam"],"picked":"bronze:Iterate","floor":31.0},{"not_picked":["bronze:ChosenStrike","bronze:DigitalCarnage+1","bronze:Boost"],"picked":"bronze:HardenedForm","floor":32.0},{"not_picked":["bronze:SpaghettiCode","bronze:CleanCode","bronze:BurnOut"],"picked":"bronze:AlphaBuild","floor":33.0},{"not_picked":["bronze:BugBarrage"],"picked":"bronze:DarkDash+1","floor":36.0},{"not_picked":["bronze:WildBeam+1","bronze:Deprecate+1"],"picked":"SKIP","floor":37.0},{"not_picked":["bronze:DarkDash"],"picked":"bronze:BronzeOrb","floor":38.0},{"not_picked":["bronze:Shield"],"picked":"bronze:Flail+1","floor":42.0},{"not_picked":["bronze:Shield","bronze:WildBeam"],"picked":"SKIP","floor":43.0},{"not_picked":["bronze:OilSpill","bronze:Turbo+1"],"picked":"SKIP","floor":44.0},{"not_picked":["bronze:BitShift+1"],"picked":"bronze:GetLatest","floor":45.0},{"not_picked":["bronze:Shield"],"picked":"bronze:ItsAFeature","floor":47.0},{"not_picked":["bronze:BugBarrage"],"picked":"bronze:FineTuning+1","floor":48.0},{"not_picked":["bronze:Flail","bronze:CutThrough"],"picked":"SKIP","floor":49.0}],"player_experience":2016209,"relics_obtained":[{"floor":1.0,"key":"ReplayTheSpireMod:Lightbulb"},{"floor":7.0,"key":"sneckomod:BlankCard"},{"floor":11.0,"key":"Question Card"},{"floor":13.0,"key":"Boot"},{"floor":26.0,"key":"Replay:Towering Pillar of Hats"},{"floor":27.0,"key":"Bottled Tornado"},{"floor":31.0,"key":"reliquary:BallBearing"},{"floor":39.0,"key":"Ring of Panic"},{"floor":39.0,"key":"ReplayTheSpireMod:Ring of Collecting"},{"floor":41.0,"key":"Strawberry"},{"floor":41.0,"key":"Ring of Misfortune"},{"floor":44.0,"key":"reliquary:Buckler"}],"event_choices":[{"cards_removed":["bronze:Strike"],"damage_healed":0.0,"max_hp_gain":0.0,"max_hp_loss":0.0,"gold_gain":0.0,"event_name":"The Cleric","player_choice":"Card Removal","floor":6.0,"gold_loss":0.0,"damage_taken":0.0},{"cards_removed":["Languid"],"damage_healed":0.0,"max_hp_gain":0.0,"max_hp_loss":0.0,"gold_gain":0.0,"event_name":"NoteForYourself","player_choice":"Took Card","floor":40.0,"gold_loss":0.0,"damage_taken":0.0,"cards_obtained":["downfall:Icky"]}],"is_beta":false,"boss_relics":[{"not_picked":["ChewingGum","Tiny House"],"picked":"Pandora\u0027s Box"},{"not_picked":["Astrolabe","ReplayTheSpireMod:DimensionalGlitch"],"picked":"Busted Crown"}],"items_purged_floors":[14],"is_endless":false,"potions_floor_spawned":[5,9,10,13,19,20,33,37,38,42,45,48,49],"killed_by":"IC_BLOCK_ARCHETYPE","ascension_level":0}}