{"host":"lfvf97io7xuhaz8c","time":1612202640,"event":{"mods":["2.2 Compatiblity","BaseMod","Bestiary","Colored Map","Colored Powertips","Curses Come First","Highlight Path","Minty Spire (QoL Compilation)","Relic Stats","StSLib","SuperFastMode"],"gold_per_floor":[109,122,122,54,69,69,96,96,96,96,67,82,109,109,109,109,109],"floor_reached":16,"language":"FRA","playtime":646,"items_purged":[],"score":124,"play_id":"05ae8d6f-7f7d-4dd5-aff0-bb463f0334b2","local_time":"20210201190400","is_ascension_mode":true,"campfire_choices":[{"data":"TalkToTheHand","floor":6,"key":"SMITH"},{"data":"JustLucky","floor":8,"key":"SMITH"},{"data":"Nirvana","floor":10,"key":"SMITH"},{"floor":15,"key":"REST"}],"circlet_count":0,"master_deck":["Strike_P","Strike_P","Strike_P","Defend_P","Defend_P","Defend_P","Defend_P","Eruption","Vigilance","Nirvana+1","Evaluate","TalkToTheHand+1","JustLucky+1","PathToVictory","Protect"],"relics":["PureWater","NeowsBlessing","The Courier","Orichalcum","HornCleat","Question Card"],"acts_visited":["Exordium"],"potions_floor_usage":[7,7],"damage_taken":[{"damage":0,"enemies":"Jaw Worm","floor":1,"turns":1},{"damage":0,"enemies":"Cultist","floor":2,"turns":1},{"damage":0,"enemies":"2 Louse","floor":5,"turns":1},{"damage":32,"enemies":"Gremlin Nob","floor":7,"turns":3},{"damage":0,"enemies":"2 Fungi Beasts","floor":12,"turns":4},{"damage":15,"enemies":"Lagavulin","floor":13,"turns":7},{"damage":61,"enemies":"Slime Boss","floor":16,"turns":8}],"seed_played":"-4154187339094850551","potions_obtained":[{"floor":1,"key":"Energy Potion"},{"floor":5,"key":"DuplicationPotion"},{"floor":12,"key":"Dexterity Potion"}],"is_trial":false,"path_per_floor":["M","M","?","?","M","R","E","R","T","R","?","M","E","?","R","B"],"character_chosen":"WATCHER","items_purchased":[],"campfire_rested":1,"item_purchase_floors":[],"current_hp_per_floor":[72,72,72,72,72,72,40,40,40,40,40,40,25,25,46,0,0],"gold":109,"neow_bonus":"THREE_ENEMY_KILL","is_daily":false,"chose_seed":false,"campfire_upgraded":3,"win_rate":0.0,"timestamp":1612202640,"path_taken":["M","M","?","?","?","R","E","R","T","R","?","M","E","?","R","BOSS"],"items_purchased_type":[],"build_version":"2020-12-22","purchased_purges":0,"victory":false,"max_hp_per_floor":[72,72,72,72,72,72,72,72,72,72,72,72,72,72,72,72,72],"relic_stats":{"counters":[7,25],"Orichalcum":[18],"Question Card":0,"obtain_stats":[{"HornCleat":9,"NeowsBlessing":0,"The Courier":4,"PureWater":0,"Orichalcum":7,"Question Card":13},{"HornCleat":4,"NeowsBlessing":0,"The Courier":2,"PureWater":0,"Orichalcum":4,"Question Card":6},{"HornCleat":6,"NeowsBlessing":0,"The Courier":2,"PureWater":0,"Orichalcum":6,"Question Card":17}]},"card_choices":[{"not_picked":["WaveOfTheHand","InnerPeace"],"picked":"Nirvana","floor":1},{"not_picked":["Halt","SandsOfTime"],"picked":"Evaluate","floor":2},{"not_picked":["FollowUp","Indignation"],"picked":"TalkToTheHand","floor":5},{"not_picked":["Weave","CrushJoints"],"picked":"JustLucky","floor":7},{"not_picked":["ClearTheMind","SpiritShield"],"picked":"PathToVictory","floor":12},{"not_picked":["Halt","Sanctity"],"picked":"Protect","floor":13}],"player_experience":1502336,"relics_obtained":[{"floor":7,"key":"Orichalcum"},{"floor":9,"key":"HornCleat"},{"floor":13,"key":"Question Card"}],"event_choices":[{"damage_healed":0,"gold_gain":0,"player_choice":"Ignored","damage_taken":0,"max_hp_gain":0,"max_hp_loss":0,"event_name":"Liars Game","floor":3,"gold_loss":0},{"damage_healed":0,"gold_gain":0,"player_choice":"Paid Gold","damage_taken":0,"relics_obtained":["The Courier"],"max_hp_gain":0,"max_hp_loss":0,"event_name":"WeMeetAgain","floor":4,"gold_loss":68},{"damage_healed":0,"gold_gain":0,"player_choice":"Left Gold","damage_taken":0,"max_hp_gain":0,"max_hp_loss":0,"event_name":"World of Goop","floor":11,"gold_loss":29},{"cards_removed":["Strike_P"],"damage_healed":0,"gold_gain":0,"player_choice":"Card Removal","damage_taken":0,"max_hp_gain":0,"max_hp_loss":0,"event_name":"Wheel of Change","floor":14,"gold_loss":0}],"is_beta":false,"boss_relics":[],"items_purged_floors":[],"is_endless":false,"potions_floor_spawned":[1,5,12],"killed_by":"Slime Boss","ascension_level":3}}