{"host":"x5w9zppki4gdwvc7","time":1612171461,"event":{"mods":["AchievementEnabler","BaseMod","Colored Powertips","DeckTracker","Minty Spire (QoL Compilation)","Relic Sorter"],"gold_per_floor":[111,111,122,122,47,47,66,66,66,66,78,78,89,15,15,112,112,124,37,49,66,66,66,66,66,66,66,98,15,15,48,48,152,152,171,27,27,27,27,27,58,5,5,40,57,92,0,0,0,0,0,0,0,33,33,33],"floor_reached":55,"language":"ENG","playtime":6531,"items_purged":["Strike_B"],"score":891,"play_id":"027806b3-849b-4009-bb68-7d9d6cea3c79","local_time":"20210201102421","is_ascension_mode":true,"campfire_choices":[{"data":"Beam Cell","floor":6,"key":"SMITH"},{"data":"Turbo","floor":8,"key":"SMITH"},{"data":"Dualcast","floor":10,"key":"SMITH"},{"data":"Coolheaded","floor":15,"key":"SMITH"},{"data":"Creative AI","floor":23,"key":"SMITH"},{"data":"Streamline","floor":25,"key":"SMITH"},{"floor":27,"key":"REST"},{"data":"Conserve Battery","floor":30,"key":"SMITH"},{"data":"Buffer","floor":32,"key":"SMITH"},{"data":"Seek","floor":40,"key":"SMITH"},{"floor":49,"key":"RECALL"},{"floor":52,"key":"REST"}],"circlet_count":0,"master_deck":["Strike_B+1","Strike_B+1","Defend_B+1","Defend_B+1","Defend_B+1","Defend_B+1","Dualcast+1","Hologram+1","Beam Cell+1","Turbo+1","Auto Shields+1","Streamline+1","Coolheaded+1","Skim+1","Creative AI+1","Conserve Battery+1","FTL+1","Gash+1","Scrape+1","Finesse+1","Buffer+1","Seek+1","Recycle+1","Madness+1","Madness+1","Go for the Eyes+1","Gash+1","Defragment"],"relics":["SlaversCollar","Nunchaku","Torii","Busted Crown","Nilry\u0027s Codex","Oddly Smooth Stone","Gambling Chip","Pocketwatch","SacredBark","Anchor","Potion Belt","Orichalcum","Eternal Feather","Red Mask","Mark of the Bloom","DataDisk"],"acts_visited":["Exordium","TheCity","TheBeyond","TheEnding"],"potions_floor_usage":[16,16,20,28,55],"damage_taken":[{"damage":1,"enemies":"Jaw Worm","floor":1,"turns":3},{"damage":1,"enemies":"Cultist","floor":3,"turns":4},{"damage":0,"enemies":"2 Louse","floor":7,"turns":2},{"damage":1,"enemies":"Exordium Wildlife","floor":11,"turns":4},{"damage":0,"enemies":"Blue Slaver","floor":13,"turns":4},{"damage":15,"enemies":"Hexaghost","floor":16,"turns":15},{"damage":22,"enemies":"Chosen","floor":18,"turns":7},{"damage":2,"enemies":"Shell Parasite","floor":20,"turns":5},{"damage":11,"enemies":"Chosen and Byrds","floor":21,"turns":8},{"damage":8,"enemies":"Gremlin Leader","floor":28,"turns":7},{"damage":0,"enemies":"Slavers","floor":31,"turns":4},{"damage":1,"enemies":"Collector","floor":33,"turns":10},{"damage":0,"enemies":"3 Shapes","floor":35,"turns":10},{"damage":25,"enemies":"Reptomancer","floor":41,"turns":7},{"damage":0,"enemies":"Giant Head","floor":44,"turns":9},{"damage":0,"enemies":"Orb Walker","floor":45,"turns":4},{"damage":0,"enemies":"Nemesis","floor":46,"turns":13},{"damage":1,"enemies":"Time Eater","floor":50,"turns":12},{"damage":26,"enemies":"Shield and Spear","floor":54,"turns":7},{"damage":32,"enemies":"The Heart","floor":55,"turns":2}],"seed_played":"9021149248984482638","potions_obtained":[{"floor":7,"key":"Regen Potion"},{"floor":11,"key":"Weak Potion"},{"floor":13,"key":"PowerPotion"},{"floor":18,"key":"LiquidMemories"},{"floor":45,"key":"Explosive Potion"}],"is_trial":false,"path_per_floor":["M","?","M","T","$","R","M","R","T","R","M","?","M","$","R","B",null,"M","$","M","M","?","R","?","R","T","R","E","$","R","E","R","B",null,"M","$","?","?","?","R","E","$","T","E","M","E","?","?","R","B",null,"R","$","E","B"],"character_chosen":"DEFECT","items_purchased":["Skim","FTL","Gash","Finesse","Anchor","Go for the Eyes"],"campfire_rested":2,"item_purchase_floors":[14,19,19,29,36,42],"current_hp_per_floor":[74,74,73,73,73,73,73,73,73,73,72,72,72,72,72,57,75,53,53,51,40,24,24,24,24,24,46,52,52,52,52,52,51,75,75,75,75,75,66,66,41,41,41,41,41,41,41,41,41,40,40,40,40,14,0,0],"gold":33,"neow_bonus":"BOSS_RELIC","is_daily":false,"chose_seed":false,"campfire_upgraded":9,"win_rate":0.0,"timestamp":1612171461,"path_taken":["M","?","?","?","?","R","?","R","T","R","M","?","M","$","R","BOSS","M","?","?","M","?","R","?","R","T","R","E","?","R","E","R","BOSS","M","$","?","?","?","R","E","?","T","E","M","E","?","?","R","BOSS","R","$","E","BOSS"],"items_purchased_type":["Card","Card","Card","Card","Relic","Card"],"build_version":"2020-12-22","purchased_purges":1,"victory":false,"max_hp_per_floor":[75,75,75,75,75,75,75,75,75,75,75,75,75,75,75,75,75,75,75,75,75,75,75,75,75,75,75,75,75,75,75,75,75,75,75,75,75,75,75,75,75,75,75,75,75,75,75,75,75,75,75,75,75,75,75,75],"card_choices":[{"not_picked":["Chaos","Streamline"],"picked":"Hologram","floor":1},{"not_picked":["Barrage","Sweeping Beam"],"picked":"Beam Cell","floor":3},{"not_picked":["Beam Cell","Stack"],"picked":"Turbo","floor":7},{"not_picked":["Doom and Gloom","Steam"],"picked":"Auto Shields","floor":11},{"not_picked":["Genetic Algorithm","Steam Power"],"picked":"Coolheaded","floor":13},{"not_picked":["Hyperbeam","Electrodynamics"],"picked":"Creative AI","floor":16},{"not_picked":[],"picked":"Conserve Battery","floor":18},{"not_picked":[],"picked":"Scrape","floor":20},{"not_picked":["Turbo"],"picked":"SKIP","floor":21},{"not_picked":["Barrage+1"],"picked":"SKIP","floor":28},{"not_picked":[],"picked":"Buffer","floor":31},{"not_picked":[],"picked":"Seek","floor":33},{"not_picked":[],"picked":"Recycle+1","floor":35},{"not_picked":["Rebound+1"],"picked":"SKIP","floor":41},{"not_picked":["Reinforced Body+1"],"picked":"SKIP","floor":44},{"not_picked":[],"picked":"Gash","floor":45},{"not_picked":["Leap"],"picked":"SKIP","floor":46},{"not_picked":[],"picked":"Defragment","floor":54}],"player_experience":356570,"relics_obtained":[{"floor":4,"key":"Nunchaku"},{"floor":9,"key":"Torii"},{"floor":22,"key":"Nilry\u0027s Codex"},{"floor":26,"key":"Oddly Smooth Stone"},{"floor":28,"key":"Gambling Chip"},{"floor":31,"key":"Pocketwatch"},{"floor":41,"key":"Potion Belt"},{"floor":44,"key":"Orichalcum"},{"floor":46,"key":"Eternal Feather"},{"floor":54,"key":"DataDisk"}],"event_choices":[{"damage_healed":0,"gold_gain":0,"player_choice":"Forge","damage_taken":0,"max_hp_gain":0,"max_hp_loss":0,"event_name":"Accursed Blacksmith","floor":2,"gold_loss":0,"cards_upgraded":["Hologram"]},{"damage_healed":0,"gold_gain":0,"cards_transformed":["Strike_B"],"player_choice":"Transformed","damage_taken":0,"max_hp_gain":0,"max_hp_loss":0,"event_name":"Transmorgrifier","floor":12,"gold_loss":0,"cards_obtained":["Streamline"]},{"damage_healed":0,"gold_gain":0,"player_choice":"Obtained Book","damage_taken":16,"max_hp_gain":0,"max_hp_loss":0,"event_name":"Cursed Tome","floor":22,"gold_loss":0},{"damage_healed":0,"gold_gain":0,"player_choice":"Simplicity","damage_taken":0,"max_hp_gain":0,"max_hp_loss":0,"event_name":"Back to Basics","floor":24,"gold_loss":0,"cards_upgraded":["Strike_B","Strike_B","Defend_B","Defend_B","Defend_B","Defend_B"]},{"cards_removed":["Zap"],"damage_healed":0,"gold_gain":0,"player_choice":"Removed Skill","damage_taken":0,"max_hp_gain":0,"max_hp_loss":0,"event_name":"Falling","floor":37,"gold_loss":0},{"damage_healed":0,"gold_gain":0,"player_choice":"Memory 1","damage_taken":0,"max_hp_gain":0,"max_hp_loss":0,"event_name":"SensoryStone","floor":38,"gold_loss":0},{"damage_healed":0,"gold_gain":0,"player_choice":"Embrace Madness","damage_taken":9,"max_hp_gain":0,"max_hp_loss":0,"event_name":"Winding Halls","floor":39,"gold_loss":0,"cards_obtained":["Madness","Madness"]},{"damage_healed":0,"gold_gain":0,"player_choice":"Paid","damage_taken":0,"relics_obtained":["Red Mask"],"max_hp_gain":0,"max_hp_loss":0,"event_name":"Tomb of Lord Red Mask","floor":47,"gold_loss":92},{"damage_healed":0,"gold_gain":0,"player_choice":"Upgrade","damage_taken":0,"relics_obtained":["Mark of the Bloom"],"max_hp_gain":0,"max_hp_loss":0,"event_name":"MindBloom","floor":48,"gold_loss":0,"cards_upgraded":["Auto Shields","Skim","FTL","Gash","Scrape","Finesse","Madness","Madness","Go for the Eyes","Gash"]}],"is_beta":false,"boss_relics":[{"not_picked":["Cursed Key","Inserter"],"picked":"Busted Crown"},{"not_picked":["Runic Dome","Snecko Eye"],"picked":"SacredBark"}],"items_purged_floors":[5],"is_endless":false,"potions_floor_spawned":[7,11,13,18,45],"killed_by":"The Heart","ascension_level":1}}