{"host":"u7y9frlpoazak2mn","time":1612223244,"event":{"mods":["AchievementEnabler","Act Like it!","Alarm Clock","Aspiration","Astrologer","BaseMod","Beaked The Cultist","Better Altar","Better Match","Better Note","Better Sensory Stone","Better Skull","Better Third Choice","CCEM2","Chen","Colored Map","Colored Powertips","Conspire","Curses Come First","Dark Map","Displayed Cursed Tome","Energized Spire","Friendly Minions","Gensokyo","GifTheSpireLib","Glutton Mod","Halation","Hallownest","Hermit","Hubris","Infinite Spire","Jedi Mod","Koishi","Marisa????????","Marked Mod","Mimic Mod","Minty Spire (QoL Compilation)","Pale of the Ancients","Prisma Mod","Quick Restart","Random Character Button","Rare Cards Sparkle","Relic Stats","Reliquary","Remilia??????","Replay The Spire","Retaliation","Spicy Shops","Spikes Relics","StS++","StSLib","Stuff the Spire","The Administrix","The Blue Laboratory","The Bug Knight","The Construct","The Cursed","The Druid","The Forsaken","The Juggle","The Jungle","The Marked","The Servant 0.9.4","Waifu the Spire","Wandering Minibosses","Wide Potions","Yuri Mod"],"gold_per_floor":[116,116,15,190,90,90,106,133,165,180,196,231,231,241,241,345,345,358,373,323,335,335,335,362,362,386,396,411,69,69,81,81,81,81],"floor_reached":33,"language":"ENG","playtime":1784,"items_purged":["Strike_P","Doubt","Strike_P"],"score":302,"play_id":"1a492ae2-7f39-49cc-ba86-7f9559c46078","local_time":"20210201184724","is_ascension_mode":false,"campfire_choices":[{"data":"Vigilance","floor":6,"key":"SMITH"},{"floor":15,"key":"DIG"},{"floor":23,"key":"REST"},{"data":"ConjureBlade","floor":25,"key":"SMITH"},{"floor":30,"key":"REST"},{"floor":32,"key":"REST"}],"circlet_count":0,"master_deck":["Strike_P","Strike_P","Defend_P","Defend_P","Defend_P","Defend_P","Eruption","Vigilance+1","FearNoEvil","Apotheosis+1","EmptyFist","StSpp:LatentStrike","Consecrate","MarkedMod:FirstStrike","EmptyFist","FearNoEvil","BattleHymn","ConjureBlade+1","ReachHeaven","BattleHymn","Prostrate+1","StSpp:LatentStrike","MarkedMod:PinPointDefense"],"relics":["PureWater","NeowsBlessing","CCEMRelics:CarbonFilter","reliquary:RedPaperclip","StuffTheSpire:CocoNut","aspiration:TomeofQuesting","PrismaticShard"],"acts_visited":["Exordium","TheCity"],"potions_floor_usage":[14,16,21,24,33,33,33],"damage_taken":[{"damage":0,"enemies":"Small Slimes","floor":1,"turns":1},{"damage":0,"enemies":"Jaw Worm","floor":7,"turns":1},{"damage":0,"enemies":"3 Sentries","floor":8,"turns":2},{"damage":4,"enemies":"2 Louse","floor":9,"turns":3},{"damage":3,"enemies":"2 Louse","floor":10,"turns":2},{"damage":0,"enemies":"Gremlin Gang","floor":11,"turns":3},{"damage":15,"enemies":"Gremlin Nob","floor":12,"turns":4},{"damage":0,"enemies":"Looter","floor":14,"turns":2},{"damage":51,"enemies":"Fading Forest","floor":16,"turns":11},{"damage":10,"enemies":"Spheric Guardian","floor":18,"turns":3},{"damage":0,"enemies":"conspire:FuzzyDice","floor":19,"turns":4},{"damage":14,"enemies":"Centurion and Healer","floor":21,"turns":4},{"damage":11,"enemies":"conspire:Head Lice","floor":24,"turns":5},{"damage":10,"enemies":"Shelled Parasite and Fungi","floor":27,"turns":2},{"damage":28,"enemies":"Cultist and Chosen","floor":28,"turns":5},{"damage":29,"enemies":"conspire:HollyBat","floor":31,"turns":8},{"damage":93,"enemies":"hubris:MusketHawk","floor":33,"turns":6}],"seed_played":"-7064942537746247931","potions_obtained":[{"floor":7,"key":"SteroidPotion"},{"floor":11,"key":"Death Potion"},{"floor":12,"key":"DistilledChaos"},{"floor":16,"key":"Dexterity Potion"},{"floor":18,"key":"blueLaboratory:FruitPunch"},{"floor":21,"key":"blueLaboratory:PressurePotion"},{"floor":28,"key":"Explosive Potion"}],"is_trial":false,"path_per_floor":["M","?","$","?","$","R","M","E","MIM","M","M","E","?","M","R_BF","B",null,"M","M","?","M","?","R","E","R","T","M","M","$","R","M","R","B"],"character_chosen":"WATCHER","items_purchased":["EmptyFist","MarkedMod:PinPointDefense","PrismaticShard"],"campfire_rested":3,"item_purchase_floors":[3,29,29],"current_hp_per_floor":[72,72,72,72,72,72,72,72,68,65,65,50,50,50,50,23,72,62,62,62,50,50,72,68,68,68,58,30,30,54,25,49,0,0],"gold":81,"neow_bonus":"THREE_ENEMY_KILL","is_daily":false,"chose_seed":false,"campfire_upgraded":2,"win_rate":0.0,"timestamp":1612223244,"path_taken":["M","?","$","?","$","R","M","E","MIM","M","M","E","?","?","R_BF","BOSS","M","M","?","?","?","R","E","R","T","M","M","?","R","M","R","BOSS"],"items_purchased_type":["Card","Card","Relic"],"build_version":"2020-12-22","purchased_purges":3,"victory":false,"max_hp_per_floor":[72,72,72,72,72,72,72,72,72,72,72,72,72,72,72,72,72,72,72,72,74,74,74,81,81,81,81,81,81,81,81,81,81,81],"relic_stats":{"counters":[17,66],"obtain_stats":[{"CCEMRelics:CarbonFilter":15,"reliquary:RedPaperclip":17,"NeowsBlessing":0,"Blue Doll":8,"StuffTheSpire:CocoNut":24,"aspiration:TomeofQuesting":26,"StSpp:SailingBoat":12,"PureWater":0,"PrismaticShard":29},{"CCEMRelics:CarbonFilter":8,"reliquary:RedPaperclip":9,"NeowsBlessing":0,"Blue Doll":3,"StuffTheSpire:CocoNut":13,"aspiration:TomeofQuesting":13,"StSpp:SailingBoat":7,"PureWater":0,"PrismaticShard":15},{"CCEMRelics:CarbonFilter":18,"reliquary:RedPaperclip":29,"NeowsBlessing":0,"Blue Doll":4,"StuffTheSpire:CocoNut":45,"aspiration:TomeofQuesting":45,"StSpp:SailingBoat":16,"PureWater":0,"PrismaticShard":52}]},"card_choices":[{"not_picked":["Swivel","Replay:ManipulateFuture"],"picked":"FearNoEvil","floor":1},{"not_picked":["WindmillStrike","CutThroughFate"],"picked":"StSpp:LatentStrike","floor":7},{"not_picked":["ClearTheMind","Replay:Vibes"],"picked":"Pray","floor":8},{"not_picked":["StSpp:TimeDodge","Protect"],"picked":"Consecrate","floor":10},{"not_picked":["StSpp:Renounce","FollowUp"],"picked":"MarkedMod:FirstStrike","floor":11},{"not_picked":["FlyingSleeves","Swivel"],"picked":"EmptyFist","floor":12},{"not_picked":["SpiritShield","SashWhip"],"picked":"BattleHymn","floor":14},{"not_picked":["Wish","SpiritShield"],"picked":"ConjureBlade","floor":16},{"not_picked":["FlurryOfBlows+1","ClearTheMind","StSpp:Renounce"],"picked":"SKIP","floor":18},{"not_picked":["FlyingSleeves","jedi:nirvanicrebirth","ClearTheMind+1"],"picked":"SKIP","floor":19},{"not_picked":["Protect+1","JustLucky"],"picked":"ReachHeaven","floor":21},{"not_picked":["SashWhip+1","WindmillStrike","Scrawl"],"picked":"SKIP","floor":24},{"not_picked":["CrushJoints","Protect"],"picked":"Prostrate+1","floor":27},{"not_picked":["SandsOfTime","MarkedMod:Acupuncture"],"picked":"StSpp:LatentStrike","floor":28},{"not_picked":["jugglermod: Backcross","Disarm","jedi:MakeshiftSword+1"],"picked":"SKIP","floor":31}],"player_experience":367263,"relics_obtained":[{"floor":8,"key":"Blue Doll"},{"floor":12,"key":"StSpp:SailingBoat"},{"floor":15,"key":"CCEMRelics:CarbonFilter"},{"floor":24,"key":"StuffTheSpire:CocoNut"},{"floor":26,"key":"aspiration:TomeofQuesting"}],"event_choices":[{"damage_healed":72,"gold_gain":0,"player_choice":"Embrace","damage_taken":0,"max_hp_gain":0,"max_hp_loss":72,"event_name":"betterThird:BetterShining","floor":2,"gold_loss":0},{"damage_healed":0,"gold_gain":175,"player_choice":"AGREE","damage_taken":15,"max_hp_gain":0,"max_hp_loss":0,"event_name":"betterThird:BetterSerpent","floor":4,"gold_loss":0},{"damage_healed":0,"gold_gain":0,"cards_transformed":["Pray"],"player_choice":"Transformed","damage_taken":0,"max_hp_gain":0,"max_hp_loss":0,"event_name":"Transmorgrifier","floor":13,"gold_loss":0,"cards_obtained":["FearNoEvil"]},{"damage_healed":0,"gold_gain":0,"player_choice":"Bet on Murderer","damage_taken":0,"max_hp_gain":0,"max_hp_loss":0,"event_name":"The Joust","floor":20,"gold_loss":50},{"damage_healed":0,"gold_gain":0,"player_choice":"Copied","damage_taken":0,"max_hp_gain":0,"max_hp_loss":0,"event_name":"Duplicator","floor":22,"gold_loss":0,"cards_obtained":["BattleHymn"]}],"is_beta":false,"boss_relics":[{"not_picked":["reliquary:RedCape","hubris:RunicObelisk"],"picked":"reliquary:RedPaperclip"}],"items_purged_floors":[3,5,29],"is_endless":false,"potions_floor_spawned":[7,11,12,16,18,21,28],"killed_by":"hubris:MusketHawk","ascension_level":0}}