{"host":"2se5dq1do2gp0x9k","time":1612139131,"event":{"mods":["AchievementEnabler","BaseMod","Block Reminder","Colored Map","Colored Powertips","Minty Spire (QoL Compilation)","Relic Stats","StSLib","SuperFastMode"],"gold_per_floor":[114,114,114,114,189,189,213,234,258,299,312,31,49,63,63,63,63],"floor_reached":16,"language":"ENG","playtime":465,"items_purged":[],"score":204,"play_id":"a1a8b198-21da-437a-9f97-7d27a6968fba","local_time":"20210131162531","is_ascension_mode":true,"campfire_choices":[{"data":"Neutralize","floor":6,"key":"SMITH"},{"data":"Footwork","floor":15,"key":"SMITH"}],"circlet_count":0,"master_deck":["AscendersBane","Strike_G","Strike_G","Strike_G","Strike_G","Strike_G","Defend_G","Defend_G","Defend_G","Defend_G","Survivor","Neutralize+1","Backstab","Flying Knee","Heel Hook","Escape Plan","Sucker Punch","Sadistic Nature","Footwork+1","Well Laid Plans","Acrobatics"],"relics":["Ring of the Snake","Vajra","Golden Idol","Bag of Preparation","StrikeDummy"],"acts_visited":["Exordium"],"potions_floor_usage":[10,16],"damage_taken":[{"damage":0,"enemies":"Cultist","floor":1,"turns":5},{"damage":0,"enemies":"Jaw Worm","floor":7,"turns":3},{"damage":2,"enemies":"2 Louse","floor":8,"turns":3},{"damage":17,"enemies":"3 Sentries","floor":10,"turns":6},{"damage":0,"enemies":"Large Slime","floor":11,"turns":3},{"damage":0,"enemies":"Exordium Thugs","floor":13,"turns":3},{"damage":0,"enemies":"Blue Slaver","floor":14,"turns":3},{"damage":26,"enemies":"Slime Boss","floor":16,"turns":6}],"seed_played":"1615621070099639547","potions_obtained":[{"floor":1,"key":"BlessingOfTheForge"},{"floor":7,"key":"Poison Potion"},{"floor":13,"key":"Strength Potion"}],"is_trial":false,"path_per_floor":["M","?","?","?","?","R","M","M","T","E","M","$","M","M","R","B"],"character_chosen":"THE_SILENT","items_purchased":["Sadistic Nature","Footwork"],"campfire_rested":0,"item_purchase_floors":[12,12],"current_hp_per_floor":[59,52,52,52,41,41,41,39,39,22,22,22,22,22,22,0,0],"gold":63,"neow_bonus":"RANDOM_COMMON_RELIC","is_daily":false,"chose_seed":false,"campfire_upgraded":2,"win_rate":0.0,"timestamp":1612139131,"path_taken":["M","?","?","?","?","R","M","M","T","E","M","$","M","M","R","BOSS"],"items_purchased_type":["Card","Card"],"build_version":"2020-12-22","purchased_purges":0,"victory":false,"max_hp_per_floor":[66,66,66,60,60,60,60,60,60,60,60,60,60,60,60,60,60],"relic_stats":{"counters":[8,32],"Golden Idol":27,"Bag of Preparation":[10],"obtain_stats":[{"Golden Idol":4,"Vajra":0,"Bag of Preparation":9,"StrikeDummy":10,"Ring of the Snake":0},{"Golden Idol":1,"Vajra":0,"Bag of Preparation":3,"StrikeDummy":4,"Ring of the Snake":0},{"Golden Idol":5,"Vajra":0,"Bag of Preparation":11,"StrikeDummy":17,"Ring of the Snake":0}],"Ring of the Snake":[16]},"card_choices":[{"not_picked":["Reflex","Finisher"],"picked":"Backstab","floor":1},{"not_picked":["Concentrate","Accuracy"],"picked":"Flying Knee","floor":7},{"not_picked":["Tactician","Setup"],"picked":"Heel Hook","floor":8},{"not_picked":["Prepared","Eviscerate"],"picked":"Escape Plan","floor":10},{"not_picked":["Outmaneuver","Blur"],"picked":"Sucker Punch","floor":11},{"not_picked":["Flying Knee","Cloak And Dagger"],"picked":"Well Laid Plans","floor":13},{"not_picked":["Backstab","Slice"],"picked":"Acrobatics","floor":14}],"player_experience":4029185,"relics_obtained":[{"floor":9,"key":"Bag of Preparation"},{"floor":10,"key":"StrikeDummy"}],"event_choices":[{"cards_removed":["Defend_G"],"damage_healed":0,"gold_gain":0,"player_choice":"Card Removal","damage_taken":7,"max_hp_gain":0,"max_hp_loss":0,"event_name":"Golden Wing","floor":2,"gold_loss":0},{"damage_healed":0,"gold_gain":0,"player_choice":"Ignored","damage_taken":0,"max_hp_gain":0,"max_hp_loss":0,"event_name":"Liars Game","floor":3,"gold_loss":0},{"damage_healed":0,"gold_gain":0,"player_choice":"Lose Max HP","damage_taken":0,"relics_obtained":["Golden Idol"],"max_hp_gain":0,"max_hp_loss":6,"event_name":"Golden Idol","floor":4,"gold_loss":0},{"damage_healed":0,"gold_gain":75,"player_choice":"Gather Gold","damage_taken":11,"max_hp_gain":0,"max_hp_loss":0,"event_name":"World of Goop","floor":5,"gold_loss":0}],"is_beta":false,"boss_relics":[],"items_purged_floors":[],"is_endless":false,"potions_floor_spawned":[1,7,8,13],"killed_by":"Slime Boss","ascension_level":20}}