{"host":"g76rhe4j5kh9hdf9","time":1612147847,"event":{"mods":["Act Like it!","BaseMod","Bestiary","Better Third Choice","Downfall","GifTheSpireLib","Minty Spire (QoL Compilation)","Relic Stats","Spicy Shops","StSLib"],"gold_per_floor":[99,113,113,131,143,10,10,39,39,55,40,58,58,70,89,192,192,192,202,202,502,527,92,117,127,27,46,46,71,71,83,100,205,255,155,175,175,175,188,237,237,264,283,297,316,139,39,139,151,151,151,180,17,17,17,17],"floor_reached":57,"language":"ENG","playtime":5592,"items_purged":["bronze:Flail","bronze:Flail","bronze:Overheat","bronze:InfiniteLoop","bronze:Replicate+1","bronze:Replicate+1"],"score":1279,"play_id":"0241bf29-5cd4-40cf-8e6b-1bd62b5a2fab","local_time":"20210131185047","is_ascension_mode":false,"campfire_choices":[{"data":"bronze:Replicate","floor":1.0,"key":"SMITH"},{"data":"bronze:Repulsor","floor":9,"key":"SMITH"},{"floor":13,"key":"REST"},{"data":"bronze:MaxOutput","floor":18,"key":"SMITH"},{"data":"expansioncontent:DashGenerateEvil","floor":26,"key":"SMITH"},{"floor":28,"key":"RECALL"},{"data":"bronze:BronzeOrb","floor":30,"key":"SMITH"},{"data":"bronze:Goto","floor":35,"key":"SMITH"},{"data":"bronze:GetLatest","floor":47,"key":"SMITH"},{"data":"bronze:HardenedForm","floor":54,"key":"SMITH"}],"circlet_count":0,"master_deck":["bronze:Goto+1","bronze:BronzeOrb+1","bronze:MaxOutput+1","bronze:Repulsor+1","bronze:GetLatest+1","bronze:SpaghettiCode","bronze:HyperBeam","bronze:Deprecate","bronze:Return","bronze:FineTuning","bronze:HardenedForm","bronze:FindAndReplace","bronze:DelayedGuard+1","bronze:HardenedForm+1","expansioncontent:DashGenerateEvil+1","Pain","expansioncontent:DashGenerateEvil+1","bronze:ItsAFeature+1","bronze:Shell+1","bronze:AlphaBuild+1","bronze:MaxOutput+1","bronze:MaxOutput+1","bronze:ChildClass+1","downfall:Bewildered","bronze:Assembly","Regret","downfall:Icky"],"relics":["bronze:BronzeCore","TungstenRod","Sundial","CaptainsWheel","Pandora\u0027s Box","Old Coin","Smiling Mask","Membership Card","Guardian:PocketSentry","Lantern","Sling","Blood Vial","Eternal Feather","downfall:HeartBlessingGreen","sneckomod:BlankCard","Tiny House","downfall:HeartBlessingRed","Calipers","Art of War","Bag of Preparation","downfall:HeartBlessingBlue","downfall:ExtraCursedKey","Strawberry","Bag of Marbles"],"acts_visited":["Exordium","TheCity","TheBeyond","TheEnding"],"potions_floor_usage":[8,11,16,33,33,56,56],"damage_taken":[{"damage":5.0,"enemies":"Small Slimes","floor":2.0,"turns":4.0},{"damage":1.0,"enemies":"Cultist","floor":4.0,"turns":3.0},{"damage":0.0,"enemies":"2 Louse","floor":5.0,"turns":1.0},{"damage":0.0,"enemies":"downfall:FleeingMerchant","floor":6.0,"turns":4.0},{"damage":31,"enemies":"Lagavulin","floor":8,"turns":6},{"damage":9,"enemies":"Large Slime","floor":10,"turns":6},{"damage":6,"enemies":"downfall:FleeingMerchant","floor":11,"turns":4},{"damage":0,"enemies":"Blue Slaver","floor":12,"turns":1},{"damage":0,"enemies":"Gremlin Gang","floor":14,"turns":3},{"damage":0,"enemies":"2 Fungi Beasts","floor":15,"turns":2},{"damage":40,"enemies":"IC_STATUS_ARCHETYPE","floor":16,"turns":12},{"damage":3,"enemies":"Shell Parasite","floor":19,"turns":3},{"damage":15,"enemies":"downfall:FleeingMerchant","floor":23,"turns":4},{"damage":3,"enemies":"downfall:FleeingMerchant","floor":25,"turns":3},{"damage":2,"enemies":"Chosen","floor":27,"turns":3},{"damage":2,"enemies":"Slavers","floor":29,"turns":4},{"damage":0,"enemies":"Snecko","floor":31,"turns":2},{"damage":0,"enemies":"Snake Plant","floor":32,"turns":3},{"damage":18,"enemies":"SI_MIRROR_ARCHETYPE","floor":33,"turns":7},{"damage":0,"enemies":"3 Shapes","floor":36,"turns":1},{"damage":0,"enemies":"Orb Walker","floor":39,"turns":4},{"damage":10,"enemies":"2 Orb Walkers","floor":40,"turns":5},{"damage":0,"enemies":"Nemesis","floor":42,"turns":6},{"damage":0,"enemies":"3 Darklings","floor":43,"turns":6},{"damage":0,"enemies":"Transient","floor":44,"turns":5},{"damage":23,"enemies":"Writhing Mass","floor":45,"turns":5},{"damage":4,"enemies":"4 Shapes","floor":49,"turns":2},{"damage":16,"enemies":"DF_ARCHETYPE_ORBS","floor":50,"turns":11},{"damage":2,"enemies":"downfall:CharBossMerchant","floor":52,"turns":7},{"damage":22,"enemies":"downfall:NeowBoss","floor":55,"turns":16},{"damage":24,"enemies":"downfall:NeowBossFinal","floor":56,"turns":8}],"seed_played":"8604526661716727267","potions_obtained":[{"floor":2.0,"key":"bronze:BurnAndBuffPotion"},{"floor":8,"key":"Weak Potion"},{"floor":10,"key":"GamblersBrew"},{"floor":14,"key":"Fire Potion"},{"floor":16,"key":"AttackPotion"},{"floor":27,"key":"bronze:BurnAndBuffPotion"},{"floor":34,"key":"Energy Potion"},{"floor":40,"key":"SneckoOil"},{"floor":52,"key":"Energy Potion"}],"is_trial":false,"path_per_floor":["R","M","?","M","M","$","T","E","R","M","$","M","R","M","M","B",null,"R","M","?","?","T","$","T","$","R","M","R","E","R","M","M","B",null,"R","M","?","?","M","?","T","E","M","M","M","$","R","?","M","B",null,"E","$","R","B","B",null],"character_chosen":"THE_AUTOMATON","items_purchased":["TungstenRod","bronze:MaxOutput","Membership Card","Guardian:PocketSentry","expansioncontent:DashGenerateEvil","Sling","Blood Vial","expansioncontent:DashGenerateEvil","Eternal Feather","Bag of Preparation","Bag of Marbles","PowerPotion"],"campfire_rested":1,"item_purchase_floors":[6,6,23,23,23,25,25,25,25,46,53,53],"current_hp_per_floor":[77,72,72,71,71,71,71,40,40,31,25,25,48,48,48,8,77,77,74,74,74,74,59,59,56,68,68,77,75,77,77,77,59,82,82,82,82,82,82,72,72,74,76,78,57,57,82,87,85,71,97,102,102,104,82,60],"gold":17,"neow_bonus":"TEN_PERCENT_HP_BONUS","is_daily":false,"chose_seed":false,"campfire_upgraded":8,"win_rate":0.0,"timestamp":1612147847,"path_taken":["R","M","?","M","M","$","T","E","R","M","?","M","R","M","M","BOSS","R","M","?","?","?","?","T","$","R","M","R","E","R","M","M","BOSS","R","?","?","?","M","?","T","E","M","M","M","$","R","?","M","BOSS","E","$","R","BOSS","BOSS"],"items_purchased_type":["Relic","Card","Relic","Relic","Card","Relic","Relic","Card","Relic","Relic","Relic","Potion"],"build_version":"2020-12-22","purchased_purges":6,"victory":true,"max_hp_per_floor":[77,77,77,77,77,77,77,77,77,77,77,77,77,77,77,77,77,77,77,77,77,77,77,77,77,77,77,77,77,77,77,77,77,82,82,82,82,82,82,82,82,82,82,82,82,82,92,97,97,97,97,104,104,104,104,104],"relic_stats":{"Blood Vial":16,"counters":[31,150],"Sundial":[42],"Pandora\u0027s Box":["bronze:HyperBeam","bronze:Overheat","bronze:Deprecate","bronze:Return","bronze:Flail","bronze:FineTuning","bronze:HardenedForm","bronze:FindAndReplace"],"Eternal Feather":40,"Art of War":[6],"Bag of Preparation":[10],"Smiling Mask":114,"obtain_stats":[{"Lantern":24,"bronze:BronzeCore":0,"Tiny House":34,"Calipers":40,"downfall:HeartBlessingRed":35,"sneckomod:BlankCard":29,"Eternal Feather":25,"downfall:HeartBlessingGreen":26,"Guardian:PocketSentry":23,"Bag of Preparation":46,"Smiling Mask":22,"Sling":25,"Old Coin":21,"Blood Vial":25,"CaptainsWheel":8,"Sundial":7,"downfall:HeartBlessingBlue":47,"Strawberry":52,"Pandora\u0027s Box":17,"downfall:ExtraCursedKey":48,"Art of War":42,"Bag of Marbles":53,"Membership Card":23,"TungstenRod":6},{"Lantern":13,"bronze:BronzeCore":0,"Tiny House":19,"Calipers":22,"downfall:HeartBlessingRed":19,"sneckomod:BlankCard":16,"Eternal Feather":14,"downfall:HeartBlessingGreen":14,"Guardian:PocketSentry":13,"Bag of Preparation":26,"Smiling Mask":12,"Sling":14,"Old Coin":12,"Blood Vial":14,"CaptainsWheel":5,"Sundial":4,"downfall:HeartBlessingBlue":26,"Strawberry":29,"Pandora\u0027s Box":11,"downfall:ExtraCursedKey":26,"Art of War":23,"Bag of Marbles":29,"Membership Card":13,"TungstenRod":4},{"Lantern":53,"bronze:BronzeCore":0,"Tiny House":75,"Calipers":85,"downfall:HeartBlessingRed":75,"sneckomod:BlankCard":63,"Eternal Feather":56,"downfall:HeartBlessingGreen":56,"Guardian:PocketSentry":53,"Bag of Preparation":106,"Smiling Mask":49,"Sling":56,"Old Coin":49,"Blood Vial":56,"CaptainsWheel":18,"Sundial":12,"downfall:HeartBlessingBlue":106,"Strawberry":126,"Pandora\u0027s Box":46,"downfall:ExtraCursedKey":106,"Art of War":90,"Bag of Marbles":126,"Membership Card":53,"TungstenRod":12}],"TungstenRod":130},"card_choices":[{"not_picked":["bronze:CloningBeam","bronze:Iterate"],"picked":"bronze:WhirlingStrike","floor":2.0},{"not_picked":["bronze:Invalidate","bronze:ForceShield"],"picked":"bronze:Backtrace","floor":4.0},{"not_picked":["bronze:BuggyMess","bronze:ForLoop"],"picked":"bronze:BronzeOrb","floor":5.0},{"not_picked":["bronze:Iterate","bronze:Backtrace"],"picked":"bronze:Flail","floor":6.0},{"not_picked":["bronze:NullPointer","bronze:Shield"],"picked":"bronze:Repulsor","floor":8},{"not_picked":["bronze:BugBarrage","bronze:Overheat","bronze:DarkDash"],"picked":"SKIP","floor":10},{"not_picked":["bronze:WildBeam","bronze:SpaghettiCode"],"picked":"bronze:GetLatest","floor":11},{"not_picked":["bronze:Repulsor","bronze:OilSpill","bronze:Boost"],"picked":"SKIP","floor":12},{"not_picked":["bronze:FineTuning","bronze:WhirlingStrike","bronze:DelayedSlice"],"picked":"SKIP","floor":14},{"not_picked":["bronze:ClassDefault","bronze:Iterate","bronze:Branch"],"picked":"SKIP","floor":15},{"not_picked":["bronze:Assembly","bronze:Virus"],"picked":"bronze:SpaghettiCode","floor":16},{"not_picked":["bronze:Branch","bronze:ClassDefault"],"picked":"bronze:DelayedGuard+1","floor":19},{"not_picked":["bronze:Invalidate","bronze:BuggyMess"],"picked":"bronze:HardenedForm","floor":23},{"not_picked":["bronze:Overheat+1","bronze:Turbo","bronze:Allocate"],"picked":"SKIP","floor":25},{"not_picked":["bronze:CloningBeam","bronze:Overheat"],"picked":"bronze:ItsAFeature+1","floor":27},{"not_picked":["bronze:DelayedGuard","bronze:OilSpill+1","bronze:WhirlingStrike+1"],"picked":"SKIP","floor":29},{"not_picked":["bronze:DelayedGuard","bronze:OilSpill+1","bronze:WhirlingStrike+1"],"picked":"SKIP","floor":29},{"not_picked":["bronze:Branch","bronze:Overheat+1","bronze:Repair"],"picked":"SKIP","floor":31},{"not_picked":["bronze:Frontload","bronze:Turbo"],"picked":"bronze:Shell+1","floor":32},{"not_picked":["bronze:Virus","bronze:HyperBeam"],"picked":"bronze:AlphaBuild","floor":33},{"not_picked":["bronze:Branch+1","bronze:Fortify","bronze:WhirlingStrike"],"picked":"SKIP","floor":36},{"not_picked":["bronze:DelayedGuard+1","bronze:DelayedSlice+1","bronze:BitShift+1"],"picked":"SKIP","floor":39},{"not_picked":["bronze:CutThrough+1","bronze:Virus","bronze:Frontload+1"],"picked":"SKIP","floor":42},{"not_picked":["bronze:BronzeArmor","bronze:Invalidate+1"],"picked":"bronze:MaxOutput+1","floor":43},{"not_picked":["bronze:Philosophize","bronze:WhirlingStrike+1"],"picked":"bronze:MaxOutput+1","floor":44},{"not_picked":["bronze:BitShift","bronze:Iterate"],"picked":"bronze:ChildClass+1","floor":45},{"not_picked":["bronze:MaxOutput+1","bronze:Iterate+1","bronze:Branch"],"picked":"SKIP","floor":49},{"not_picked":["bronze:Shell","bronze:ClassDefault+1","bronze:ForceShield+1"],"picked":"SKIP","floor":52}],"player_experience":595638,"relics_obtained":[{"floor":7.0,"key":"Sundial"},{"floor":8,"key":"CaptainsWheel"},{"floor":22,"key":"Smiling Mask"},{"floor":24,"key":"Lantern"},{"floor":29,"key":"sneckomod:BlankCard"},{"floor":40,"key":"Calipers"},{"floor":42,"key":"Art of War"},{"floor":52,"key":"Strawberry"}],"event_choices":[{"damage_healed":0,"gold_gain":0,"player_choice":"Ignored","damage_taken":0,"max_hp_gain":0,"max_hp_loss":0,"event_name":"Ghosts","floor":20,"gold_loss":0},{"cards_removed":["bronze:WhirlingStrike"],"damage_healed":0,"gold_gain":0,"player_choice":"Removed Attack","damage_taken":0,"max_hp_gain":0,"max_hp_loss":0,"event_name":"Falling","floor":38,"gold_loss":0},{"damage_healed":0,"gold_gain":0,"player_choice":"Fight","damage_taken":0,"max_hp_gain":0,"max_hp_loss":0,"event_name":"Mysterious Sphere","floor":40,"gold_loss":0}],"is_beta":false,"boss_relics":[{"not_picked":["Philosopher\u0027s Stone","sneckomod:SneckoTalon"],"picked":"Pandora\u0027s Box"},{"not_picked":["Sozu","Snecko Eye"],"picked":"Tiny House"}],"items_purged_floors":[23,25,46,46,53,53],"is_endless":false,"potions_floor_spawned":[2,8,10,14,16,19,27,29,40,42,52],"ascension_level":0}}