{"host":"2se5dq1do2gp0x9k","time":1612194137,"event":{"mods":["AchievementEnabler","BaseMod","Block Reminder","Colored Map","Colored Powertips","Minty Spire (QoL Compilation)","Relic Stats","StSLib","SuperFastMode"],"gold_per_floor":[109,109,184,204,204,242,263,298,325,250,44,44,44,44,44,140,140,161,175,194,244,268,268,301,301,301,301,301],"floor_reached":27,"language":"ENG","playtime":828,"items_purged":["Strike_P"],"score":597,"play_id":"f3a14bbc-0fe7-4829-82f5-72f890ba1c5b","local_time":"20210201074217","is_ascension_mode":true,"campfire_choices":[{"data":"Ragnarok","floor":12.0,"key":"SMITH"},{"data":"Eruption","floor":15.0,"key":"SMITH"},{"floor":23,"key":"REST"},{"data":"Meditate","floor":25,"key":"SMITH"}],"circlet_count":0,"master_deck":["AscendersBane","Strike_P","Strike_P","Strike_P","Defend_P","Defend_P","Defend_P","Defend_P","Eruption+1","Vigilance","FlurryOfBlows","FollowUp","Meditate+1","Ragnarok+1","CutThroughFate","Nirvana","Weave","CutThroughFate","Evaluate","Decay"],"relics":["PureWater","NeowsBlessing","Golden Idol","WarpedTongs","Boot","Vajra","Juzu Bracelet","GoldenEye","Cursed Key","Bag of Marbles","HornCleat"],"acts_visited":["Exordium","TheCity"],"potions_floor_usage":[19,20,24],"damage_taken":[{"damage":0.0,"enemies":"Small Slimes","floor":1.0,"turns":1.0},{"damage":0.0,"enemies":"2 Louse","floor":4.0,"turns":1.0},{"damage":0.0,"enemies":"Gremlin Nob","floor":6.0,"turns":1.0},{"damage":2.0,"enemies":"Cultist","floor":7.0,"turns":2.0},{"damage":22.0,"enemies":"3 Sentries","floor":8.0,"turns":3.0},{"damage":0,"enemies":"Slime Boss","floor":16,"turns":3},{"damage":0,"enemies":"Spheric Guardian","floor":18,"turns":2},{"damage":0,"enemies":"3 Byrds","floor":19,"turns":4},{"damage":35,"enemies":"Shelled Parasite and Fungi","floor":20,"turns":5},{"damage":0,"enemies":"Snecko","floor":22,"turns":2},{"damage":14,"enemies":"Slavers","floor":24,"turns":3},{"damage":28,"enemies":"Book of Stabbing","floor":27,"turns":2}],"seed_played":"-2781150746271455671","potions_obtained":[{"floor":4.0,"key":"Block Potion"},{"floor":6.0,"key":"Fire Potion"},{"floor":14.0,"key":"SpeedPotion"},{"floor":18,"key":"Block Potion"},{"floor":20,"key":"SneckoOil"},{"floor":22,"key":"Explosive Potion"}],"is_trial":false,"path_per_floor":["M","?","?","M","?","E","M","E","T","?","$","R","?","?","R","B",null,"M","M","M","?","M","R","E","R","T","E"],"character_chosen":"WATCHER","items_purchased":["Nirvana","Weave"],"campfire_rested":1,"item_purchase_floors":[11,11],"current_hp_per_floor":[61,61,50,50,50,50,48,26,26,26,26,26,21,21,21,21,52,52,52,17,17,17,35,21,21,21,0,0],"gold":301,"neow_bonus":"THREE_ENEMY_KILL","is_daily":false,"chose_seed":false,"campfire_upgraded":3,"win_rate":0.0,"timestamp":1612194137,"path_taken":["M","?","?","M","?","E","?","E","T","?","?","R","?","?","R","BOSS","M","M","M","?","M","R","E","R","T","E"],"items_purchased_type":["Card","Card"],"build_version":"2020-12-22","purchased_purges":1,"victory":false,"max_hp_per_floor":[68,62,62,62,62,62,62,62,62,62,62,62,62,62,62,62,62,62,62,62,62,62,62,62,62,62,62,62],"relic_stats":{"counters":[12,29],"Golden Idol":65,"Juzu Bracelet":1,"Boot":[12],"GoldenEye":[12],"Cursed Key":1,"obtain_stats":[{"HornCleat":26,"NeowsBlessing":0,"Golden Idol":2,"Vajra":8,"Juzu Bracelet":9,"Bag of Marbles":24,"PureWater":0,"Boot":6,"GoldenEye":13,"Cursed Key":17,"WarpedTongs":5},{"HornCleat":11,"NeowsBlessing":0,"Golden Idol":1,"Vajra":5,"Juzu Bracelet":5,"Bag of Marbles":11,"PureWater":0,"Boot":3,"GoldenEye":5,"Cursed Key":6,"WarpedTongs":2},{"HornCleat":27,"NeowsBlessing":0,"Golden Idol":1,"Vajra":8,"Juzu Bracelet":8,"Bag of Marbles":27,"PureWater":0,"Boot":3,"GoldenEye":8,"Cursed Key":11,"WarpedTongs":2}],"WarpedTongs":[27]},"card_choices":[{"not_picked":["Evaluate","Prostrate"],"picked":"FlurryOfBlows","floor":1.0},{"not_picked":["Evaluate","Wireheading"],"picked":"FollowUp","floor":4.0},{"not_picked":["Fasting2","Swivel"],"picked":"Meditate","floor":6.0},{"not_picked":["SandsOfTime","FlyingSleeves"],"picked":"Ragnarok","floor":7.0},{"not_picked":["FollowUp","Collect"],"picked":"CutThroughFate","floor":8.0},{"not_picked":["BowlingBash","Consecrate+1","ClearTheMind"],"picked":"SKIP","floor":18},{"not_picked":["ReachHeaven","CrushJoints"],"picked":"CutThroughFate","floor":19},{"not_picked":["WheelKick","ClearTheMind","MentalFortress"],"picked":"SKIP","floor":20},{"not_picked":["Crescendo","Wish","Sanctity"],"picked":"SKIP","floor":22},{"not_picked":["FlurryOfBlows","EmptyBody"],"picked":"Evaluate","floor":24}],"player_experience":4043394,"relics_obtained":[{"floor":6.0,"key":"Boot"},{"floor":8.0,"key":"Vajra"},{"floor":9.0,"key":"Juzu Bracelet"},{"floor":24,"key":"Bag of Marbles"},{"floor":26,"key":"HornCleat"}],"event_choices":[{"damage_healed":0.0,"max_hp_gain":0.0,"max_hp_loss":6.0,"gold_gain":0.0,"event_name":"Golden Idol","player_choice":"Lose Max HP","floor":2.0,"gold_loss":0.0,"damage_taken":0.0,"relics_obtained":["Golden Idol"]},{"damage_healed":0.0,"max_hp_gain":0.0,"max_hp_loss":0.0,"gold_gain":75.0,"event_name":"World of Goop","player_choice":"Gather Gold","floor":3.0,"gold_loss":0.0,"damage_taken":11.0},{"damage_healed":0.0,"max_hp_gain":0.0,"max_hp_loss":0.0,"gold_gain":0.0,"event_name":"Accursed Blacksmith","player_choice":"Rummage","floor":5.0,"gold_loss":0.0,"damage_taken":0.0,"relics_obtained":["WarpedTongs"],"cards_obtained":["Pain"]},{"cards_removed":["Pain"],"damage_healed":0.0,"max_hp_gain":0.0,"max_hp_loss":0.0,"gold_gain":0.0,"event_name":"The Cleric","player_choice":"Card Removal","floor":10.0,"gold_loss":75.0,"damage_taken":0.0},{"damage_healed":0.0,"max_hp_gain":0.0,"max_hp_loss":0.0,"gold_gain":0.0,"event_name":"Scrap Ooze","player_choice":"Success","floor":13.0,"gold_loss":0.0,"damage_taken":5.0,"relics_obtained":["GoldenEye"]},{"damage_healed":0.0,"max_hp_gain":0.0,"max_hp_loss":0.0,"gold_gain":0.0,"event_name":"Lab","player_choice":"Got Potions","floor":14.0,"gold_loss":0.0,"damage_taken":0.0},{"damage_healed":0,"gold_gain":50,"player_choice":"Stole From Cult","damage_taken":0,"max_hp_gain":0,"max_hp_loss":0,"event_name":"Nest","floor":21,"gold_loss":0}],"is_beta":false,"boss_relics":[{"not_picked":["Black Star","Philosopher\u0027s Stone"],"picked":"Cursed Key"}],"items_purged_floors":[11],"is_endless":false,"potions_floor_spawned":[4,6,18,20,22],"killed_by":"Book of Stabbing","ascension_level":18}}