{"host":"eswokialmqjd9jwx","time":1612192591,"event":{"mods":["AchievementEnabler","BaseMod","Colored Map","DeckTracker","KOR Keyword Fix","Minty Spire (QoL Compilation)","StSLib","SuperFastMode"],"gold_per_floor":[110,126,137,25,25,25,38,38,63,63,78,78,110,128,128,206,206,220,230,230,230,247,247,258,258,258,258,276,287,108,128,128,128,128],"floor_reached":33,"language":"KOR","playtime":1106,"items_purged":["Defend_G","Strike_G"],"score":502,"play_id":"fb8478f8-55c2-43e8-bed4-70161bdcc383","local_time":"20210202001631","is_ascension_mode":true,"campfire_choices":[{"data":"Dagger Spray","floor":6,"key":"SMITH"},{"data":"Cloak And Dagger","floor":10,"key":"SMITH"},{"data":"Blade Dance","floor":12,"key":"SMITH"},{"floor":15,"key":"REST"},{"data":"Malaise","floor":23,"key":"SMITH"},{"data":"Malaise","floor":25,"key":"SMITH"},{"floor":27,"key":"REST"},{"floor":32,"key":"REST"}],"circlet_count":0,"master_deck":["AscendersBane","Strike_G+1","Strike_G","Strike_G+1","Defend_G","Defend_G","Defend_G","Survivor","Neutralize","Dagger Throw","Backflip","Cloak And Dagger+1","Dagger Spray+1","Infinite Blades","Cloak And Dagger+1","Blade Dance+1","Acrobatics","Malaise+1","Malaise+1","Tactician","Backflip","Ghostly","Ghostly","Ghostly","Footwork"],"relics":["Ring of the Snake","Blood Vial","Lantern","Cursed Key","FaceOfCleric"],"acts_visited":["Exordium","TheCity"],"potions_floor_usage":[13,31,31,33],"damage_taken":[{"damage":0,"enemies":"Cultist","floor":1,"turns":3},{"damage":5,"enemies":"Jaw Worm","floor":2,"turns":6},{"damage":0,"enemies":"2 Louse","floor":3,"turns":4},{"damage":0,"enemies":"Lots of Slimes","floor":7,"turns":1},{"damage":7,"enemies":"Blue Slaver","floor":11,"turns":4},{"damage":14,"enemies":"Lagavulin","floor":13,"turns":4},{"damage":0,"enemies":"Red Slaver","floor":14,"turns":3},{"damage":16,"enemies":"The Guardian","floor":16,"turns":18},{"damage":5,"enemies":"2 Thieves","floor":18,"turns":4},{"damage":16,"enemies":"Spheric Guardian","floor":19,"turns":6},{"damage":3,"enemies":"Snake Plant","floor":22,"turns":7},{"damage":20,"enemies":"Snecko","floor":24,"turns":8},{"damage":0,"enemies":"Centurion and Healer","floor":28,"turns":10},{"damage":7,"enemies":"Shelled Parasite and Fungi","floor":29,"turns":6},{"damage":17,"enemies":"Chosen and Byrds","floor":31,"turns":8},{"damage":6,"enemies":"Champ","floor":33,"turns":11}],"seed_played":"6566552761989896050","potions_obtained":[{"floor":2,"key":"PowerPotion"},{"floor":3,"key":"Strength Potion"},{"floor":16,"key":"EssenceOfSteel"},{"floor":31,"key":"ColorlessPotion"}],"is_trial":false,"path_per_floor":["M","M","M","$","?","R","M","?","T","R","M","R","E","M","R","B",null,"M","M","?","?","M","R","M","R","T","R","M","M","$","M","R","B"],"character_chosen":"THE_SILENT","items_purchased":["Infinite Blades","Footwork"],"campfire_rested":3,"item_purchase_floors":[4,30],"current_hp_per_floor":[59,54,54,54,36,36,36,36,36,36,31,31,19,21,39,25,51,48,34,30,30,28,28,11,11,11,20,23,19,19,5,15,11,11],"gold":128,"neow_bonus":"TRANSFORM_TWO_CARDS","is_daily":false,"chose_seed":false,"campfire_upgraded":5,"win_rate":0.0,"timestamp":1612192591,"path_taken":["M","M","?","?","?","R","M","?","T","R","?","R","E","M","R","BOSS","M","M","?","?","M","R","M","R","T","R","M","?","$","?","R","BOSS"],"items_purchased_type":["Card","Card"],"build_version":"2020-12-22","purchased_purges":2,"victory":false,"max_hp_per_floor":[60,60,60,60,60,60,60,60,60,60,60,60,60,60,60,60,60,60,60,30,30,31,31,32,32,32,32,33,34,34,35,35,35,35],"card_choices":[{"not_picked":["Finisher","Well Laid Plans"],"picked":"Cloak And Dagger","floor":1},{"not_picked":["Deflect","Sucker Punch"],"picked":"Dagger Spray","floor":2},{"not_picked":["Slice","Caltrops","Deadly Poison"],"picked":"SKIP","floor":3},{"not_picked":["Deadly Poison","Heel Hook"],"picked":"Cloak And Dagger","floor":7},{"not_picked":["Masterful Stab","Outmaneuver"],"picked":"Blade Dance","floor":11},{"not_picked":["Deflect","PiercingWail"],"picked":"Acrobatics","floor":13},{"not_picked":["PiercingWail","Deadly Poison"],"picked":"Malaise","floor":14},{"not_picked":["Grand Finale","Bullet Time"],"picked":"Malaise","floor":16},{"not_picked":["Dash","Slice"],"picked":"Tactician","floor":18},{"not_picked":["Flechettes+1","Outmaneuver"],"picked":"Backflip","floor":19},{"not_picked":["All Out Attack","Backflip","Sucker Punch"],"picked":"SKIP","floor":22},{"not_picked":["Poisoned Stab","Slice","Backflip"],"picked":"SKIP","floor":24},{"not_picked":["Deadly Poison","Dagger Spray","Distraction"],"picked":"SKIP","floor":28},{"not_picked":["Skewer","Heel Hook","Blade Dance"],"picked":"SKIP","floor":29},{"not_picked":["Dagger Spray","Expertise","Quick Slash"],"picked":"SKIP","floor":31}],"player_experience":1173995,"relics_obtained":[{"floor":9,"key":"Blood Vial"},{"floor":13,"key":"Lantern"}],"event_choices":[{"damage_healed":0,"gold_gain":0,"player_choice":"Entered Light","damage_taken":18,"max_hp_gain":0,"max_hp_loss":0,"event_name":"Shining Light","floor":5,"gold_loss":0,"cards_upgraded":["Strike_G","Strike_G"]},{"damage_healed":0,"gold_gain":0,"player_choice":"Upgraded","damage_taken":0,"max_hp_gain":0,"max_hp_loss":0,"event_name":"Upgrade Shrine","floor":8,"gold_loss":0,"cards_upgraded":["Cloak And Dagger"]},{"damage_healed":0,"gold_gain":0,"player_choice":"Became a Ghost","damage_taken":0,"max_hp_gain":0,"max_hp_loss":30,"event_name":"Ghosts","floor":20,"gold_loss":0,"cards_obtained":["Ghostly","Ghostly","Ghostly"]},{"damage_healed":0,"gold_gain":0,"player_choice":"Trade","damage_taken":0,"relics_obtained":["FaceOfCleric"],"max_hp_gain":0,"max_hp_loss":0,"event_name":"FaceTrader","floor":21,"gold_loss":0}],"is_beta":false,"boss_relics":[{"not_picked":["Black Star","Philosopher\u0027s Stone"],"picked":"Cursed Key"}],"items_purged_floors":[4,30],"is_endless":false,"potions_floor_spawned":[2,3,7,16,22,28,31],"killed_by":"Champ","ascension_level":20}}