{"host":"bq4pt811tk9yrmjl","time":1612210437,"event":{"mods":["AchievementEnabler","BaseMod","Colored Map","Colored Powertips","Defuse TimeMaze Blight","Hermit","Minty Spire (QoL Compilation)","Smile Girya","StSLib","SuperFastMode"],"gold_per_floor":[109,109,109,120,120,148,167,167,217,217,217,251,251,263,263,364,364,383,383,403,502,502,502,517,517,517,76,76,76,92,102,102,102,102],"floor_reached":33,"language":"ENG","playtime":493,"items_purged":[],"score":292,"play_id":"615b39f4-4e9a-442d-b71c-df9b13d12a56","local_time":"20210201181357","is_ascension_mode":true,"campfire_choices":[{"data":"Body Slam","floor":8,"key":"SMITH"},{"data":"Anger","floor":10,"key":"SMITH"},{"data":"Inflame","floor":15,"key":"SMITH"},{"floor":23,"key":"REST"},{"floor":25,"key":"REST"},{"floor":32,"key":"REST"}],"circlet_count":0,"master_deck":["Defend_R","Defend_R","Defend_R+1","Defend_R+1","Bash","Anger+1","Body Slam+1","Inflame+1","Berserk","Flex+1","Blood for Blood+1","Spot Weakness","Rupture","Brutality"],"relics":["Burning Blood","NeowsBlessing","Nunchaku","Omamori","Juzu Bracelet","Empty Cage","Orichalcum","TungstenRod","Membership Card","FossilizedHelix","War Paint"],"acts_visited":["Exordium","TheCity"],"potions_floor_usage":[12,12,14,18,24,28,33],"damage_taken":[{"damage":0,"enemies":"Jaw Worm","floor":1,"turns":1},{"damage":0,"enemies":"Cultist","floor":4,"turns":1},{"damage":0,"enemies":"Gremlin Nob","floor":6,"turns":1},{"damage":0,"enemies":"Small Slimes","floor":7,"turns":3},{"damage":9,"enemies":"Lagavulin","floor":12,"turns":5},{"damage":8,"enemies":"Exordium Wildlife","floor":14,"turns":4},{"damage":42,"enemies":"Slime Boss","floor":16,"turns":9},{"damage":24,"enemies":"Spheric Guardian","floor":18,"turns":5},{"damage":32,"enemies":"3 Byrds","floor":20,"turns":6},{"damage":16,"enemies":"Shelled Parasite and Fungi","floor":24,"turns":5},{"damage":16,"enemies":"Colosseum Slavers","floor":28,"turns":5},{"damage":19,"enemies":"Centurion and Healer","floor":30,"turns":5},{"damage":28,"enemies":"Snecko","floor":31,"turns":5},{"damage":0,"enemies":"Automaton","floor":33,"turns":2}],"seed_played":"4877903243341921322","potions_obtained":[{"floor":4,"key":"DuplicationPotion"},{"floor":6,"key":"Block Potion"},{"floor":12,"key":"Swift Potion"},{"floor":16,"key":"SkillPotion"},{"floor":20,"key":"HeartOfIron"},{"floor":24,"key":"LiquidBronze"},{"floor":30,"key":"DuplicationPotion"}],"is_trial":false,"path_per_floor":["M","$","?","M","?","E","M","R","T","R","T","E","?","M","R","B",null,"M","?","M","?","?","R","M","R","T","$","?","?","M","M","R","B"],"character_chosen":"IRONCLAD","items_purchased":["Membership Card","FossilizedHelix","War Paint","BloodPotion","Regen Potion"],"campfire_rested":3,"item_purchase_floors":[27,27,27,27,27],"current_hp_per_floor":[80,80,80,80,85,85,85,85,85,85,85,82,82,80,80,44,85,67,67,41,41,25,52,42,69,69,69,77,77,64,42,69,69,69],"gold":102,"neow_bonus":"THREE_ENEMY_KILL","is_daily":false,"chose_seed":false,"campfire_upgraded":3,"win_rate":0.0,"timestamp":1612210437,"path_taken":["M","$","?","?","?","E","M","R","T","R","?","E","?","M","R","BOSS","M","?","M","?","?","R","M","R","T","$","?","?","M","M","R","BOSS"],"items_purchased_type":["Relic","Relic","Relic","Potion","Potion"],"build_version":"2020-12-22","purchased_purges":0,"victory":false,"max_hp_per_floor":[80,80,80,80,85,85,85,85,85,85,85,85,85,85,85,85,85,85,85,85,85,90,90,90,90,90,90,90,90,90,90,90,90,90],"card_choices":[{"not_picked":["Feel No Pain","Perfected Strike"],"picked":"Anger","floor":1},{"not_picked":["Blood for Blood","Pommel Strike","Dropkick"],"picked":"SKIP","floor":4},{"not_picked":["Fire Breathing","Dark Embrace"],"picked":"Body Slam","floor":6},{"not_picked":["Body Slam","Pummel","Power Through"],"picked":"SKIP","floor":7},{"not_picked":["Sword Boomerang","Iron Wave"],"picked":"Inflame","floor":12},{"not_picked":["Headbutt","Body Slam","Combust"],"picked":"SKIP","floor":14},{"not_picked":["Exhume","Juggernaut"],"picked":"Berserk","floor":16},{"not_picked":["Heavy Blade","Armaments"],"picked":"Flex+1","floor":18},{"not_picked":["Thunderclap+1","Bloodletting"],"picked":"Blood for Blood+1","floor":20},{"not_picked":["Combust","Twin Strike"],"picked":"Spot Weakness","floor":24},{"not_picked":["Heavy Blade","Havoc","Clothesline+1"],"picked":"SKIP","floor":30},{"not_picked":["Twin Strike","Heavy Blade","Anger"],"picked":"SKIP","floor":31}],"player_experience":293500,"relics_obtained":[{"floor":6,"key":"Nunchaku"},{"floor":9,"key":"Omamori"},{"floor":12,"key":"Juzu Bracelet"},{"floor":26,"key":"TungstenRod"}],"event_choices":[{"cards_removed":["Strike_R"],"damage_healed":0,"gold_gain":0,"player_choice":"Card Removal","damage_taken":0,"max_hp_gain":0,"max_hp_loss":0,"event_name":"Wheel of Change","floor":3,"gold_loss":0},{"damage_healed":0,"gold_gain":0,"player_choice":"Donut","damage_taken":0,"max_hp_gain":5,"max_hp_loss":0,"event_name":"Big Fish","floor":5,"gold_loss":0},{"damage_healed":0,"gold_gain":0,"player_choice":"Leave","damage_taken":0,"max_hp_gain":0,"max_hp_loss":0,"event_name":"The Cleric","floor":13,"gold_loss":0},{"damage_healed":0,"gold_gain":0,"player_choice":"Opened","damage_taken":0,"relics_obtained":["Orichalcum"],"max_hp_gain":0,"max_hp_loss":0,"event_name":"The Mausoleum","floor":19,"gold_loss":0},{"damage_healed":0,"gold_gain":99,"player_choice":"Stole From Cult","damage_taken":0,"max_hp_gain":0,"max_hp_loss":0,"event_name":"Nest","floor":21,"gold_loss":0},{"damage_healed":0,"gold_gain":0,"player_choice":"Shed Blood","damage_taken":21,"max_hp_gain":5,"max_hp_loss":0,"event_name":"Forgotten Altar","floor":22,"gold_loss":0},{"damage_healed":0,"gold_gain":0,"player_choice":"Fight","damage_taken":0,"max_hp_gain":0,"max_hp_loss":0,"event_name":"Colosseum","floor":28,"gold_loss":0},{"damage_healed":0,"gold_gain":0,"player_choice":"Fled From Nobs","damage_taken":0,"max_hp_gain":0,"max_hp_loss":0,"event_name":"Colosseum","floor":28,"gold_loss":0},{"damage_healed":0,"gold_gain":0,"cards_transformed":["Strike_R","Strike_R"],"player_choice":"Became Test Subject","damage_taken":0,"max_hp_gain":0,"max_hp_loss":0,"event_name":"Drug Dealer","floor":29,"gold_loss":0,"cards_obtained":["Rupture","Brutality"]}],"is_beta":false,"boss_relics":[{"not_picked":["Runic Cube","Runic Pyramid"],"picked":"Empty Cage"}],"items_purged_floors":[],"is_endless":false,"potions_floor_spawned":[4,6,12,16,20,24,30],"killed_by":"Automaton","ascension_level":1}}