{"host":"49pjgf1q9ev52n8z","time":1612156668,"event":{"mods":["BaseMod","Bestiary","Colored Map","Minty Spire (QoL Compilation)","Practice Mode","Relic Stats","StSLib"],"gold_per_floor":[111,126,143,143,160,160,160,186,186,214,227,227,227,16,16,87,87,99,99,99,99,15,15,47,65,65,65,85,100,129,129,129,129,129],"floor_reached":33,"language":"ENG","playtime":2681,"items_purged":[],"score":571,"play_id":"2168d7ab-0403-4746-96c9-9bc3b6a96a4e","local_time":"20210131211748","is_ascension_mode":true,"campfire_choices":[{"data":"Neutralize","floor":6.0,"key":"SMITH"},{"floor":12.0,"key":"REST"},{"data":"Deadly Poison","floor":15.0,"key":"SMITH"},{"floor":23.0,"key":"REST"},{"floor":27,"key":"REST"},{"data":"1","floor":32,"key":"LIFT"}],"circlet_count":0,"master_deck":["AscendersBane","Strike_G","Strike_G","Strike_G","Strike_G","Strike_G","Defend_G","Defend_G","Defend_G","Defend_G","Defend_G","Survivor","Neutralize+1","Dash+1","Dagger Spray","Blade Dance","Blur","Backstab","Slice","Poisoned Stab","Deadly Poison+1","Venomology","Ghostly","Ghostly","Ghostly","Necronomicurse","Quick Slash","Catalyst","Decay"],"relics":["Ring of the Snake","NeowsBlessing","Toy Ornithopter","Dream Catcher","Singing Bowl","Membership Card","Cursed Key","Necronomicon","Blood Vial","Girya","Lantern","Ice Cream"],"acts_visited":["Exordium","TheCity"],"potions_floor_usage":[24,24,25,25,28,29,30,33,33],"damage_taken":[{"damage":0.0,"enemies":"Jaw Worm","floor":1.0,"turns":1.0},{"damage":0.0,"enemies":"2 Louse","floor":2.0,"turns":1.0},{"damage":0.0,"enemies":"Cultist","floor":3.0,"turns":1.0},{"damage":4.0,"enemies":"Looter","floor":5.0,"turns":3.0},{"damage":16.0,"enemies":"Lagavulin","floor":8.0,"turns":7.0},{"damage":12.0,"enemies":"3 Sentries","floor":10.0,"turns":11.0},{"damage":6.0,"enemies":"Large Slime","floor":11.0,"turns":6.0},{"damage":22.0,"enemies":"Hexaghost","floor":16.0,"turns":11.0},{"damage":19.0,"enemies":"Spheric Guardian","floor":18.0,"turns":5.0},{"damage":27,"enemies":"Slavers","floor":24,"turns":6},{"damage":4,"enemies":"2 Thieves","floor":25,"turns":4},{"damage":8,"enemies":"Centurion and Healer","floor":28,"turns":9},{"damage":3,"enemies":"Sentry and Sphere","floor":29,"turns":6},{"damage":5,"enemies":"Gremlin Leader","floor":30,"turns":6},{"damage":52,"enemies":"Collector","floor":33,"turns":9}],"seed_played":"-1747798283098502229","potions_obtained":[{"floor":2.0,"key":"Block Potion"},{"floor":5.0,"key":"LiquidBronze"},{"floor":10.0,"key":"GhostInAJar"},{"floor":11.0,"key":"CunningPotion"},{"floor":18.0,"key":"Poison Potion"},{"floor":24,"key":"LiquidBronze"},{"floor":25,"key":"ColorlessPotion"}],"is_trial":false,"path_per_floor":["M","M","M","?","M","R","?","E","T","E","M","R","?","$","R","B",null,"M","?","?","?","$","R","E","M","T","R","M","M","E","T","R","B"],"character_chosen":"THE_SILENT","items_purchased":["Membership Card","Poisoned Stab","Deadly Poison","Blood Vial"],"campfire_rested":3,"item_purchase_floors":[14,14,14,22],"current_hp_per_floor":[59,59,59,59,55,55,51,35,35,23,19,41,41,41,41,29,60,48,36,15,7,7,19,6,16,16,31,32,36,40,40,40,0,0],"gold":129,"neow_bonus":"THREE_ENEMY_KILL","is_daily":false,"chose_seed":false,"campfire_upgraded":2,"win_rate":0.0,"timestamp":1612156668,"path_taken":["M","M","M","?","M","R","?","E","T","E","?","R","?","$","R","BOSS","M","?","?","?","?","R","E","?","T","R","M","M","E","?","R","BOSS"],"items_purchased_type":["Relic","Card","Card","Relic"],"build_version":"2020-12-22","purchased_purges":0,"victory":false,"max_hp_per_floor":[66,66,66,66,66,66,66,66,66,66,68,70,70,70,70,70,70,72,36,36,41,41,41,43,45,45,47,49,49,51,51,51,51,51],"relic_stats":{"Blood Vial":12,"Dream Catcher":3,"Singing Bowl":16,"counters":[15,86],"Necronomicon":[8],"Cursed Key":1,"obtain_stats":[{"Blood Vial":22,"Ice Cream":31,"Girya":24,"Dream Catcher":9,"Lantern":30,"NeowsBlessing":0,"Singing Bowl":10,"Necronomicon":20,"Membership Card":14,"Cursed Key":17,"Toy Ornithopter":8,"Ring of the Snake":0},{"Blood Vial":9,"Ice Cream":14,"Girya":10,"Dream Catcher":5,"Lantern":14,"NeowsBlessing":0,"Singing Bowl":6,"Necronomicon":9,"Membership Card":7,"Cursed Key":8,"Toy Ornithopter":5,"Ring of the Snake":0},{"Blood Vial":46,"Ice Cream":77,"Girya":52,"Dream Catcher":13,"Lantern":77,"NeowsBlessing":0,"Singing Bowl":24,"Necronomicon":46,"Membership Card":30,"Cursed Key":41,"Toy Ornithopter":13,"Ring of the Snake":0}],"Toy Ornithopter":60,"Ring of the Snake":[30]},"card_choices":[{"not_picked":["Dagger Spray","Footwork"],"picked":"Dash","floor":1.0},{"not_picked":["PiercingWail","Sucker Punch"],"picked":"Dagger Spray","floor":2.0},{"not_picked":["Outmaneuver","Terror"],"picked":"Blade Dance","floor":3.0},{"not_picked":["Phantasmal Killer","Well Laid Plans"],"picked":"Blur","floor":5.0},{"not_picked":["Night Terror","Finisher"],"picked":"Backstab","floor":8.0},{"not_picked":["Underhanded Strike","Dagger Throw"],"picked":"Slice","floor":10.0},{"not_picked":["Dagger Throw","Bane","Dagger Spray"],"picked":"Singing Bowl","floor":11.0},{"not_picked":["Deadly Poison","Concentrate","Night Terror"],"picked":"Singing Bowl","floor":12.0},{"not_picked":["Night Terror","Glass Knife"],"picked":"Venomology","floor":16.0},{"not_picked":["Expertise","Dodge and Roll","Underhanded Strike"],"picked":"Singing Bowl","floor":18.0},{"not_picked":["Cloak And Dagger","Poisoned Stab+1"],"picked":"Quick Slash","floor":23.0},{"not_picked":["Heel Hook","Finisher","Dash"],"picked":"Singing Bowl","floor":24},{"not_picked":["Underhanded Strike","Flying Knee","Outmaneuver"],"picked":"Singing Bowl","floor":25},{"not_picked":["Terror","Blade Dance","Endless Agony"],"picked":"Singing Bowl","floor":27},{"not_picked":["Underhanded Strike","PiercingWail","Terror"],"picked":"Singing Bowl","floor":28},{"not_picked":["Underhanded Strike","Outmaneuver"],"picked":"Catalyst","floor":29},{"not_picked":["All Out Attack","Flying Knee","Outmaneuver"],"picked":"Singing Bowl","floor":30}],"player_experience":675576,"relics_obtained":[{"floor":8.0,"key":"Toy Ornithopter"},{"floor":9.0,"key":"Dream Catcher"},{"floor":10.0,"key":"Singing Bowl"},{"floor":20.0,"key":"Necronomicon"},{"floor":24,"key":"Girya"},{"floor":30,"key":"Lantern"},{"floor":31,"key":"Ice Cream"}],"event_choices":[{"damage_healed":0.0,"max_hp_gain":0.0,"max_hp_loss":0.0,"gold_gain":0.0,"event_name":"Living Wall","player_choice":"Grow","floor":4.0,"gold_loss":0.0,"damage_taken":0.0,"cards_upgraded":["Dash"]},{"damage_healed":0.0,"max_hp_gain":0.0,"max_hp_loss":0.0,"gold_gain":0.0,"event_name":"The Woman in Blue","player_choice":"Bought 0 Potions","floor":7.0,"gold_loss":0.0,"damage_taken":0.0},{"damage_healed":0.0,"max_hp_gain":0.0,"max_hp_loss":0.0,"gold_gain":0.0,"event_name":"Dead Adventurer","player_choice":"Searched \u00270\u0027 times","floor":13.0,"gold_loss":0.0,"damage_taken":0.0},{"damage_healed":0.0,"max_hp_gain":0.0,"max_hp_loss":36.0,"gold_gain":0.0,"event_name":"Ghosts","player_choice":"Became a Ghost","floor":19.0,"gold_loss":0.0,"damage_taken":0.0,"cards_obtained":["Ghostly","Ghostly","Ghostly"]},{"damage_healed":0.0,"max_hp_gain":0.0,"max_hp_loss":0.0,"gold_gain":0.0,"event_name":"Cursed Tome","player_choice":"Obtained Book","floor":20.0,"gold_loss":0.0,"damage_taken":21.0},{"damage_healed":0.0,"max_hp_gain":5.0,"max_hp_loss":0.0,"gold_gain":0.0,"event_name":"Forgotten Altar","player_choice":"Shed Blood","floor":21.0,"gold_loss":0.0,"damage_taken":13.0}],"is_beta":false,"boss_relics":[{"not_picked":["Velvet Choker","Empty Cage"],"picked":"Cursed Key"}],"items_purged_floors":[],"is_endless":false,"potions_floor_spawned":[2,5,10,11,18,24,25],"killed_by":"Collector","ascension_level":19}}