{"host":"04hh9gplt9wkfmr1","time":1612166469,"event":{"mods":["AchievementEnabler","BaseMod","Colored Map","KOR Keyword Fix","Minty Spire (QoL Compilation)","Rare Cards Sparkle","SuperFastMode"],"gold_per_floor":[15,34,47,47,63,63,75,105,186,119,449,449,465,465,465,465,465],"floor_reached":16,"language":"KOR","playtime":360,"items_purged":[],"score":140,"play_id":"2dcd2c0c-e6c5-4dcc-afdf-e09a3cc09a0c","local_time":"20210201170109","is_ascension_mode":true,"campfire_choices":[{"data":"Feel No Pain","floor":6.0,"key":"SMITH"},{"data":"Demon Form","floor":12,"key":"SMITH"},{"floor":15,"key":"REST"}],"circlet_count":0,"master_deck":["Strike_R+1","Strike_R","Strike_R","Strike_R","Strike_R","Defend_R","Defend_R","Defend_R","Defend_R+1","Bash","Dark Embrace","Feel No Pain+1","Armaments","Feed","Feel No Pain","Demon Form+1","Havoc"],"relics":["Burning Blood","CaptainsWheel","Sundial","Question Card","Old Coin","Golden Idol"],"acts_visited":["Exordium"],"potions_floor_usage":[8],"damage_taken":[{"damage":1.0,"enemies":"Cultist","floor":1.0,"turns":4.0},{"damage":3.0,"enemies":"Small Slimes","floor":2.0,"turns":4.0},{"damage":5.0,"enemies":"Jaw Worm","floor":3.0,"turns":5.0},{"damage":11.0,"enemies":"Looter","floor":5.0,"turns":3.0},{"damage":10.0,"enemies":"Gremlin Gang","floor":7.0,"turns":3.0},{"damage":15,"enemies":"3 Sentries","floor":8,"turns":8},{"damage":23,"enemies":"Gremlin Nob","floor":11,"turns":5},{"damage":16,"enemies":"3 Louse","floor":13,"turns":5},{"damage":33,"enemies":"The Guardian","floor":16,"turns":5}],"seed_played":"3280074266846925642","potions_obtained":[{"floor":1.0,"key":"LiquidBronze"},{"floor":2.0,"key":"Energy Potion"},{"floor":5.0,"key":"Explosive Potion"},{"floor":7.0,"key":"AttackPotion"}],"is_trial":false,"path_per_floor":["M","M","M","?","M","R","M","E","T","$","E","R","M","?","R","B"],"character_chosen":"IRONCLAD","items_purchased":["Feel No Pain"],"campfire_rested":1,"item_purchase_floors":[10],"current_hp_per_floor":[80,80,80,64,59,59,55,46,46,46,32,32,25,4,29,0,0],"gold":465,"neow_bonus":"ONE_RARE_RELIC","is_daily":false,"chose_seed":false,"campfire_upgraded":2,"win_rate":0.0,"timestamp":1612166469,"path_taken":["M","M","?","?","M","R","M","E","T","$","E","R","M","?","R","BOSS"],"items_purchased_type":["Card"],"build_version":"2020-12-22","purchased_purges":0,"victory":false,"max_hp_per_floor":[80,80,80,80,80,80,80,80,80,80,83,83,86,86,86,86,86],"card_choices":[{"not_picked":["Shockwave","Clothesline"],"picked":"Dark Embrace","floor":1.0},{"not_picked":["True Grit","Whirlwind","Anger"],"picked":"SKIP","floor":2.0},{"not_picked":["Fire Breathing","Hemokinesis"],"picked":"Feel No Pain","floor":3.0},{"not_picked":["Flex","Rage","Burning Pact"],"picked":"SKIP","floor":5.0},{"not_picked":["Shrug It Off","Uppercut"],"picked":"Armaments","floor":7.0},{"not_picked":["Dropkick","Flame Barrier"],"picked":"Feed","floor":8},{"not_picked":["Feel No Pain","Feed","Seeing Red"],"picked":"Demon Form","floor":11},{"not_picked":["Dark Embrace","True Grit","Twin Strike"],"picked":"Havoc","floor":13}],"player_experience":115576,"relics_obtained":[{"floor":8,"key":"Sundial"},{"floor":9,"key":"Question Card"},{"floor":11,"key":"Old Coin"}],"event_choices":[{"damage_healed":0.0,"max_hp_gain":0.0,"max_hp_loss":0.0,"gold_gain":0.0,"event_name":"Shining Light","player_choice":"Entered Light","floor":4.0,"gold_loss":0.0,"damage_taken":16.0,"cards_upgraded":["Strike_R","Defend_R"]},{"damage_healed":0,"gold_gain":0,"player_choice":"Take Damage","damage_taken":21,"relics_obtained":["Golden Idol"],"max_hp_gain":0,"max_hp_loss":0,"event_name":"Golden Idol","floor":14,"gold_loss":0}],"is_beta":false,"boss_relics":[],"items_purged_floors":[],"is_endless":false,"potions_floor_spawned":[1,2,5,7],"killed_by":"The Guardian","ascension_level":5}}