{"host":"mw3dmj42qtkbha4b","time":1612206187,"event":{"mods":["BaseMod","Colored Map","Colored Powertips","DeckTracker","Minty Spire (QoL Compilation)","StSLib","SuperFastMode"],"gold_per_floor":[115,115,115,131,56,82,99,130,130,159,14,39,39,39,39,39,39],"floor_reached":16,"language":"KOR","playtime":351,"items_purged":["Defend_P"],"score":302,"play_id":"b6850cf8-79b2-4d83-a274-c62b23eac45c","local_time":"20210202040307","is_ascension_mode":true,"campfire_choices":[{"floor":13,"key":"REST"},{"floor":15,"key":"REST"}],"circlet_count":0,"master_deck":["AscendersBane","Strike_P","Strike_P","Strike_P","Strike_P","Defend_P","Defend_P","Defend_P","Eruption+1","Vigilance","Judgement"],"relics":["PureWater","NeowsBlessing","Oddly Smooth Stone","Toxic Egg 2","Toy Ornithopter","MawBank","Bag of Marbles","Bronze Scales","Ornamental Fan"],"acts_visited":["Exordium"],"potions_floor_usage":[12],"damage_taken":[{"damage":0.0,"enemies":"Jaw Worm","floor":1.0,"turns":1.0},{"damage":0.0,"enemies":"Small Slimes","floor":4.0,"turns":1.0},{"damage":0.0,"enemies":"3 Sentries","floor":6.0,"turns":1.0},{"damage":0.0,"enemies":"Cultist","floor":7.0,"turns":2.0},{"damage":40.0,"enemies":"Gremlin Nob","floor":8.0,"turns":4.0},{"damage":21.0,"enemies":"Lagavulin","floor":10.0,"turns":7.0},{"damage":14,"enemies":"Gremlin Nob","floor":12,"turns":4},{"damage":45,"enemies":"Hexaghost","floor":16,"turns":7}],"seed_played":"1904244854982090821","potions_obtained":[{"floor":1.0,"key":"EssenceOfSteel"},{"floor":4.0,"key":"BottledMiracle"},{"floor":10.0,"key":"SpeedPotion"}],"is_trial":false,"path_per_floor":["M","?","?","M","$","E","M","E","T","E","$","E","R","T","R","B"],"character_chosen":"WATCHER","items_purchased":["Bag of Marbles"],"campfire_rested":2,"item_purchase_floors":[11],"current_hp_per_floor":[61,61,61,61,61,61,61,21,21,10,10,1,21,21,41,0,0],"gold":39,"neow_bonus":"THREE_ENEMY_KILL","is_daily":false,"chose_seed":false,"campfire_upgraded":0,"win_rate":0.0,"timestamp":1612206187,"path_taken":["M","?","?","M","$","E","M","E","T","E","$","E","R","?","R","BOSS"],"items_purchased_type":["Relic"],"build_version":"2020-12-22","purchased_purges":1,"victory":false,"max_hp_per_floor":[68,68,68,68,68,68,68,68,68,68,68,68,68,68,68,68,68],"card_choices":[{"not_picked":["TalkToTheHand","DeceiveReality","FlurryOfBlows"],"picked":"SKIP","floor":1.0},{"not_picked":["ThirdEye","JustLucky","Crescendo"],"picked":"SKIP","floor":4.0},{"not_picked":["InnerPeace","Prostrate"],"picked":"Judgement","floor":6.0},{"not_picked":["WheelKick","Evaluate","BowlingBash"],"picked":"SKIP","floor":7.0},{"not_picked":["Worship+1","WindmillStrike","Weave"],"picked":"SKIP","floor":8.0},{"not_picked":["FollowUp","WheelKick","WindmillStrike"],"picked":"SKIP","floor":10.0},{"not_picked":["Halt+1","Weave","Swivel+1"],"picked":"SKIP","floor":12}],"player_experience":1780771,"relics_obtained":[{"floor":6.0,"key":"Oddly Smooth Stone"},{"floor":8.0,"key":"Toxic Egg 2"},{"floor":9.0,"key":"Toy Ornithopter"},{"floor":10.0,"key":"MawBank"},{"floor":12,"key":"Bronze Scales"},{"floor":14,"key":"Ornamental Fan"}],"event_choices":[{"damage_healed":0.0,"max_hp_gain":0.0,"max_hp_loss":0.0,"gold_gain":0.0,"event_name":"Golden Idol","player_choice":"Ignored","floor":2.0,"gold_loss":0.0,"damage_taken":0.0},{"damage_healed":0.0,"max_hp_gain":0.0,"max_hp_loss":0.0,"gold_gain":0.0,"event_name":"Living Wall","player_choice":"Grow","floor":3.0,"gold_loss":0.0,"damage_taken":0.0,"cards_upgraded":["Eruption"]}],"is_beta":false,"boss_relics":[],"items_purged_floors":[5],"is_endless":false,"potions_floor_spawned":[1,4,8,10],"killed_by":"Hexaghost","ascension_level":20}}