{"host":"hn99riirbf0lv0ml","time":1612200492,"event":{"mods":["AchievementEnabler","Act Like it!","Bard","BaseMod","Beaked The Cultist","Colored Map","Colored Powertips","Conspire","Curses Come First","Downfall","Duelist Mod","Friendly Minions","Gensokyo","GifTheSpireLib","Glutton Mod","Halation","Jorbs\u0027s Wanderer Trilogy","Mad Scientist","Marisa????????","Minty Spire (QoL Compilation)","Rare Cards Sparkle","Replay The Spire","StSLib","The Blackbeard","The Bug Knight","The Construct","The Cursed","The Disciple","The Mystic","The Runesmith","The Servant 0.9.4","The Witch"],"gold_per_floor":[12,12,22,22,3,3,20,20,20,20,20,53,53,377,123,157,157,157,157],"floor_reached":18,"language":"ENG","playtime":5309,"items_purged":["stsjorbsmod:Strike_Wanderer"],"score":210,"play_id":"3498235a-be01-4669-98d1-558cb2b370ce","local_time":"20210201122812","is_ascension_mode":true,"campfire_choices":[{"data":"1","floor":6,"key":"LIFT"},{"floor":10,"key":"REST"},{"floor":17,"key":"REST"}],"circlet_count":0,"master_deck":["AscendersBane","stsjorbsmod:ForbiddenGrimoire+1","stsjorbsmod:Strike_Wanderer","stsjorbsmod:Strike_Wanderer","stsjorbsmod:Strike_Wanderer","stsjorbsmod:Defend_Wanderer","stsjorbsmod:Defend_Wanderer","stsjorbsmod:Defend_Wanderer","stsjorbsmod:Defend_Wanderer","stsjorbsmod:FreshAdventure","stsjorbsmod:EyeOfTheStorm","stsjorbsmod:ArcaneWeapon","stsjorbsmod:FranticSearch","stsjorbsmod:Thorns","stsjorbsmod:ArcaneForm","stsjorbsmod:SmithingStrike","Mayhem","stsjorbsmod:Mending"],"relics":["stsjorbsmod:GrimoireRelic","Girya","Strawberry","ReplayTheSpireMod:TigerMarble","halation:LettersToHer"],"acts_visited":["Gensokyo:Gensokyo"],"potions_floor_usage":[18],"damage_taken":[{"damage":15,"enemies":"Gensokyo:3_Fairies","floor":1,"turns":5},{"damage":5,"enemies":"Gensokyo:Python","floor":3,"turns":3},{"damage":2,"enemies":"Gensokyo:2_Kodama","floor":7,"turns":3},{"damage":48,"enemies":"Gensokyo:Aya","floor":12,"turns":6},{"damage":0,"enemies":"Gensokyo:VengefulSpirit","floor":14,"turns":6},{"damage":0,"enemies":"Gensokyo:2_Rabbits","floor":16,"turns":4},{"damage":47,"enemies":"Gensokyo:Kokoro","floor":18,"turns":8}],"seed_played":"4051813814663686382","potions_obtained":[{"floor":3,"key":"sneckomod:MuddlingPotion"},{"floor":14,"key":"Elixir"},{"floor":16,"key":"Languid Potion"}],"is_trial":false,"path_per_floor":["M","$","M","?","COS","R","M","PTL","PTL","R","T","E","?","M","$","M","R","B"],"character_chosen":"WANDERER","items_purchased":["Mayhem"],"campfire_rested":2,"item_purchase_floors":[15],"current_hp_per_floor":[44,44,40,33,33,33,32,32,32,53,53,7,7,14,14,18,39,0,0],"gold":157,"neow_bonus":"ONE_RARE_RELIC","is_daily":false,"chose_seed":false,"campfire_upgraded":0,"win_rate":0.0,"timestamp":1612200492,"path_taken":["M","?","?","?","COS","R","M","PTL","PTL","R","T","E","?","M","$","M","R","BOSS"],"items_purchased_type":["Card"],"build_version":"2020-12-22","purchased_purges":1,"victory":false,"max_hp_per_floor":[64,64,64,71,71,71,71,71,71,71,71,71,71,71,71,71,71,71,71],"card_choices":[{"not_picked":["stsjorbsmod:Aid","stsjorbsmod:Channel"],"picked":"stsjorbsmod:ArcaneWeapon","floor":1},{"not_picked":["stsjorbsmod:Mindworm","stsjorbsmod:ChainLightning"],"picked":"stsjorbsmod:FranticSearch","floor":3},{"not_picked":["stsjorbsmod:MageArmor","stsjorbsmod:BurningFlask"],"picked":"stsjorbsmod:Thorns","floor":7},{"not_picked":["stsjorbsmod:IvoryTower","stsjorbsmod:MistyStep"],"picked":"stsjorbsmod:ArcaneForm","floor":12},{"not_picked":["stsjorbsmod:ParryingBlow","stsjorbsmod:DoubleCheck"],"picked":"stsjorbsmod:SmithingStrike","floor":14},{"not_picked":["stsjorbsmod:ChainLightning","stsjorbsmod:HedgeWizard"],"picked":"stsjorbsmod:Mending","floor":16}],"player_experience":349573,"relics_obtained":[{"floor":11,"key":"ReplayTheSpireMod:TigerMarble"},{"floor":12,"key":"halation:LettersToHer"}],"event_choices":[],"is_beta":false,"boss_relics":[],"items_purged_floors":[15],"is_endless":false,"potions_floor_spawned":[3,14,16],"killed_by":"Gensokyo:Kokoro","ascension_level":20}}