{"host":"o6rpelx2jpc8yies","time":1612142806,"event":{"mods":["BaseMod","Downfall","Minty Spire (QoL Compilation)","StSLib"],"gold_per_floor":[99,109,126,126,137,36,62,74,107,120,155,169,69,89,100,100,100,100],"floor_reached":16,"language":"ENG","playtime":914,"items_purged":[],"score":232,"play_id":"aeecd2d4-a74f-46dc-b1eb-c639d45db768","local_time":"20210131182646","is_ascension_mode":true,"campfire_choices":[{"floor":1,"key":"RECALL"},{"data":"champ:FancyFootwork","floor":13,"key":"SMITH"}],"circlet_count":0,"master_deck":["AscendersBane","champ:Strike","champ:Strike","champ:Strike","champ:Defend","champ:Defend","champ:Defend","champ:Defend","champ:Execute","champ:Taunt","champ:Duel","champ:BringItOn","champ:Shatter","champ:DefensiveShout","champ:RageSigil","champ:DefensiveShout","champ:FancyFootwork+1","champ:StanceDance","champ:IronFortress","champ:Haymaker","champ:Endure"],"relics":["champ:ChampionCrown","Ancient Tea Set","Juzu Bracelet","downfall:HeartBlessingBlue"],"acts_visited":["Exordium"],"potions_floor_usage":[11,16],"damage_taken":[{"damage":15,"enemies":"Small Slimes","floor":2,"turns":4},{"damage":20,"enemies":"Cultist","floor":3,"turns":3},{"damage":20,"enemies":"Jaw Worm","floor":5,"turns":3},{"damage":20,"enemies":"downfall:FleeingMerchant","floor":6,"turns":4},{"damage":37,"enemies":"Exordium Wildlife","floor":8,"turns":5},{"damage":10,"enemies":"Lagavulin","floor":9,"turns":7},{"damage":27,"enemies":"Large Slime","floor":10,"turns":7},{"damage":33,"enemies":"3 Sentries","floor":11,"turns":8},{"damage":15,"enemies":"Blue Slaver","floor":12,"turns":3},{"damage":10,"enemies":"Red Slaver","floor":14,"turns":2},{"damage":22,"enemies":"Large Slime","floor":15,"turns":5},{"damage":43,"enemies":"SI_SHIV_ARCHETYPE","floor":16,"turns":8}],"seed_played":"8128590162408616483","potions_obtained":[{"floor":5,"key":"Weak Potion"},{"floor":9,"key":"Block Potion"},{"floor":11,"key":"Regen Potion"}],"is_trial":false,"path_per_floor":["R","M","M","?","M","$","T","M","E","M","E","M","R","M","M","B"],"character_chosen":"THE_CHAMP","items_purchased":["champ:RageSigil"],"campfire_rested":0,"item_purchase_floors":[6],"current_hp_per_floor":[81,76,76,76,76,76,76,59,54,42,29,29,39,39,27,0,0,0],"gold":100,"neow_bonus":"TEN_PERCENT_HP_BONUS","is_daily":false,"chose_seed":false,"campfire_upgraded":1,"win_rate":0.0,"timestamp":1612142806,"path_taken":["R","M","M","?","?","$","T","M","E","?","E","M","R","M","M","BOSS"],"items_purchased_type":["Card"],"build_version":"2020-12-22","purchased_purges":0,"victory":false,"max_hp_per_floor":[89,89,89,89,89,89,89,89,89,89,89,89,99,99,99,99,99,99],"card_choices":[{"not_picked":["champ:Parry","champ:BerserkerStyle"],"picked":"champ:Duel","floor":2},{"not_picked":["champ:GladiatorStyle","champ:EnGarde"],"picked":"champ:BringItOn","floor":3},{"not_picked":["champ:GladiatorStyle","champ:HeartStrike"],"picked":"champ:Shatter","floor":5},{"not_picked":["champ:BladeFlurry","champ:FanOfKnives"],"picked":"champ:DefensiveShout","floor":6},{"not_picked":["champ:Shatter","champ:PerfectedStrike","champ:BladeFlurry"],"picked":"SKIP","floor":8},{"not_picked":["champ:PerfectedStrike","champ:BladeFlurry"],"picked":"champ:DefensiveShout","floor":9},{"not_picked":["champ:EnchantCrown","champ:ViciousMockery"],"picked":"champ:FancyFootwork","floor":10},{"not_picked":["champ:DeathBlow","champ:PreemptiveStrike"],"picked":"champ:StanceDance","floor":11},{"not_picked":["champ:DefensiveShout","champ:BringItOn"],"picked":"champ:IronFortress","floor":12},{"not_picked":["champ:CrownThrow","champ:TornadoPunch"],"picked":"champ:Haymaker","floor":14},{"not_picked":["champ:DefensiveShout","champ:StanceDance"],"picked":"champ:Endure","floor":15}],"player_experience":1907129,"relics_obtained":[{"floor":9,"key":"Ancient Tea Set"},{"floor":11,"key":"Juzu Bracelet"}],"event_choices":[{"cards_removed":["champ:Strike"],"damage_healed":0,"gold_gain":0,"player_choice":"Offered Basic","damage_taken":0,"max_hp_gain":0,"max_hp_loss":0,"event_name":"Bonfire Elementals","floor":4,"gold_loss":0}],"is_beta":false,"boss_relics":[],"items_purged_floors":[],"is_endless":false,"potions_floor_spawned":[5,9,10,11,12],"killed_by":"SI_SHIV_ARCHETYPE","ascension_level":20}}