{"host":"9vk21r6l9dtkpvh9","time":1612189224,"event":{"mods":["100% Spire Juice","2.2 Compatiblity","AchievementEnabler","Act Like it!","Astrologer","Bartender","BaseMod","Better Altar","Better Match","Better Note","Better Sensory Stone","Better Skull","Better Third Choice","BetterRewards","CapriCore","CatGirl Mod","Colored Map","Colored Powertips","Conspire","DeckTracker","Downfall","Energized Spire","Gensokyo","GifTheSpireLib","Hermit","Hubris","Infinite Spire","Jorbs\u0027s Wanderer Trilogy","Koishi","LagranYue(???·?)","Luminous","Mad Scientist","Marisa????????","Mimic Mod","Minty Spire (QoL Compilation)","Potionbrewer","Rare Cards Sparkle","Relic Stats","Replay The Spire","SOS???????","Shade Mod","Spicy Shops","StSLib","SuperFastMode","Td1madao Mod","The Animator","The Forsaken","The Gatherer","The Hierophant","The Immortal","The Jungle","The Marked","The Mystic","The Necromancer","The Runesmith","The Senshi","The Servant 0.9.4","The Valiant","The Wild Card","TheBandit","TheSwordswoman","TheWitcher","WarShipGirlsR/????R mod","???Mod??????Boss"],"gold_per_floor":[114,45,45,64,75,103,103,134,134,165,145,171,171,186,186,186,186],"floor_reached":16,"language":"ENG","playtime":715,"items_purged":[],"score":154,"play_id":"6a431de6-8e81-4d7d-9435-38bf30072a51","local_time":"20210201092024","is_ascension_mode":true,"campfire_choices":[{"data":"Combust","floor":7,"key":"SMITH"},{"floor":13,"key":"REST"},{"data":"Uppercut","floor":15,"key":"SMITH"}],"circlet_count":0,"master_deck":["Strike_R","Strike_R","Strike_R","Strike_R","Strike_R","Defend_R","Defend_R","Defend_R","Defend_R","Bash+1","Spot Weakness","Combust+1","Blood for Blood","Fire Breathing","Uppercut+1","Entrench","Shrug It Off"],"relics":["Burning Blood","LagranYue:RandomDrawCardRelic","FossilizedHelix","Replay:Baseball","theForsaken:ScaryMask","Lantern","hubris:MysteriousPyramids"],"acts_visited":["Exordium"],"potions_floor_usage":[6,16],"damage_taken":[{"damage":7,"enemies":"Small Slimes","floor":1,"turns":4},{"damage":0,"enemies":"2 Louse","floor":4,"turns":4},{"damage":0,"enemies":"Cultist","floor":5,"turns":3},{"damage":16,"enemies":"Gremlin Nob","floor":6,"turns":3},{"damage":18,"enemies":"3 Sentries","floor":8,"turns":5},{"damage":28,"enemies":"Lagavulin","floor":10,"turns":6},{"damage":13,"enemies":"3 Sentries","floor":12,"turns":4},{"damage":7,"enemies":"Gremlin Gang","floor":14,"turns":3},{"damage":62,"enemies":"The Guardian","floor":16,"turns":11}],"seed_played":"-7210334372973973022","potions_obtained":[{"floor":1,"key":"potionbrewer:DiscountPotion"},{"floor":5,"key":"EssenceOfSteel"},{"floor":8,"key":"Doom Potion"}],"is_trial":false,"path_per_floor":["M","$","?","M","M","E","R","E","T","E","?","E","R","M","R","B"],"character_chosen":"IRONCLAD","items_purchased":["FossilizedHelix"],"campfire_rested":1,"item_purchase_floors":[2],"current_hp_per_floor":[87,87,87,88,88,78,78,66,66,44,44,37,63,62,62,0,0],"gold":186,"neow_bonus":"TEN_PERCENT_HP_BONUS","is_daily":false,"chose_seed":false,"campfire_upgraded":2,"win_rate":0.0,"timestamp":1612189224,"path_taken":["M","$","?","M","M","E","R","E","T","E","?","E","R","M","R","BOSS"],"items_purchased_type":["Relic"],"build_version":"2020-12-22","purchased_purges":0,"victory":false,"max_hp_per_floor":[88,88,88,88,88,88,88,88,88,88,88,88,88,88,88,88,88],"relic_stats":{"counters":[9,43],"obtain_stats":[{"Replay:Baseball":6,"theForsaken:ScaryMask":9,"Lantern":10,"LagranYue:RandomDrawCardRelic":0,"hubris:MysteriousPyramids":12,"Burning Blood":0,"FossilizedHelix":2},{"Replay:Baseball":4,"theForsaken:ScaryMask":5,"Lantern":6,"LagranYue:RandomDrawCardRelic":0,"hubris:MysteriousPyramids":7,"Burning Blood":0,"FossilizedHelix":1},{"Replay:Baseball":14,"theForsaken:ScaryMask":19,"Lantern":25,"LagranYue:RandomDrawCardRelic":0,"hubris:MysteriousPyramids":29,"Burning Blood":0,"FossilizedHelix":4}],"Burning Blood":37},"card_choices":[{"not_picked":["Fire Breathing","hubris:ReadiedAction"],"picked":"Spot Weakness","floor":1},{"not_picked":["Run Through","Havoc","Headbutt"],"picked":"SKIP","floor":4},{"not_picked":["Run Through","Searing Blow"],"picked":"Combust","floor":5},{"not_picked":["Headbutt","Life Link"],"picked":"Blood for Blood","floor":6},{"not_picked":["Run Through","Iron Wave"],"picked":"Fire Breathing","floor":8},{"not_picked":["conspire:Purge","Run Through"],"picked":"Uppercut","floor":10},{"not_picked":["Blood for Blood","Run Through"],"picked":"Entrench","floor":12},{"not_picked":["ReplayReversal","ReplayTheSpireMod:Limb From Limb"],"picked":"Shrug It Off","floor":14}],"player_experience":677288,"relics_obtained":[{"floor":6,"key":"Replay:Baseball"},{"floor":9,"key":"theForsaken:ScaryMask"},{"floor":10,"key":"Lantern"},{"floor":12,"key":"hubris:MysteriousPyramids"}],"event_choices":[{"damage_healed":0,"gold_gain":0,"player_choice":"Grow","damage_taken":0,"max_hp_gain":0,"max_hp_loss":0,"event_name":"Living Wall","floor":3,"gold_loss":0,"cards_upgraded":["Bash"]},{"damage_healed":0,"gold_gain":0,"player_choice":"Bought 1 Potion","damage_taken":0,"max_hp_gain":0,"max_hp_loss":0,"event_name":"The Woman in Blue","floor":11,"gold_loss":0}],"is_beta":false,"boss_relics":[],"items_purged_floors":[],"is_endless":false,"potions_floor_spawned":[1,5,8,12],"killed_by":"The Guardian","ascension_level":4}}