{"host":"l2dnabsh5e0fsksb","time":1612165230,"event":{"mods":["2.2 Compatiblity","BaseMod","Downfall","Minty Spire (QoL Compilation)","Quick Restart","StSLib"],"gold_per_floor":[99,99,99,99,99,99,99,134,134,34,61,77,77,140,154,251,251,151,166,177,207,207,234,280,280,309,384,384,411,411,425,444,540,540,540,554,572,338,351,380,450,450,464,464,186,186,218,237,252,252],"floor_reached":51,"language":"ENG","playtime":2248,"items_purged":["downfall:Bewildered","bronze:Goto"],"score":1420,"play_id":"194f549d-44b9-4e56-b5e4-68ed359603cb","local_time":"20210201181030","is_ascension_mode":true,"campfire_choices":[{"floor":1.0,"key":"RECALL"},{"data":"bronze:DelayedSlice","floor":10.0,"key":"SMITH"},{"data":"bronze:DelayedSlice","floor":13.0,"key":"SMITH"},{"data":"bronze:SpaghettiCode","floor":18.0,"key":"SMITH"},{"data":"bronze:FineTuning","floor":25.0,"key":"SMITH"},{"floor":28.0,"key":"REST"},{"data":"bronze:Separator","floor":30.0,"key":"SMITH"},{"data":"bronze:InfiniteLoop","floor":35.0,"key":"SMITH"},{"data":"bronze:Repair","floor":44.0,"key":"SMITH"},{"data":"bronze:Constructor","floor":46.0,"key":"SMITH"}],"circlet_count":0,"master_deck":["AscendersBane","bronze:Strike","bronze:Strike","bronze:Strike","bronze:Defend","bronze:Defend","bronze:Replicate","bronze:Separator+1","bronze:Repair+1","bronze:DelayedSlice+1","bronze:ChildClass","bronze:DelayedSlice+1","bronze:InfiniteBeams+1","bronze:BitShift","bronze:SpaghettiCode+1","bronze:DelayedSlice+1","bronze:DelayedSlice+1","bronze:FineTuning+1","bronze:Constructor+1","bronze:InfiniteLoop+1","bronze:CutThrough+1","bronze:BitShift+1","bronze:Verify+1","bronze:OilSpill","bronze:WhirlingStrike","bronze:Optimize+1","bronze:Optimize+1","bronze:BuggyMess+1","bronze:Repulsor+1","bronze:Verify+1","bronze:Boost"],"relics":["bronze:BronzeCore","downfall:HeartsMalice","Lizard Tail","Regal Pillow","Bird Faced Urn","bronze:SilverBullet","downfall:HeartBlessingRed","Blood Vial","Frozen Egg 2","Black Star","downfall:HeartBlessingGreen","Red Mask","Ancient Tea Set","Bronze Scales","Oddly Smooth Stone","Omamori","Whetstone","bronze:CableSpool","Dead Branch","bronze:MakeshiftBattery","Toy Ornithopter","Shuriken","Thread and Needle","Singing Bowl","Mango","bronze:Timepiece"],"acts_visited":["Exordium","TheCity","TheBeyond"],"potions_floor_usage":[47,47,50,50],"damage_taken":[{"damage":0.0,"enemies":"Small Slimes","floor":2.0,"turns":1.0},{"damage":0.0,"enemies":"2 Louse","floor":5.0,"turns":1.0},{"damage":0.0,"enemies":"Lagavulin","floor":8.0,"turns":1.0},{"damage":12.0,"enemies":"3 Sentries","floor":11.0,"turns":5.0},{"damage":0.0,"enemies":"Cultist","floor":12.0,"turns":2.0},{"damage":15.0,"enemies":"Gremlin Nob","floor":14.0,"turns":3.0},{"damage":10.0,"enemies":"Blue Slaver","floor":15.0,"turns":3.0},{"damage":41.0,"enemies":"IC_STATUS_ARCHETYPE","floor":16.0,"turns":6.0},{"damage":4.0,"enemies":"Shell Parasite","floor":19.0,"turns":4.0},{"damage":10.0,"enemies":"Snake Plant","floor":20.0,"turns":2.0},{"damage":2.0,"enemies":"Masked Bandits","floor":21.0,"turns":2.0},{"damage":0.0,"enemies":"Gremlin Leader","floor":23.0,"turns":4.0},{"damage":26.0,"enemies":"Book of Stabbing","floor":26.0,"turns":4.0},{"damage":0.0,"enemies":"Gremlin Leader","floor":29.0,"turns":4.0},{"damage":0.0,"enemies":"Sentry and Sphere","floor":31.0,"turns":1.0},{"damage":1.0,"enemies":"Chosen and Byrds","floor":32.0,"turns":3.0},{"damage":73.0,"enemies":"DF_ARCHETYPE_CLAW","floor":33.0,"turns":8.0},{"damage":0.0,"enemies":"Orb Walker","floor":36.0,"turns":2.0},{"damage":18.0,"enemies":"3 Darklings","floor":37.0,"turns":3.0},{"damage":10.0,"enemies":"downfall:FleeingMerchant","floor":38.0,"turns":4.0},{"damage":5.0,"enemies":"4 Shapes","floor":39.0,"turns":3.0},{"damage":27.0,"enemies":"Reptomancer","floor":40.0,"turns":4.0},{"damage":3.0,"enemies":"Sphere and 2 Shapes","floor":43.0,"turns":2.0},{"damage":0.0,"enemies":"downfall:FleeingMerchant","floor":45.0,"turns":4.0},{"damage":36,"enemies":"Giant Head","floor":47,"turns":6},{"damage":21,"enemies":"Transient","floor":48,"turns":5},{"damage":0,"enemies":"3 Darklings","floor":49,"turns":3},{"damage":83,"enemies":"WA_ARCHETYPE_DIVINITY","floor":50,"turns":9}],"seed_played":"2197885329390483343","potions_obtained":[{"floor":12.0,"key":"Ancient Potion"},{"floor":15.0,"key":"SkillPotion"},{"floor":16.0,"key":"bronze:CleanCodePotion"},{"floor":27.0,"key":"downfall:CursedFountainPotion"},{"floor":29.0,"key":"bronze:FreeFunctionsPotion"},{"floor":33.0,"key":"FearPotion"},{"floor":36.0,"key":"bronze:CleanCodePotion"},{"floor":37.0,"key":"ColorlessPotion"},{"floor":43.0,"key":"BlessingOfTheForge"},{"floor":47,"key":"Strength Potion"},{"floor":48,"key":"FearPotion"}],"is_trial":false,"path_per_floor":["R","M","?","?","M","?","T","E","?","R","E","M","R","?","M","B",null,"R","M","M","?","?","E","T","R","E","?","R","E","R","M","M","B",null,"R","M","M","$","M","E","T","?","M","R","$","R","E","M","M","B",null],"character_chosen":"THE_AUTOMATON","items_purchased":["Toy Ornithopter","bronze:Verify+1"],"campfire_rested":1,"item_purchase_floors":[38,45],"current_hp_per_floor":[63,63,63,63,63,60,60,60,60,60,55,64,64,55,56,26,59,59,66,58,65,52,63,63,63,46,46,75,75,75,75,74,11,59,59,61,45,45,53,47,47,47,46,46,64,64,57,64,78,26],"gold":252,"neow_bonus":"THREE_ENEMY_KILL","is_daily":false,"chose_seed":false,"campfire_upgraded":8,"win_rate":0.0,"timestamp":1612165230,"path_taken":["R","M","?","?","M","?","T","E","?","R","E","?","R","?","M","BOSS","R","M","M","?","?","E","T","R","E","?","R","E","R","M","M","BOSS","R","?","?","$","?","E","T","?","M","R","?","R","E","M","M","BOSS"],"items_purchased_type":["Relic","Card"],"build_version":"2020-12-22","purchased_purges":2,"victory":true,"max_hp_per_floor":[70,70,70,70,70,70,70,70,70,70,70,70,70,70,70,70,70,70,70,70,70,75,75,75,75,75,75,75,75,75,75,75,75,75,75,75,75,75,75,75,75,75,75,75,75,75,91,93,93,93],"card_choices":[{"not_picked":["bronze:Turbo","bronze:DelayedGuard"],"picked":"bronze:Separator","floor":2.0},{"not_picked":["bronze:Deprecate","bronze:BronzeOrb"],"picked":"bronze:Repair","floor":5.0},{"not_picked":["bronze:Shield","bronze:ClassDefault"],"picked":"bronze:DelayedSlice","floor":8.0},{"not_picked":["bronze:Shield","bronze:Boost"],"picked":"bronze:ChildClass","floor":11.0},{"not_picked":["bronze:Break","bronze:Separator"],"picked":"bronze:DelayedSlice","floor":12.0},{"not_picked":["bronze:WhirlingStrike","bronze:BronzeOrb"],"picked":"bronze:InfiniteBeams+1","floor":14.0},{"not_picked":["bronze:Shield","bronze:BugBarrage"],"picked":"bronze:BitShift","floor":15.0},{"not_picked":["bronze:ThunderWave","bronze:TinkerersToolbox"],"picked":"bronze:SpaghettiCode","floor":16.0},{"not_picked":["bronze:Frontload","bronze:Deprecate"],"picked":"bronze:DelayedSlice","floor":19.0},{"not_picked":["bronze:CutThrough","bronze:Turbo"],"picked":"bronze:DelayedSlice","floor":20.0},{"not_picked":["bronze:CloningBeam","bronze:Backtrace"],"picked":"bronze:FineTuning","floor":21.0},{"not_picked":["bronze:DigitalCarnage","bronze:Shell"],"picked":"bronze:Constructor","floor":23.0},{"not_picked":["bronze:BitShift","bronze:Turbo"],"picked":"bronze:InfiniteLoop","floor":26.0},{"not_picked":["bronze:CloningBeam+1","bronze:OilSpill"],"picked":"bronze:CutThrough+1","floor":29.0},{"not_picked":["bronze:Break","bronze:OilSpill","bronze:Refactor"],"picked":"SKIP","floor":31.0},{"not_picked":["bronze:Separator","bronze:Allocate"],"picked":"bronze:BitShift+1","floor":32.0},{"not_picked":["bronze:Hardcode+1","bronze:Mutator+1"],"picked":"bronze:Verify+1","floor":33.0},{"not_picked":["bronze:FineTuning","bronze:DelayedSlice"],"picked":"bronze:OilSpill","floor":36.0},{"not_picked":["bronze:Refactor+1","bronze:Iterate"],"picked":"bronze:WhirlingStrike","floor":37.0},{"not_picked":["bronze:Deprecate","bronze:DigitalCarnage","bronze:Shield"],"picked":"SKIP","floor":38.0},{"not_picked":["bronze:FollowUp","bronze:Invalidate"],"picked":"bronze:Optimize+1","floor":39.0},{"not_picked":["bronze:OilSpill","bronze:DigitalCarnage"],"picked":"bronze:Optimize+1","floor":40.0},{"not_picked":["bronze:FollowUp","bronze:NullPointer+1"],"picked":"bronze:BuggyMess+1","floor":43.0},{"not_picked":["bronze:BugBarrage","bronze:WildBeam+1"],"picked":"bronze:Repulsor+1","floor":45.0},{"not_picked":["bronze:Shell","bronze:Constructor","bronze:WhirlingStrike"],"picked":"Singing Bowl","floor":47},{"not_picked":["bronze:InfiniteBeams+1","bronze:Separator+1","bronze:BronzeOrb"],"picked":"Singing Bowl","floor":48},{"not_picked":["bronze:Shell","bronze:BugBarrage"],"picked":"bronze:Boost","floor":49}],"player_experience":1887020,"relics_obtained":[{"floor":7.0,"key":"Bird Faced Urn"},{"floor":8.0,"key":"bronze:SilverBullet"},{"floor":11.0,"key":"Blood Vial"},{"floor":14.0,"key":"Frozen Egg 2"},{"floor":21.0,"key":"Red Mask"},{"floor":23.0,"key":"Ancient Tea Set"},{"floor":23.0,"key":"Bronze Scales"},{"floor":24.0,"key":"Oddly Smooth Stone"},{"floor":26.0,"key":"Omamori"},{"floor":26.0,"key":"Whetstone"},{"floor":29.0,"key":"bronze:CableSpool"},{"floor":29.0,"key":"Dead Branch"},{"floor":40.0,"key":"Shuriken"},{"floor":40.0,"key":"Thread and Needle"},{"floor":41.0,"key":"Singing Bowl"},{"floor":47,"key":"Mango"},{"floor":47,"key":"bronze:Timepiece"}],"event_choices":[{"damage_healed":0.0,"max_hp_gain":0.0,"max_hp_loss":0.0,"gold_gain":0.0,"event_name":"Big Fish","player_choice":"Box","floor":4.0,"gold_loss":0.0,"damage_taken":0.0,"relics_obtained":["Lizard Tail"],"cards_obtained":["Regret"]},{"damage_healed":0.0,"max_hp_gain":0.0,"max_hp_loss":0.0,"gold_gain":0.0,"event_name":"Scrap Ooze","player_choice":"Success","floor":6.0,"gold_loss":0.0,"damage_taken":3.0,"relics_obtained":["Regal Pillow"]},{"damage_healed":0.0,"max_hp_gain":0.0,"max_hp_loss":0.0,"gold_gain":0.0,"event_name":"Masked Bandits","player_choice":"Fought Bandits","floor":21.0,"gold_loss":0.0,"damage_taken":0.0}],"is_beta":false,"boss_relics":[{"not_picked":["Tiny House","Velvet Choker"],"picked":"Black Star"},{"not_picked":["Fusion Hammer","Philosopher\u0027s Stone"],"picked":"bronze:MakeshiftBattery"}],"items_purged_floors":[38,45],"is_endless":false,"potions_floor_spawned":[12,15,16,29,31,32,33,36,37,43,47,48],"ascension_level":12}}