{"host":"3498uni0c31c9bdm","time":1612205950,"event":{"mods":["BaseMod","Better Third Choice","Minty Spire (QoL Compilation)","Replay The Spire","StSLib"],"gold_per_floor":[119,137,137,137,137,166,180,212,212,223,223,236,250,283,283,378,378,394,444,463,477,576,576,77,77,77,90,90,90,39,59,59,159,159,179,194,194,83,43,43,53,53,53],"floor_reached":42,"language":"ENG","playtime":1767,"items_purged":[],"score":652,"play_id":"7b16a42b-2d55-47d1-ae42-1470e63e1ae5","local_time":"20210202055910","is_ascension_mode":true,"campfire_choices":[{"floor":11,"key":"REST"},{"floor":15,"key":"REST"},{"floor":23,"key":"REST"},{"floor":25,"key":"RECALL"},{"floor":32,"key":"REST"},{"floor":40,"key":"REST"}],"circlet_count":0,"master_deck":["AscendersBane","Strike_B","Strike_B","Strike_B","Strike_B","Defend_B","Defend_B","Defend_B","Zap","Dualcast","Bandage Up","Barrage","Leap","Wallop+1","Conserve Battery","Streamline","Thunder Strike+1","Sweeping Beam","Gash","Gash","Creative AI","Echo Form","Beam Cell+1","Self Repair","Tempest+1","ReplayGash+1","Stack+1","Decay","Lockon","Lockon","Beam Cell","Chaos","Ball Lightning","Darkness+1","BasicCrystalCard","Core Surge+1","Parasite","Stack","ReplayRNGCard"],"relics":["Cracked Core","MealTicket","Garlic","PreservedInsect","Replay:Accelerometer","Torii","TungstenRod","SlaversCollar","Dead Branch","Runic Capacitor","Cursed Key","Prayer Wheel"],"acts_visited":["Exordium","TheCity","TheBeyond"],"potions_floor_usage":[14,16,16,21,33],"damage_taken":[{"damage":1,"enemies":"Cultist","floor":1,"turns":4},{"damage":4,"enemies":"Small Slimes","floor":2,"turns":4},{"damage":29,"enemies":"Gremlin Nob","floor":6,"turns":5},{"damage":3,"enemies":"Jaw Worm","floor":7,"turns":4},{"damage":16,"enemies":"3 Sentries","floor":8,"turns":6},{"damage":1,"enemies":"Red Slaver","floor":10,"turns":3},{"damage":2,"enemies":"Exordium Thugs","floor":12,"turns":5},{"damage":14,"enemies":"Lots of Slimes","floor":13,"turns":3},{"damage":17,"enemies":"Lagavulin","floor":14,"turns":6},{"damage":6,"enemies":"The Guardian","floor":16,"turns":14},{"damage":42,"enemies":"Shell Parasite","floor":18,"turns":10},{"damage":9,"enemies":"Spheric Guardian","floor":20,"turns":5},{"damage":49,"enemies":"Cultist and Chosen","floor":21,"turns":8},{"damage":26,"enemies":"Chosen and Byrds","floor":27,"turns":5},{"damage":22,"enemies":"3 Cultists","floor":31,"turns":5},{"damage":62,"enemies":"Champ","floor":33,"turns":11},{"damage":20,"enemies":"3 Darklings","floor":35,"turns":5},{"damage":23,"enemies":"Orb Walker","floor":36,"turns":5},{"damage":57,"enemies":"Writhing Mass","floor":41,"turns":6},{"damage":71,"enemies":"Spire Growth","floor":42,"turns":4}],"seed_played":"4603259452550288835","potions_obtained":[{"floor":7,"key":"Block Potion"},{"floor":8,"key":"PowerPotion"},{"floor":10,"key":"FairyPotion"},{"floor":14,"key":"Weak Potion"},{"floor":16,"key":"Toxic Potion"},{"floor":20,"key":"Elixir"},{"floor":21,"key":"FairyPotion"},{"floor":27,"key":"Energy Potion"},{"floor":35,"key":"Explosive Potion"}],"is_trial":false,"path_per_floor":["M","M","?","?","T","E","M","E","T","M","R","M","M","E","R","B",null,"M","?","M","M","?","R","$","R","T","M","$","?","$","M","R","B",null,"M","M","?","$","?","R","M","M"],"character_chosen":"DEFECT","items_purchased":["Dead Branch","Runic Capacitor","ReplayGash+1","Lockon","Core Surge+1"],"campfire_rested":5,"item_purchase_floors":[24,24,24,30,38],"current_hp_per_floor":[71,71,62,62,62,37,38,26,26,25,47,49,35,22,44,42,67,29,29,24,10,10,32,47,47,47,32,47,47,62,51,73,22,62,49,41,41,56,56,75,29,0,0],"gold":53,"neow_bonus":"RANDOM_COLORLESS","is_daily":false,"chose_seed":false,"campfire_upgraded":0,"win_rate":0.0,"timestamp":1612205950,"path_taken":["M","?","?","?","?","E","M","E","T","M","R","?","M","E","R","BOSS","M","?","M","?","?","R","$","R","T","M","$","?","$","M","R","BOSS","M","M","?","?","?","R","M","M"],"items_purchased_type":["Relic","Relic","Card","Card","Card"],"build_version":"2020-12-22","purchased_purges":0,"victory":false,"max_hp_per_floor":[75,75,75,75,75,75,75,75,75,75,75,75,75,75,75,75,75,75,75,75,75,75,75,75,75,75,75,75,75,75,75,75,75,75,75,75,75,75,75,75,75,75,75],"card_choices":[{"not_picked":["Dramatic Entrance","Replay:Sssssssssshield"],"picked":"Bandage Up","floor":0},{"not_picked":["BasicCrystalCard","ReplayTheSpireMod:GoodbyeWorld"],"picked":"Barrage","floor":1},{"not_picked":["Doom and Gloom","Time Bomb"],"picked":"Leap","floor":2},{"not_picked":["Chaos","Leap"],"picked":"Conserve Battery","floor":6},{"not_picked":["Cold Snap","Scrape"],"picked":"Streamline","floor":7},{"not_picked":["Time Bomb","Reprogram"],"picked":"Thunder Strike","floor":8},{"not_picked":["Coolheaded","Streamline"],"picked":"Sweeping Beam","floor":10},{"not_picked":["Streamline","Glacier"],"picked":"Gash","floor":12},{"not_picked":["Lockon","Compile Driver"],"picked":"Gash","floor":13},{"not_picked":["Aggregate","Sweeping Beam"],"picked":"Creative AI","floor":14},{"not_picked":["Thunder Strike","ReplayTheSpireMod:Omega Cannon"],"picked":"Echo Form","floor":16},{"not_picked":["Redo","Hologram+1"],"picked":"Beam Cell+1","floor":18},{"not_picked":["Auto Shields","Steam"],"picked":"Self Repair","floor":20},{"not_picked":["Conserve Battery+1","Heatsinks+1"],"picked":"Tempest","floor":21},{"not_picked":["Steam","Cold Snap+1"],"picked":"Stack+1","floor":27},{"not_picked":["Barrage","BasicCrystalCard"],"picked":"Beam Cell","floor":31},{"not_picked":["Fission","Machine Learning"],"picked":"ReplayTheSpireMod:Fabricate Wheel","floor":33},{"not_picked":["Recycle","Hologram"],"picked":"Chaos","floor":35},{"not_picked":["Panic Button+1","Force Field"],"picked":"Ball Lightning","floor":36},{"not_picked":["Conserve Battery+1","Hello World"],"picked":"Darkness+1","floor":36},{"not_picked":["Streamline","Sweeping Beam+1"],"picked":"Stack","floor":41},{"not_picked":["ReplaySort","Lockon+1"],"picked":"ReplayRNGCard","floor":41}],"player_experience":802591,"relics_obtained":[{"floor":5,"key":"Garlic"},{"floor":6,"key":"PreservedInsect"},{"floor":8,"key":"Replay:Accelerometer"},{"floor":9,"key":"Torii"},{"floor":14,"key":"TungstenRod"}],"event_choices":[{"damage_healed":0,"gold_gain":0,"player_choice":"Leave","damage_taken":0,"max_hp_gain":0,"max_hp_loss":0,"event_name":"The Cleric","floor":4,"gold_loss":0},{"damage_healed":0,"gold_gain":100,"player_choice":"Bet on Murderer","damage_taken":0,"max_hp_gain":0,"max_hp_loss":0,"event_name":"The Joust","floor":19,"gold_loss":50},{"damage_healed":0,"gold_gain":99,"player_choice":"Steal","damage_taken":0,"max_hp_gain":0,"max_hp_loss":0,"event_name":"betterThird:BetterNest","floor":22,"gold_loss":0},{"damage_healed":0,"gold_gain":0,"player_choice":"Smashed Altar","damage_taken":0,"max_hp_gain":0,"max_hp_loss":0,"event_name":"Forgotten Altar","floor":29,"gold_loss":0,"cards_obtained":["Decay"]},{"damage_healed":0,"gold_gain":0,"cards_transformed":["Defend_B"],"player_choice":"Transformed","damage_taken":0,"max_hp_gain":0,"max_hp_loss":0,"event_name":"Transmorgrifier","floor":37,"gold_loss":0,"cards_obtained":["BasicCrystalCard"]},{"damage_healed":0,"gold_gain":0,"player_choice":"Upgraded Two","damage_taken":0,"max_hp_gain":0,"max_hp_loss":0,"event_name":"Designer","floor":39,"gold_loss":40,"cards_upgraded":["Thunder Strike","Tempest"]}],"is_beta":false,"boss_relics":[{"not_picked":["Tiny House","Velvet Choker"],"picked":"SlaversCollar"},{"not_picked":["Runic Pyramid","Replay:Wanted Poster"],"picked":"Cursed Key"}],"items_purged_floors":[],"is_endless":false,"potions_floor_spawned":[7,8,10,12,14,16,20,21,27,35,41],"killed_by":"Spire Growth","ascension_level":10}}