{"host":"15dd7v8o90xso62x","time":1612178246,"event":{"mods":["BaseMod","Minty Spire (QoL Compilation)","Quick Restart","StSLib","SuperFastMode"],"gold_per_floor":[116,41,41,41,59,85,85,102,102,102,129,163,163,63,63,63,63],"floor_reached":16,"language":"KOR","playtime":304,"items_purged":["Defend_G","Defend_G"],"score":312,"play_id":"e914765b-297d-496f-a512-fdd128440776","local_time":"20210201201726","is_ascension_mode":true,"campfire_choices":[{"data":"Blade Dance","floor":7.0,"key":"SMITH"},{"data":"Terror","floor":10.0,"key":"SMITH"},{"data":"Neutralize","floor":15,"key":"SMITH"}],"circlet_count":0,"master_deck":["AscendersBane","Strike_G","Strike_G","Strike_G","Strike_G","Defend_G","Defend_G","Defend_G","Survivor","Neutralize+1","Blade Dance+1","Dagger Throw","After Image","Terror+1","Blur"],"relics":["Ring of the Snake","NeowsBlessing","Orichalcum","Singing Bowl","Odd Mushroom","Ginger"],"acts_visited":["Exordium"],"potions_floor_usage":[12,16],"damage_taken":[{"damage":0.0,"enemies":"2 Louse","floor":1.0,"turns":1.0},{"damage":0.0,"enemies":"Jaw Worm","floor":5.0,"turns":1.0},{"damage":0.0,"enemies":"3 Sentries","floor":6.0,"turns":1.0},{"damage":0.0,"enemies":"Cultist","floor":8.0,"turns":3.0},{"damage":20.0,"enemies":"The Mushroom Lair","floor":11.0,"turns":4.0},{"damage":0,"enemies":"Gremlin Nob","floor":12,"turns":3},{"damage":41,"enemies":"Hexaghost","floor":16,"turns":10}],"seed_played":"3675591032576206295","potions_obtained":[{"floor":5.0,"key":"DistilledChaos"},{"floor":11.0,"key":"CunningPotion"},{"floor":12,"key":"DuplicationPotion"}],"is_trial":false,"path_per_floor":["M","$","?","?","M","E","R","M","T","R","?","E","?","$","R","B"],"character_chosen":"THE_SILENT","items_purchased":[],"campfire_rested":0,"item_purchase_floors":[],"current_hp_per_floor":[59,59,59,59,59,59,59,59,59,59,41,41,41,41,41,0,0],"gold":63,"neow_bonus":"THREE_ENEMY_KILL","is_daily":false,"chose_seed":false,"campfire_upgraded":3,"win_rate":0.0,"timestamp":1612178246,"path_taken":["M","$","?","?","?","E","R","M","T","R","?","E","?","?","R","BOSS"],"items_purchased_type":[],"build_version":"2020-12-22","purchased_purges":2,"victory":false,"max_hp_per_floor":[66,66,66,66,66,66,66,66,66,66,68,68,68,68,68,68,68],"card_choices":[{"not_picked":["Backflip","Cloak And Dagger"],"picked":"Blade Dance","floor":1.0},{"not_picked":["Backflip","Underhanded Strike"],"picked":"Dagger Throw","floor":5.0},{"not_picked":["Poisoned Stab","Dagger Spray"],"picked":"After Image","floor":6.0},{"not_picked":["Underhanded Strike","Outmaneuver"],"picked":"Terror","floor":8.0},{"not_picked":["Sucker Punch","Poisoned Stab","Dagger Throw"],"picked":"Singing Bowl","floor":11.0},{"not_picked":["Deflect","Expertise"],"picked":"Blur","floor":12}],"player_experience":922510,"relics_obtained":[{"floor":6.0,"key":"Orichalcum"},{"floor":9.0,"key":"Singing Bowl"},{"floor":11.0,"key":"Odd Mushroom"},{"floor":12,"key":"Ginger"}],"event_choices":[{"damage_healed":0.0,"max_hp_gain":0.0,"max_hp_loss":0.0,"gold_gain":0.0,"event_name":"The Cleric","player_choice":"Leave","floor":3.0,"gold_loss":0.0,"damage_taken":0.0},{"cards_removed":["Strike_G"],"damage_healed":0.0,"max_hp_gain":0.0,"max_hp_loss":0.0,"gold_gain":0.0,"event_name":"Bonfire Elementals","player_choice":"Offered Basic","floor":4.0,"gold_loss":0.0,"damage_taken":0.0},{"damage_healed":0.0,"max_hp_gain":0.0,"max_hp_loss":0.0,"gold_gain":0.0,"event_name":"Mushrooms","player_choice":"Fought Mushrooms","floor":11.0,"gold_loss":0.0,"damage_taken":0.0},{"damage_healed":0,"gold_gain":0,"player_choice":"Ignored","damage_taken":0,"max_hp_gain":0,"max_hp_loss":0,"event_name":"Liars Game","floor":13,"gold_loss":0}],"is_beta":false,"boss_relics":[],"items_purged_floors":[2,14],"is_endless":false,"potions_floor_spawned":[5,11,12],"killed_by":"Hexaghost","ascension_level":20}}