{"host":"8is2j71l4wmybkoi","time":1612190108,"event":{"mods":["AchievementEnabler","BaseMod","Colored Map","Minty Spire (QoL Compilation)","Rare Cards Sparkle","StSLib","SuperFastMode"],"gold_per_floor":[214,233,66,82,82,82,120,120,120,120,151,76,111,132,132,231,231,245,245,72,72,72,72,38,38,38,57,92,108,108,131,131,224,224,245,245,28,48,381,381,415,2,2,22,54,73,89,108,108,108,108,108,35,70,70],"floor_reached":56,"language":"KOR","playtime":2850,"items_purged":["Strike_B","Strike_B","Go for the Eyes"],"score":1950,"play_id":"ffba0785-b45b-4a3e-821e-39cdef3cbfe4","local_time":"20210201233508","is_ascension_mode":true,"campfire_choices":[{"data":"Blind","floor":6,"key":"SMITH"},{"data":"Streamline","floor":10,"key":"SMITH"},{"data":"Zap","floor":15,"key":"SMITH"},{"data":"Defragment","floor":23,"key":"SMITH"},{"data":"Double Energy","floor":25,"key":"SMITH"},{"data":"Turbo","floor":32,"key":"SMITH"},{"floor":40,"key":"RECALL"},{"data":"Aggregate","floor":49,"key":"SMITH"},{"data":"Steam Power","floor":52,"key":"SMITH"}],"circlet_count":0,"master_deck":["AscendersBane","Defend_B","Zap+1","Dualcast","Streamline+1","Blind+1","Core Surge","Glacier","Compile Driver","Hologram","Electrodynamics","Steam Power+1","Defragment+1","Double Energy+1","Go for the Eyes","BootSequence","Skim","Doom and Gloom+1","Skim","Turbo+1","Creative AI","Flash of Steel","Loop+1","Aggregate+1","Chill+1","Heatsinks","Fission"],"relics":["Cracked Core","Kunai","Mango","HornCleat","Coffee Dripper","Sundial","Symbiotic Virus","Nuclear Battery","Question Card","Medical Kit","Bottled Tornado","Pear","Lantern","Ice Cream"],"acts_visited":["Exordium","TheCity","TheBeyond","TheEnding"],"potions_floor_usage":[11,33,38,50,55],"damage_taken":[{"damage":10,"enemies":"Small Slimes","floor":1,"turns":3},{"damage":1,"enemies":"2 Louse","floor":2,"turns":2},{"damage":0,"enemies":"Jaw Worm","floor":4,"turns":3},{"damage":15,"enemies":"Lagavulin","floor":7,"turns":7},{"damage":6,"enemies":"3 Sentries","floor":11,"turns":8},{"damage":13,"enemies":"Gremlin Nob","floor":13,"turns":6},{"damage":0,"enemies":"Gremlin Gang","floor":14,"turns":7},{"damage":13,"enemies":"Hexaghost","floor":16,"turns":15},{"damage":0,"enemies":"3 Byrds","floor":18,"turns":3},{"damage":0,"enemies":"Chosen","floor":27,"turns":3},{"damage":25,"enemies":"Gremlin Leader","floor":28,"turns":5},{"damage":4,"enemies":"Shelled Parasite and Fungi","floor":29,"turns":3},{"damage":0,"enemies":"Centurion and Healer","floor":31,"turns":5},{"damage":31,"enemies":"Collector","floor":33,"turns":9},{"damage":0,"enemies":"Orb Walker","floor":35,"turns":3},{"damage":0,"enemies":"3 Shapes","floor":38,"turns":4},{"damage":10,"enemies":"Reptomancer","floor":41,"turns":6},{"damage":1,"enemies":"Jaw Worm Horde","floor":44,"turns":3},{"damage":13,"enemies":"Nemesis","floor":45,"turns":7},{"damage":0,"enemies":"Writhing Mass","floor":46,"turns":5},{"damage":18,"enemies":"Spire Growth","floor":47,"turns":6},{"damage":0,"enemies":"4 Shapes","floor":48,"turns":4},{"damage":27,"enemies":"Donu and Deca","floor":50,"turns":9},{"damage":1,"enemies":"Shield and Spear","floor":54,"turns":5},{"damage":62,"enemies":"The Heart","floor":55,"turns":9}],"seed_played":"527339681657903373","potions_obtained":[{"floor":1,"key":"SpeedPotion"},{"floor":11,"key":"Weak Potion"},{"floor":14,"key":"Fire Potion"},{"floor":35,"key":"Explosive Potion"},{"floor":45,"key":"BlessingOfTheForge"},{"floor":48,"key":"Dexterity Potion"}],"is_trial":false,"path_per_floor":["M","M","$","M","?","R","E","?","T","R","E","?","E","M","R","B",null,"M","?","$","?","?","R","$","R","T","M","E","M","?","M","R","B",null,"M","?","$","M","?","R","E","$","T","M","E","M","M","M","R","B",null,"R","$","E","B",null],"character_chosen":"DEFECT","items_purchased":["Blind","Defragment","Skim","Flash of Steel","Medical Kit","Bottled Tornado","Heatsinks"],"campfire_rested":0,"item_purchase_floors":[3,20,24,37,42,42,53],"current_hp_per_floor":[54,53,53,53,53,53,38,38,38,38,46,46,33,33,33,20,64,64,64,64,64,64,64,64,64,64,64,39,35,35,35,35,4,60,60,60,60,60,60,60,50,50,60,59,46,46,28,28,28,1,66,66,66,65,3],"gold":70,"neow_bonus":"HUNDRED_GOLD","is_daily":false,"chose_seed":false,"campfire_upgraded":8,"win_rate":0.0,"timestamp":1612190108,"path_taken":["M","M","$","M","?","R","E","?","T","R","E","?","E","M","R","BOSS","M","?","$","?","?","R","?","R","T","?","E","M","?","M","R","BOSS","M","?","$","?","?","R","E","?","T","?","E","M","M","M","R","BOSS","R","$","E","BOSS"],"items_purchased_type":["Card","Card","Card","Card","Relic","Relic","Card"],"build_version":"2020-12-22","purchased_purges":3,"victory":true,"max_hp_per_floor":[71,71,71,71,64,64,64,64,64,64,78,78,78,78,78,78,78,78,78,78,78,78,78,78,78,78,78,78,78,78,78,78,78,78,78,78,78,78,78,78,78,78,88,88,88,88,88,88,88,88,88,88,88,88,88],"card_choices":[{"not_picked":["Loop","Compile Driver"],"picked":"Streamline","floor":1},{"not_picked":["Ball Lightning","Hologram"],"picked":"Go for the Eyes","floor":2},{"not_picked":["Beam Cell","Turbo"],"picked":"Core Surge","floor":4},{"not_picked":["Scrape","Self Repair"],"picked":"Glacier","floor":7},{"not_picked":["Turbo","Go for the Eyes"],"picked":"Compile Driver","floor":11},{"not_picked":["Leap","Force Field","Lockon"],"picked":"SKIP","floor":13},{"not_picked":["Coolheaded","Barrage"],"picked":"Hologram","floor":14},{"not_picked":["Multi-Cast","Seek"],"picked":"Electrodynamics","floor":16},{"not_picked":["White Noise","Ball Lightning+1"],"picked":"Steam Power","floor":18},{"not_picked":["Compile Driver","Hologram"],"picked":"Doom and Gloom+1","floor":27},{"not_picked":["Darkness","Rebound","Genetic Algorithm"],"picked":"SKIP","floor":28},{"not_picked":["Reprogram","Compile Driver"],"picked":"Skim","floor":29},{"not_picked":["Streamline","Rebound+1"],"picked":"Turbo","floor":31},{"not_picked":["Amplify","Thunder Strike"],"picked":"Creative AI","floor":33},{"not_picked":["Beam Cell","Go for the Eyes+1","Storm"],"picked":"SKIP","floor":35},{"not_picked":["Conserve Battery","Steam+1"],"picked":"Loop+1","floor":38},{"not_picked":["Beam Cell+1","Redo","Scrape"],"picked":"SKIP","floor":41},{"not_picked":["Barrage","Genetic Algorithm","Lockon","Steam Power"],"picked":"SKIP","floor":44},{"not_picked":["Cold Snap","Scrape","Turbo","Redo"],"picked":"SKIP","floor":45},{"not_picked":["Tempest","Hologram","Compile Driver"],"picked":"Aggregate","floor":46},{"not_picked":["Machine Learning","Beam Cell","Cold Snap"],"picked":"Chill+1","floor":47},{"not_picked":["Melter","Leap","Steam","Go for the Eyes"],"picked":"SKIP","floor":48},{"not_picked":["Rebound","Consume","Cold Snap"],"picked":"Fission","floor":54}],"player_experience":920858,"relics_obtained":[{"floor":7,"key":"Kunai"},{"floor":11,"key":"Mango"},{"floor":13,"key":"HornCleat"},{"floor":26,"key":"Sundial"},{"floor":28,"key":"Symbiotic Virus"},{"floor":41,"key":"Question Card"},{"floor":43,"key":"Pear"},{"floor":45,"key":"Lantern"},{"floor":54,"key":"Ice Cream"}],"event_choices":[{"damage_healed":0,"gold_gain":0,"player_choice":"Lose Max HP","damage_taken":0,"relics_obtained":["Golden Idol"],"max_hp_gain":0,"max_hp_loss":7,"event_name":"Golden Idol","floor":5,"gold_loss":0},{"cards_removed":["Strike_B"],"damage_healed":0,"gold_gain":0,"player_choice":"Forget","damage_taken":0,"max_hp_gain":0,"max_hp_loss":0,"event_name":"Living Wall","floor":8,"gold_loss":0},{"cards_removed":["Strike_B"],"damage_healed":0,"gold_gain":0,"player_choice":"Card Removal","damage_taken":0,"max_hp_gain":0,"max_hp_loss":0,"event_name":"The Cleric","floor":12,"gold_loss":75},{"damage_healed":0,"gold_gain":0,"player_choice":"Ignored","damage_taken":0,"max_hp_gain":0,"max_hp_loss":0,"event_name":"The Mausoleum","floor":19,"gold_loss":0},{"damage_healed":0,"gold_gain":0,"player_choice":"Read","damage_taken":0,"max_hp_gain":0,"max_hp_loss":0,"event_name":"The Library","floor":21,"gold_loss":0,"cards_obtained":["Double Energy"]},{"damage_healed":0,"gold_gain":0,"cards_transformed":["Defend_B","Defend_B"],"player_choice":"Became Test Subject","damage_taken":0,"max_hp_gain":0,"max_hp_loss":0,"event_name":"Drug Dealer","floor":22,"gold_loss":0,"cards_obtained":["Go for the Eyes","BootSequence"]},{"damage_healed":0,"gold_gain":0,"player_choice":"Ignored","damage_taken":0,"max_hp_gain":0,"max_hp_loss":0,"event_name":"Ghosts","floor":30,"gold_loss":0},{"cards_removed":["Defend_B"],"damage_healed":0,"gold_gain":0,"player_choice":"Purged","damage_taken":0,"max_hp_gain":0,"max_hp_loss":0,"event_name":"Purifier","floor":36,"gold_loss":0},{"damage_healed":0,"gold_gain":333,"player_choice":"Gave Idol","damage_taken":0,"max_hp_gain":0,"max_hp_loss":0,"event_name":"The Moai Head","floor":39,"relics_lost":["Golden Idol"],"gold_loss":0}],"is_beta":false,"boss_relics":[{"not_picked":["Astrolabe","Cursed Key"],"picked":"Coffee Dripper"},{"not_picked":["Pandora\u0027s Box","Runic Dome"],"picked":"Nuclear Battery"}],"items_purged_floors":[3,20,37],"is_endless":false,"potions_floor_spawned":[1,11,14,18,29,35,45,46,48],"ascension_level":15}}