{"host":"4par9lyhj7bf4dsa","time":1612156613,"event":{"mods":["AchievementEnabler","BaseMod","Colored Map","Minty Spire (QoL Compilation)","Relic Stats","StSLib"],"gold_per_floor":[117,117,133,152,152,152,232,232,232,232,270,235,14,33,33,123,123,141,162,9,29,29,29],"floor_reached":22,"language":"ENG","playtime":975,"items_purged":["Strike_B"],"score":331,"play_id":"81480cc6-ba1e-4760-bcec-7b2857e9f9fc","local_time":"20210201161653","is_ascension_mode":true,"campfire_choices":[{"data":"Ball Lightning","floor":6,"key":"SMITH"},{"floor":8,"key":"REST"},{"floor":10,"key":"REST"},{"data":"Genetic Algorithm","floor":15,"key":"SMITH"}],"circlet_count":0,"master_deck":["AscendersBane","Strike_B","Strike_B","Strike_B","Defend_B","Defend_B","Defend_B","Defend_B","Zap+1","Dualcast","Ball Lightning+1","Coolheaded","Auto Shields","Rebound","Genetic Algorithm+1","Genetic Algorithm","Rainbow","Cold Snap+1","Self Repair","Self Repair"],"relics":["Cracked Core","Golden Idol","Mercury Hourglass","StrikeDummy","Odd Mushroom","Lee\u0027s Waffle","SlaversCollar"],"acts_visited":["Exordium","TheCity"],"potions_floor_usage":[16,18,21],"damage_taken":[{"damage":2.0,"enemies":"2 Louse","floor":1.0,"turns":3.0},{"damage":6,"enemies":"Small Slimes","floor":3,"turns":4},{"damage":5,"enemies":"Jaw Worm","floor":4,"turns":2},{"damage":23,"enemies":"3 Sentries","floor":7,"turns":8},{"damage":10,"enemies":"The Mushroom Lair","floor":11,"turns":3},{"damage":2,"enemies":"2 Fungi Beasts","floor":14,"turns":3},{"damage":4,"enemies":"Slime Boss","floor":16,"turns":6},{"damage":5,"enemies":"3 Byrds","floor":18,"turns":4},{"damage":39,"enemies":"Shell Parasite","floor":19,"turns":6},{"damage":23,"enemies":"Centurion and Healer","floor":21,"turns":10},{"damage":28,"enemies":"Snecko","floor":22,"turns":5}],"seed_played":"8556371666070389525","potions_obtained":[{"floor":1.0,"key":"Energy Potion"},{"floor":11,"key":"Explosive Potion"},{"floor":16,"key":"Fire Potion"}],"is_trial":false,"path_per_floor":["M","?","M","M","?","R","?","R","T","R","?","?","$","M","R","B",null,"M","M","$","M","M"],"character_chosen":"DEFECT","items_purchased":["Lee\u0027s Waffle","AttackPotion","Self Repair"],"campfire_rested":2,"item_purchase_floors":[13,13,20],"current_hp_per_floor":[62,38,32,27,27,27,4,25,25,46,36,53,78,76,76,72,77,72,33,33,17,0,0],"gold":29,"neow_bonus":"UPGRADE_CARD","is_daily":false,"chose_seed":false,"campfire_upgraded":2,"win_rate":0.0,"timestamp":1612156613,"path_taken":["M","?","M","M","?","R","?","R","T","R","?","?","$","M","R","BOSS","M","M","$","M","M"],"items_purchased_type":["Relic","Potion","Card"],"build_version":"2020-12-22","purchased_purges":1,"victory":false,"max_hp_per_floor":[71,71,71,71,71,71,71,71,71,71,71,71,78,78,78,78,78,78,78,78,78,78,78],"relic_stats":{"Lee\u0027s Waffle":25,"counters":[11,54],"Golden Idol":74,"obtain_stats":[{"SlaversCollar":17,"Lee\u0027s Waffle":13,"Golden Idol":2,"Odd Mushroom":11,"Cracked Core":0,"StrikeDummy":9,"Mercury Hourglass":7},{"SlaversCollar":7,"Lee\u0027s Waffle":5,"Golden Idol":1,"Odd Mushroom":5,"Cracked Core":0,"StrikeDummy":4,"Mercury Hourglass":4},{"SlaversCollar":29,"Lee\u0027s Waffle":20,"Golden Idol":3,"Odd Mushroom":20,"Cracked Core":0,"StrikeDummy":17,"Mercury Hourglass":17}],"Mercury Hourglass":[149]},"card_choices":[{"not_picked":["Force Field","Streamline"],"picked":"Ball Lightning","floor":1.0},{"not_picked":["Storm","Go for the Eyes"],"picked":"Coolheaded","floor":3},{"not_picked":["Blizzard","Hologram"],"picked":"Auto Shields","floor":4},{"not_picked":["Beam Cell","Steam"],"picked":"Rebound","floor":7},{"not_picked":["Leap","Sweeping Beam"],"picked":"Genetic Algorithm","floor":11},{"not_picked":["Conserve Battery","Reprogram"],"picked":"Genetic Algorithm","floor":14},{"not_picked":["Creative AI","Amplify"],"picked":"Rainbow","floor":16},{"not_picked":["Chill","Doom and Gloom"],"picked":"Cold Snap+1","floor":18},{"not_picked":["Streamline","Turbo","Leap"],"picked":"SKIP","floor":19},{"not_picked":["Genetic Algorithm","Recycle"],"picked":"Self Repair","floor":21}],"player_experience":902709,"relics_obtained":[{"floor":7,"key":"Mercury Hourglass"},{"floor":9,"key":"StrikeDummy"},{"floor":11,"key":"Odd Mushroom"}],"event_choices":[{"damage_healed":0.0,"max_hp_gain":0.0,"max_hp_loss":0.0,"gold_gain":0.0,"event_name":"Golden Idol","player_choice":"Take Damage","floor":2.0,"gold_loss":0.0,"damage_taken":24.0,"relics_obtained":["Golden Idol"]},{"damage_healed":0,"gold_gain":0,"player_choice":"Ignored","damage_taken":0,"max_hp_gain":0,"max_hp_loss":0,"event_name":"Liars Game","floor":5,"gold_loss":0},{"damage_healed":0,"gold_gain":0,"player_choice":"Searched \u00271\u0027 times","damage_taken":0,"max_hp_gain":0,"max_hp_loss":0,"event_name":"Dead Adventurer","floor":7,"gold_loss":0},{"damage_healed":0,"gold_gain":0,"player_choice":"Fought Mushrooms","damage_taken":0,"max_hp_gain":0,"max_hp_loss":0,"event_name":"Mushrooms","floor":11,"gold_loss":0},{"damage_healed":17,"gold_gain":0,"player_choice":"Healed","damage_taken":0,"max_hp_gain":0,"max_hp_loss":0,"event_name":"The Cleric","floor":12,"gold_loss":35}],"is_beta":false,"boss_relics":[{"not_picked":["Tiny House","FrozenCore"],"picked":"SlaversCollar"}],"items_purged_floors":[20],"is_endless":false,"potions_floor_spawned":[1,11,16],"killed_by":"Snecko","ascension_level":18}}