{"host":"wfkvcf4y4vkrpwe0","time":1612188633,"event":{"mods":["BaseMod","Conspire","Downfall","Hermit","Minty Spire (QoL Compilation)","StSLib","The Construct","The Cursed","The Disciple","The Hierophant","The Necromancer"],"gold_per_floor":[360,373,71,84,84,84,101,119,145,170,185,185,185,203,203,305,305,285,354,354,88,187,187,202,202,202],"floor_reached":25,"language":"ENG","playtime":981,"items_purged":["construct:AttackMode","Slimebound:Tackle+1"],"score":203,"play_id":"adfeaab1-ba3b-4f53-84c1-3fb9047b5014","local_time":"20210201141033","is_ascension_mode":false,"campfire_choices":[{"floor":6.0,"key":"REST"},{"floor":12,"key":"REST"},{"floor":15,"key":"REST"},{"floor":23,"key":"RECALL"}],"circlet_count":0,"master_deck":["construct:Defend_Gold","construct:Defend_Gold","construct:Defend_Gold","construct:Defend_Gold","construct:DefenseMode","construct:LaserCore","construct:PointDefense","construct:MassProduction","construct:GuardCore","construct:ReactiveShield","construct:Reserves","Slimebound:Tackle+1","Slimebound:Tackle+1","construct:Synchronize","Impatience"],"relics":["construct:Cogwheel","Orrery","PreservedInsect","MealTicket"],"acts_visited":["Exordium","TheCity"],"potions_floor_usage":[11,16,25,25,25],"damage_taken":[{"damage":6.0,"enemies":"Jaw Worm","floor":1.0,"turns":5.0},{"damage":8.0,"enemies":"Small Slimes","floor":2.0,"turns":3.0},{"damage":1.0,"enemies":"Cultist","floor":4.0,"turns":4.0},{"damage":17.0,"enemies":"Blue Slaver","floor":7.0,"turns":4.0},{"damage":10.0,"enemies":"Looter","floor":8.0,"turns":4.0},{"damage":11,"enemies":"Lagavulin","floor":10,"turns":6},{"damage":11,"enemies":"Lots of Slimes","floor":11,"turns":3},{"damage":8,"enemies":"3 Louse","floor":14,"turns":4},{"damage":19,"enemies":"Slime Boss","floor":16,"turns":7},{"damage":31,"enemies":"2 Thieves","floor":18,"turns":4},{"damage":41,"enemies":"Shell Parasite","floor":24,"turns":5},{"damage":33,"enemies":"Slavers","floor":25,"turns":2}],"seed_played":"7778195011678344263","potions_obtained":[{"floor":2.0,"key":"Explosive Potion"},{"floor":7.0,"key":"ColorlessPotion"},{"floor":8.0,"key":"Ancient Potion"},{"floor":13,"key":"Slimebound:ThreeZeroPotion"},{"floor":13,"key":"DuplicationPotion"},{"floor":24,"key":"Regen Potion"}],"is_trial":false,"path_per_floor":["M","M","$","M","?","R","M","M","T","E","M","R","?","M","R","B",null,"M","T","?","$","?","R","M","E"],"character_chosen":"THE_CONSTRUCT_MOD","items_purchased":["construct:PointDefense","Orrery","construct:Synchronize","Impatience"],"campfire_rested":3,"item_purchase_floors":[3,3,21,21],"current_hp_per_floor":[55,47,47,46,39,64,47,37,37,26,15,40,40,32,57,38,85,54,54,54,69,69,69,28,0,0],"gold":202,"neow_bonus":"TWO_FIFTY_GOLD","is_daily":false,"chose_seed":false,"campfire_upgraded":0,"win_rate":0.0,"timestamp":1612188633,"path_taken":["M","M","$","M","?","R","M","M","T","E","M","R","?","M","R","BOSS","M","?","?","$","?","R","M","E"],"items_purchased_type":["Card","Relic","Card","Card"],"build_version":"2020-12-22","purchased_purges":2,"victory":false,"max_hp_per_floor":[85,85,85,85,85,85,85,85,85,85,85,85,85,85,85,85,85,85,85,85,85,85,85,85,85,85],"card_choices":[{"not_picked":["construct:Anticipate","construct:Accumulate","construct:Chainstrike"],"picked":"SKIP","floor":1.0},{"not_picked":["construct:Anticipate","construct:Dampening"],"picked":"construct:LaserCore","floor":2.0},{"not_picked":["construct:HastyRepair","construct:Missile"],"picked":"construct:MassProduction","floor":3.0},{"not_picked":["construct:Boost","construct:Stasis"],"picked":"construct:GuardCore","floor":3.0},{"not_picked":["construct:ChargeShot","construct:Failsafe","construct:Reinforce"],"picked":"SKIP","floor":4.0},{"not_picked":["construct:Missile","construct:FierceBash"],"picked":"construct:ReactiveShield","floor":7.0},{"not_picked":["construct:SweepLaser","construct:HeavyBolt","construct:ElectricArmor"],"picked":"SKIP","floor":8.0},{"not_picked":["construct:Electrocute","construct:Anticipate","construct:Accumulate"],"picked":"SKIP","floor":10},{"not_picked":["construct:ScopeCore","construct:ChargeShot","construct:FierceBash"],"picked":"SKIP","floor":11},{"not_picked":["construct:ClusterMines","construct:Forcefield","construct:FocusedBeam"],"picked":"SKIP","floor":14},{"not_picked":["construct:MassProduction","construct:HammerDown"],"picked":"construct:Reserves","floor":16},{"not_picked":["construct:Boost","construct:Chainstrike+1","construct:UnbalancingBlast+1"],"picked":"SKIP","floor":18},{"not_picked":["construct:SweepLaser","construct:Stasis","construct:UnbalancingBlast"],"picked":"SKIP","floor":24}],"player_experience":574053,"relics_obtained":[{"floor":9.0,"key":"PreservedInsect"},{"floor":10,"key":"MealTicket"}],"event_choices":[{"cards_removed":["construct:Defend_Gold"],"damage_healed":0.0,"max_hp_gain":0.0,"max_hp_loss":0.0,"gold_gain":0.0,"event_name":"Golden Wing","player_choice":"Card Removal","floor":5.0,"gold_loss":0.0,"damage_taken":7.0},{"damage_healed":0,"gold_gain":0,"player_choice":"Got Potions","damage_taken":0,"max_hp_gain":0,"max_hp_loss":0,"event_name":"Lab","floor":13,"gold_loss":0},{"damage_healed":0,"gold_gain":99,"player_choice":"Stole From Cult","damage_taken":0,"max_hp_gain":0,"max_hp_loss":0,"event_name":"Nest","floor":22,"gold_loss":0}],"is_beta":false,"boss_relics":[{"not_picked":["Runic Dome","Runic Pyramid","Sozu"]}],"items_purged_floors":[3,21],"is_endless":false,"potions_floor_spawned":[2,7,8,14,24],"killed_by":"Slavers","ascension_level":0}}