{"host":"l2kmo5ss1fnqnmvo","time":1612194950,"event":{"mods":["BaseMod","Colored Powertips","Decade(王小明)","Lobotomy","Minty Spire (QoL Compilation)","Reimu（博丽灵梦）","WarShipGirlsR/战舰少女R mod"],"gold_per_floor":[117,42,42,42,42,68,68,80,129,139,151,184,184],"floor_reached":12,"language":"ZHS","playtime":1112,"items_purged":[],"score":113,"play_id":"d38f05fb-f4d8-4bb5-b994-3f3964cd4729","local_time":"20210202005550","is_ascension_mode":false,"campfire_choices":[{"floor":7,"key":"REST"}],"circlet_count":0,"master_deck":["Decade_Attack","Decade_Attack","Decade_Attack","KamenRide","Decade_SpecialSkill","Decade_Defend","Decade_Defend","Decade_Defend","Decade_Defend","RideBooker","FormRideFlame+1","FormRideGaruru","AutoVajin","Decade_Illusion","FormRideDragon","FormRideBasshaa","RideBooker_Skill_1","FormRideTitan","PrometheusPower","Kiva_Frozen","Blade_Metal","Decade_Defend3","Decade_Defend2"],"relics":["Decadriver","TOEIDeficitBill","Lantern","Prayer Wheel","Smiling Mask","MawBank"],"acts_visited":["Exordium"],"potions_floor_usage":[],"damage_taken":[{"damage":1,"enemies":"Jaw Worm","floor":1,"turns":3},{"damage":47,"enemies":"Gremlin Nob","floor":6,"turns":5},{"damage":0,"enemies":"Cultist","floor":8,"turns":4},{"damage":0,"enemies":"2 Louse","floor":10,"turns":3},{"damage":0,"enemies":"Blue Slaver","floor":11,"turns":5},{"damage":0,"enemies":"Lagavulin","floor":12,"turns":10}],"seed_played":"-382328588304870964","potions_obtained":[{"floor":3,"key":"PowerPotion"},{"floor":3,"key":"LiquidBronze"},{"floor":3,"key":"Fire Potion"},{"floor":6,"key":"DistilledChaos"}],"is_trial":false,"path_per_floor":["M","$","?","$","?","E","R","M","T","M","M","E"],"character_chosen":"Decade","items_purchased":["FormRideGaruru","AutoVajin"],"campfire_rested":1,"item_purchase_floors":[2,2],"current_hp_per_floor":[69,69,69,69,62,15,36,36,36,36,37,37,37],"gold":184,"neow_bonus":"RANDOM_COMMON_RELIC","is_daily":false,"chose_seed":false,"campfire_upgraded":0,"win_rate":0.0,"timestamp":1612194950,"path_taken":["M","$","?","?","?","E","R","M","T","M","M","E"],"items_purchased_type":["Card","Card"],"build_version":"2020-12-22","purchased_purges":0,"victory":false,"max_hp_per_floor":[70,70,70,70,70,70,70,70,70,70,70,70,70],"card_choices":[{"not_picked":["KamenRideKabuto","FormRideJack"],"picked":"RideBooker","floor":1},{"not_picked":["DenO_Gun","MirrorWorld"],"picked":"FormRideFlame","floor":1},{"not_picked":["KamenRideDecade","KamenRideHibiki"],"picked":"Decade_Illusion","floor":6},{"not_picked":["Blade_Kick","DenO_Gun"],"picked":"FormRideDragon","floor":6},{"not_picked":["FormRideJack","FormRideGaruru"],"picked":"FormRideBasshaa","floor":8},{"not_picked":["FormRideBasshaa","Kabuto_ClockUp"],"picked":"RideBooker_Skill_1","floor":8},{"not_picked":["Hibiki_Attack1","KamenRideAgito","UnarmedAttack1"],"picked":"SKIP","floor":8},{"not_picked":["RideBooker_Skill_1","DenO_Ax"],"picked":"FormRideTitan","floor":10},{"not_picked":["DenO_Sword","UnarmedAttack6"],"picked":"PrometheusPower","floor":10},{"not_picked":["UnarmedAttack8","FormRideFlame"],"picked":"Kiva_Frozen","floor":10},{"not_picked":["Kiva_Bats","Hibiki_Attack3"],"picked":"Blade_Metal","floor":11},{"not_picked":["DenO_Rod","AutoVajin"],"picked":"Decade_Defend3","floor":11},{"not_picked":["UnarmedAttack5","FormRidePegasus"],"picked":"Decade_Defend2","floor":11}],"player_experience":586488,"relics_obtained":[{"floor":6,"key":"Prayer Wheel"},{"floor":9,"key":"Smiling Mask"},{"floor":12,"key":"MawBank"}],"event_choices":[{"damage_healed":0,"gold_gain":0,"player_choice":"Got Potions","damage_taken":0,"max_hp_gain":0,"max_hp_loss":0,"event_name":"Lab","floor":3,"gold_loss":0},{"cards_removed":["Decade_Attack"],"damage_healed":0,"gold_gain":0,"player_choice":"Card Removal","damage_taken":7,"max_hp_gain":0,"max_hp_loss":0,"event_name":"Golden Wing","floor":5,"gold_loss":0}],"is_beta":false,"boss_relics":[],"items_purged_floors":[],"is_endless":false,"potions_floor_spawned":[6,8,12],"killed_by":"Lagavulin","ascension_level":0}}