{"host":"2zjdcgw4be5n15ja","time":1612139618,"event":{"mods":["2.2 Compatiblity","AchievementEnabler","BaseMod","Bestiary","Better Skull","Better Third Choice","BetterRewards","Colored Powertips","Downfall","Hermit","Marisa????????","Marked Mod","Minty Spire (QoL Compilation)","Quick Restart","Rare Cards Sparkle","Reimu??????","Relic Stats","Reliquary","Replay The Spire","StSLib","The Bug Knight","The Problem Sleuth","The Runesmith"],"gold_per_floor":[117,192,15,29,53,71,82,115,139,139,153,153,153,153,153,249,249,263,39,39,241,134,134,169,109,136,136,153,153,179,190,190,292,292,303,318,298,84,99,99,26,26,49,61,0,15,15,33,33,33,33,33,33,62,62,62],"floor_reached":55,"language":"ENG","playtime":5656,"items_purged":[],"score":753,"play_id":"16964f58-c600-42b0-9734-34a54304100a","local_time":"20210201133338","is_ascension_mode":false,"campfire_choices":[{"floor":12,"key":"REST"},{"floor":15,"key":"RECALL"},{"data":"Runesmith:ChaoticBlast","floor":23,"key":"SMITH"},{"data":"Runesmith:Repurpose","floor":29,"key":"SMITH"},{"floor":32,"key":"REST"},{"floor":40,"key":"REST"},{"floor":42,"key":"REST"},{"data":"Runesmith:Grindstone","floor":52,"key":"SMITH"}],"circlet_count":0,"master_deck":["Runesmith:Strike_RS","Runesmith:Strike_RS","Runesmith:Strike_RS","Runesmith:Strike_RS","Runesmith:Defend_RS","Runesmith:Defend_RS","Runesmith:Defend_RS","Runesmith:Defend_RS","Runesmith:CraftFirestone","Runesmith:Fortify","Runesmith:CraftVitae","Runesmith:Firestorm+1","Runesmith:GoWithTheFlow","Runesmith:GoWithTheFlow","Runesmith:Repurpose+1","Runesmith:EarthShield","Runesmith:WhiteBalance","Runesmith:LithiumIon","Runesmith:HeatExchange","Runesmith:NanitesCloud","Regret","Runesmith:CraftPrismatica","Runesmith:CraftReservo+1","Runesmith:CreatorForm","Runesmith:Terraform","Runesmith:HammerTime","Shame","Runesmith:EnergizedChisel+1","Runesmith:ChaoticBlast+1","Runesmith:CraftObretio","Runesmith:PoweredAnvil","J.A.X.","Runesmith:Grindstone+1","Runesmith:ReplicatingBarrier","Runesmith:ShiftingStrike+1","Runesmith:CraftMedicinae","Runesmith:Superposition","Runesmith:CraftIncendium","Runesmith:CraftMagma","Runesmith:LithiumIon","Runesmith:HeatedChisel+1","Runesmith:HeatExchange","Runesmith:Firewall","Runesmith:ChargedHammer","Runesmith:Reinforce","Runesmith:BackupBattery+1","Runesmith:FieryHammer+1","Runesmith:CraftMagma"],"relics":["Runesmith:BrokenRuby","Runesmith:EmergencyProvisions","Juzu Bracelet","Runesmith:MiniCore","Replay:Rubber Ducky","Blue Candle","Painkiller Herb","reliquary:PartyBalloon","Runesmith:AutoHammer","reliquary:RosewoodLute","Incense Burner","Empty Cage","ReplayTheSpireMod:Lightbulb","Red Mask","theSleuth:SaltedMelon","theSleuth:SaltedMelon","Pen Nib"],"acts_visited":["Exordium","TheCity","TheBeyond","TheEnding"],"potions_floor_usage":[7,30,35,46,50],"damage_taken":[{"damage":5,"enemies":"Jaw Worm","floor":1,"turns":3},{"damage":5,"enemies":"2 Louse","floor":4,"turns":3},{"damage":1,"enemies":"Cultist","floor":6,"turns":4},{"damage":10,"enemies":"Looter","floor":7,"turns":4},{"damage":5,"enemies":"HollowMod:MossKnight","floor":8,"turns":11},{"damage":0,"enemies":"2 Fungi Beasts","floor":11,"turns":3},{"damage":46,"enemies":"The Guardian","floor":16,"turns":11},{"damage":1,"enemies":"Spheric Guardian","floor":18,"turns":3},{"damage":0,"enemies":"HollowMod:Nosk","floor":24,"turns":8},{"damage":1,"enemies":"2 Thieves","floor":25,"turns":4},{"damage":8,"enemies":"Snake Plant","floor":28,"turns":5},{"damage":2,"enemies":"Replay:Snechameleon","floor":30,"turns":7},{"damage":8,"enemies":"Centurion and Healer","floor":31,"turns":7},{"damage":6,"enemies":"Champ","floor":33,"turns":11},{"damage":23,"enemies":"3 Darklings","floor":35,"turns":5},{"damage":3,"enemies":"Orb Walker","floor":36,"turns":4},{"damage":18,"enemies":"Writhing Mass","floor":39,"turns":4},{"damage":22,"enemies":"Jaw Worm Horde","floor":44,"turns":4},{"damage":29,"enemies":"3 Darklings","floor":46,"turns":7},{"damage":41,"enemies":"Sphere and 2 Shapes","floor":48,"turns":6},{"damage":35,"enemies":"Time Eater","floor":50,"turns":12},{"damage":69,"enemies":"Shield and Spear","floor":54,"turns":6},{"damage":43,"enemies":"The Heart","floor":55,"turns":3}],"seed_played":"1804011091957543925","potions_obtained":[{"floor":4,"key":"Flashbang"},{"floor":6,"key":"ColorlessPotion"},{"floor":8,"key":"Elixir"},{"floor":16,"key":"Dexterity Potion"},{"floor":18,"key":"ZuzhouPotion:ReiMu"},{"floor":24,"key":"SneckoOil"},{"floor":28,"key":"Reflective Coating"},{"floor":36,"key":"Strength Potion"},{"floor":37,"key":"FairyPotion"}],"is_trial":false,"path_per_floor":["M","?","$","M","T","M","M","E","T","?","M","R","?","?","R","B",null,"?","T","?","?","T","T","E","?","T","?","?","T","E","?","T","B",null,"?","?","?","T","?","T","T","T","T","?","?","?","?","?","T","B",null,"T","T","E","B"],"character_chosen":"RUNESMITH_CLASS","items_purchased":["Runesmith:Firestorm","Runesmith:GoWithTheFlow","Runesmith:Repurpose","Runesmith:CreatorForm","Runesmith:Terraform","Runesmith:HammerTime","Runesmith:ChaoticBlast","Runesmith:EnergizedChisel","Runesmith:CraftMagma","Runesmith:LithiumIon","Runesmith:HeatedChisel+1","Runesmith:HeatExchange","Runesmith:ChargedHammer"],"campfire_rested":4,"item_purchase_floors":[3,3,3,19,19,19,22,22,38,38,38,38,41],"current_hp_per_floor":[72,61,61,56,56,55,45,40,40,40,40,63,63,58,58,12,77,76,76,76,76,76,76,76,75,75,75,67,67,65,57,77,71,77,57,54,54,54,36,59,59,77,77,55,55,30,30,17,42,7,79,81,81,14,0,0],"gold":62,"neow_bonus":"TEN_PERCENT_HP_BONUS","is_daily":false,"chose_seed":false,"campfire_upgraded":3,"win_rate":0.0,"timestamp":1612139618,"path_taken":["M","?","$","M","?","M","M","E","T","?","M","R","?","?","R","BOSS","?","T","?","?","T","T","E","?","T","?","?","T","E","?","T","BOSS","?","?","?","?","?","T","T","T","T","?","?","?","?","?","T","BOSS","T","T","E","BOSS"],"items_purchased_type":["Card","Card","Card","Card","Card","Card","Card","Card","Card","Card","Card","Card","Card"],"build_version":"2020-12-22","purchased_purges":0,"victory":false,"max_hp_per_floor":[77,77,77,77,77,77,77,77,77,77,77,77,77,77,77,77,77,77,77,77,77,77,77,77,77,77,77,77,77,77,77,77,77,77,77,77,77,77,77,77,77,77,77,77,77,77,77,77,79,79,79,81,81,81,81,81],"relic_stats":{"counters":[23,135],"Blue Candle":[25],"Pen Nib":[0],"Juzu Bracelet":2,"obtain_stats":[{"theSleuth:SaltedMelon":47,"Runesmith:BrokenRuby":0,"reliquary:PartyBalloon":20,"Runesmith:MiniCore":10,"Blue Candle":14,"Painkiller Herb":17,"Pen Nib":54,"Juzu Bracelet":9,"Incense Burner":30,"Runesmith:EmergencyProvisions":8,"reliquary:RosewoodLute":26,"Empty Cage":34,"Replay:Rubber Ducky":13,"Red Mask":45,"Runesmith:AutoHammer":24,"ReplayTheSpireMod:Lightbulb":43},{"theSleuth:SaltedMelon":19,"Runesmith:BrokenRuby":0,"reliquary:PartyBalloon":8,"Runesmith:MiniCore":5,"Blue Candle":6,"Painkiller Herb":7,"Pen Nib":22,"Juzu Bracelet":5,"Incense Burner":12,"Runesmith:EmergencyProvisions":5,"reliquary:RosewoodLute":10,"Empty Cage":14,"Replay:Rubber Ducky":6,"Red Mask":18,"Runesmith:AutoHammer":9,"ReplayTheSpireMod:Lightbulb":17},{"theSleuth:SaltedMelon":108,"Runesmith:BrokenRuby":0,"reliquary:PartyBalloon":42,"Runesmith:MiniCore":25,"Blue Candle":28,"Painkiller Herb":39,"Pen Nib":132,"Juzu Bracelet":25,"Incense Burner":66,"Runesmith:EmergencyProvisions":25,"reliquary:RosewoodLute":54,"Empty Cage":84,"Replay:Rubber Ducky":28,"Red Mask":101,"Runesmith:AutoHammer":50,"ReplayTheSpireMod:Lightbulb":97}]},"card_choices":[{"not_picked":["Runesmith:HammerThrow","Runesmith:Discharge"],"picked":"Runesmith:CraftVitae","floor":1},{"not_picked":["Runesmith:Superposition","Runesmith:RuneHurl"],"picked":"Runesmith:EarthShield","floor":4},{"not_picked":["Runesmith:Overpower","Runesmith:BackupBattery"],"picked":"Runesmith:WhiteBalance","floor":6},{"not_picked":["Runesmith:MakeshiftArmor","Runesmith:Overpower"],"picked":"Runesmith:LithiumIon","floor":7},{"not_picked":["Runesmith:Repurpose","Runesmith:BackupBattery"],"picked":"Runesmith:HeatExchange","floor":8},{"not_picked":["Runesmith:EarthShield","Runesmith:HeatedChisel"],"picked":"Runesmith:NanitesCloud","floor":11},{"not_picked":["Runesmith:UnlimitedPower","Runesmith:FissionHammer"],"picked":"Runesmith:CraftPrismatica","floor":16},{"not_picked":["Runesmith:HeatedChisel","Runesmith:Grindstone"],"picked":"Runesmith:CraftReservo+1","floor":18},{"not_picked":["Runesmith:Discharge+1","Runesmith:CraftVitae+1"],"picked":"Runesmith:EnergizedChisel+1","floor":21},{"not_picked":["Runesmith:StaticCage","Runesmith:LithiumIon+1"],"picked":"Runesmith:CraftObretio","floor":24},{"not_picked":["Runesmith:Electrocute+1","Runesmith:EarthShield+1"],"picked":"Runesmith:PoweredAnvil","floor":25},{"not_picked":["Runesmith:BackupBattery+1","Runesmith:Retool"],"picked":"Runesmith:Grindstone","floor":28},{"not_picked":["Runesmith:GoWithTheFlow","Runesmith:PerfectChisel"],"picked":"Runesmith:ReplicatingBarrier","floor":30},{"not_picked":["Runesmith:RuneHurl+1","Runesmith:Repurpose"],"picked":"Runesmith:ShiftingStrike+1","floor":31},{"not_picked":["Runesmith:DuctTape","Runesmith:CraftIndustria"],"picked":"Runesmith:CraftMedicinae","floor":33},{"not_picked":["Runesmith:ShiftingStrike+1","Runesmith:StaticCage+1"],"picked":"Runesmith:Superposition","floor":35},{"not_picked":["Runesmith:WhiteBalance","Runesmith:Overpower+1"],"picked":"Runesmith:CraftIncendium","floor":36},{"not_picked":["Runesmith:CraftProtectio+1","Runesmith:CraftVitae"],"picked":"Runesmith:Firewall","floor":39},{"not_picked":["Runesmith:Overpower+1","Runesmith:Grindstone"],"picked":"Runesmith:Reinforce","floor":44},{"not_picked":["Runesmith:EarthShield+1","Runesmith:CraftVitae+1"],"picked":"Runesmith:BackupBattery+1","floor":46},{"not_picked":["Runesmith:CreatorForm","Runesmith:Reinforce+1"],"picked":"Runesmith:FieryHammer+1","floor":48},{"not_picked":["Runesmith:EnergizedChisel+1","Runesmith:PoweredAnvil"],"picked":"Runesmith:CraftMagma","floor":54}],"player_experience":359971,"relics_obtained":[{"floor":8,"key":"Runesmith:EmergencyProvisions"},{"floor":9,"key":"Juzu Bracelet"},{"floor":24,"key":"Runesmith:AutoHammer"},{"floor":26,"key":"reliquary:RosewoodLute"},{"floor":30,"key":"Incense Burner"},{"floor":43,"key":"ReplayTheSpireMod:Lightbulb"},{"floor":54,"key":"Pen Nib"}],"event_choices":[{"damage_healed":0,"gold_gain":75,"player_choice":"Gold","damage_taken":11,"max_hp_gain":0,"max_hp_loss":0,"event_name":"betterThird:BetterGoop","floor":2,"gold_loss":0},{"damage_healed":0,"gold_gain":0,"player_choice":"Relic ","damage_taken":25,"max_hp_gain":0,"max_hp_loss":0,"event_name":"betterThird:BetterScrap","floor":10,"gold_loss":0,"cards_obtained":["Envenom"]},{"damage_healed":0,"gold_gain":0,"player_choice":"Box","damage_taken":0,"relics_obtained":["Replay:Rubber Ducky"],"max_hp_gain":0,"max_hp_loss":0,"event_name":"Big Fish","floor":13,"gold_loss":0,"cards_obtained":["Regret"]},{"damage_healed":0,"gold_gain":0,"player_choice":"Stole Relic","damage_taken":0,"relics_obtained":["reliquary:PartyBalloon"],"max_hp_gain":0,"max_hp_loss":0,"event_name":"Addict","floor":20,"gold_loss":0,"cards_obtained":["Shame"]},{"damage_healed":0,"gold_gain":0,"player_choice":"Obtain J.A.X.","damage_taken":0,"max_hp_gain":0,"max_hp_loss":0,"event_name":"Drug Dealer","floor":27,"gold_loss":0,"cards_obtained":["J.A.X."]},{"damage_healed":0,"gold_gain":0,"player_choice":"Bought 1 Potion","damage_taken":0,"max_hp_gain":0,"max_hp_loss":0,"event_name":"The Woman in Blue","floor":37,"gold_loss":0},{"damage_healed":0,"gold_gain":0,"player_choice":"Paid","damage_taken":0,"relics_obtained":["Red Mask"],"max_hp_gain":0,"max_hp_loss":0,"event_name":"Tomb of Lord Red Mask","floor":45,"gold_loss":61}],"is_beta":false,"boss_relics":[{"not_picked":["Busted Crown","ReplayTheSpireMod:DimensionalGlitch"],"picked":"Painkiller Herb"},{"not_picked":["Fusion Hammer","bronze:MakeshiftBattery"],"picked":"Empty Cage"}],"items_purged_floors":[],"is_endless":false,"potions_floor_spawned":[4,6,8,16,18,24,28,36],"killed_by":"The Heart","ascension_level":0}}