{"host":"3y2rtlgteqp2nuo3","time":1612193772,"event":{"mods":["2.2 Compatiblity","AchievementEnabler","BaseMod","Colored Map","DeckTracker","Highlight Path","Keyboard Shortcuts","Minty Spire (QoL Compilation)","Permanent Neow","Quick Restart","StSLib","SuperFastMode","everything is the same but u backflip on backflip"],"gold_per_floor":[110,128,144,154,9,9,39,39,39,39,67,84,84,99,99,200,200,210,112,112,131,141,167,167,167,167,167,185,203,203,203],"floor_reached":30,"language":"KOR","playtime":690,"items_purged":[],"score":378,"play_id":"e5fee561-5649-41d2-b954-fcedf5b2eb3f","local_time":"20210202003612","is_ascension_mode":true,"campfire_choices":[{"data":"Perfected Strike","floor":6.0,"key":"SMITH"},{"data":"Bash","floor":8.0,"key":"SMITH"},{"data":"Twin Strike","floor":10.0,"key":"SMITH"},{"data":"Perfected Strike","floor":15.0,"key":"SMITH"},{"floor":25.0,"key":"REST"}],"circlet_count":0,"master_deck":["AscendersBane","Strike_R","Strike_R","Strike_R","Strike_R","Defend_R","Defend_R","Defend_R","Defend_R","Bash+1","Twin Strike+1","Perfected Strike+1","Twin Strike","Dual Wield","Immolate","Perfected Strike+1","Evolve+1","Enlightenment","Shrug It Off+1","J.A.X.+1","Shrug It Off+1"],"relics":["Burning Blood","Lee\u0027s Waffle","Paper Frog","Matryoshka","Self Forming Clay","SlaversCollar","Pocketwatch","War Paint","Molten Egg 2","Enchiridion"],"acts_visited":["Exordium","TheCity"],"potions_floor_usage":[],"damage_taken":[{"damage":13.0,"enemies":"Jaw Worm","floor":1.0,"turns":6.0},{"damage":9.0,"enemies":"2 Louse","floor":2.0,"turns":3.0},{"damage":7.0,"enemies":"Small Slimes","floor":3.0,"turns":4.0},{"damage":26.0,"enemies":"3 Louse","floor":4.0,"turns":3.0},{"damage":25.0,"enemies":"Lagavulin","floor":11.0,"turns":5.0},{"damage":8.0,"enemies":"Exordium Wildlife","floor":12.0,"turns":4.0},{"damage":0.0,"enemies":"2 Fungi Beasts","floor":14.0,"turns":2.0},{"damage":48.0,"enemies":"The Guardian","floor":16.0,"turns":10.0},{"damage":7.0,"enemies":"Chosen","floor":18.0,"turns":3.0},{"damage":30.0,"enemies":"Shell Parasite","floor":21.0,"turns":5.0},{"damage":20.0,"enemies":"Snecko","floor":22.0,"turns":4.0},{"damage":25.0,"enemies":"Book of Stabbing","floor":23.0,"turns":4.0},{"damage":24.0,"enemies":"Shelled Parasite and Fungi","floor":28.0,"turns":4.0},{"damage":3.0,"enemies":"3 Cultists","floor":29.0,"turns":3.0},{"damage":19,"enemies":"Sentry and Sphere","floor":30,"turns":5}],"seed_played":"-6682636542041307606","potions_obtained":[{"floor":1.0,"key":"Explosive Potion"},{"floor":11.0,"key":"PowerPotion"},{"floor":12.0,"key":"Dexterity Potion"},{"floor":28.0,"key":"Fruit Juice"}],"is_trial":false,"path_per_floor":["M","M","M","M","$","R","?","R","T","R","E","M","?","M","R","B",null,"M","$","?","M","M","E","?","R","T","?","M","M","M"],"character_chosen":"IRONCLAD","items_purchased":["Lee\u0027s Waffle","Enlightenment"],"campfire_rested":1,"item_purchase_floors":[5,19],"current_hp_per_floor":[65,62,61,41,87,87,87,87,87,87,68,66,66,72,72,30,73,72,72,72,48,34,15,15,41,41,25,12,15,0,0],"gold":203,"neow_bonus":"REMOVE_CARD","is_daily":false,"chose_seed":false,"campfire_upgraded":4,"win_rate":0.0,"timestamp":1612193772,"path_taken":["M","M","M","M","$","R","?","R","T","R","E","M","?","M","R","BOSS","M","$","?","M","M","E","?","R","T","?","M","M","?"],"items_purchased_type":["Relic","Card"],"build_version":"2020-12-22","purchased_purges":0,"victory":false,"max_hp_per_floor":[80,80,80,80,87,87,87,87,87,87,87,87,87,87,87,87,87,87,87,87,87,87,87,87,87,87,87,92,92,92,92],"card_choices":[{"not_picked":["True Grit","Heavy Blade"],"picked":"Twin Strike","floor":1.0},{"not_picked":["Thunderclap","Cleave"],"picked":"Perfected Strike","floor":2.0},{"not_picked":["Intimidate","Anger"],"picked":"Twin Strike","floor":3.0},{"not_picked":["Heavy Blade","Body Slam","Entrench"],"picked":"SKIP","floor":4.0},{"not_picked":["Reckless Charge","Headbutt"],"picked":"Dual Wield","floor":11.0},{"not_picked":["Dual Wield","Iron Wave"],"picked":"Immolate","floor":12.0},{"not_picked":["Shrug It Off","Intimidate"],"picked":"Perfected Strike","floor":14.0},{"not_picked":["Clash","Heavy Blade+1"],"picked":"Evolve+1","floor":18.0},{"not_picked":["Body Slam","Ghostly Armor","Feel No Pain"],"picked":"SKIP","floor":21.0},{"not_picked":["Iron Wave","Heavy Blade","Headbutt"],"picked":"SKIP","floor":22.0},{"not_picked":["Carnage","Hemokinesis"],"picked":"Shrug It Off","floor":23.0},{"not_picked":["Inflame","Clash+1","Havoc"],"picked":"SKIP","floor":28.0},{"not_picked":["Cleave+1","Whirlwind+1"],"picked":"Shrug It Off+1","floor":29.0}],"player_experience":742712,"relics_obtained":[{"floor":9.0,"key":"Matryoshka"},{"floor":11.0,"key":"Self Forming Clay"},{"floor":23.0,"key":"Pocketwatch"},{"floor":26.0,"key":"War Paint"},{"floor":26.0,"key":"Molten Egg 2"},{"floor":27.0,"key":"Enchiridion"}],"event_choices":[{"damage_healed":0.0,"max_hp_gain":0.0,"max_hp_loss":0.0,"gold_gain":30.0,"event_name":"Dead Adventurer","player_choice":"Searched \u00273\u0027 times","floor":7.0,"gold_loss":0.0,"damage_taken":0.0,"relics_obtained":["Paper Frog"]},{"damage_healed":0.0,"max_hp_gain":0.0,"max_hp_loss":0.0,"gold_gain":0.0,"event_name":"The Cleric","player_choice":"Leave","floor":13.0,"gold_loss":0.0,"damage_taken":0.0},{"damage_healed":0.0,"max_hp_gain":0.0,"max_hp_loss":0.0,"gold_gain":0.0,"event_name":"Beggar","player_choice":"Ignored","floor":20.0,"gold_loss":0.0,"damage_taken":0.0},{"damage_healed":0.0,"max_hp_gain":0.0,"max_hp_loss":0.0,"gold_gain":0.0,"event_name":"Drug Dealer","player_choice":"Obtain J.A.X.","floor":24.0,"gold_loss":0.0,"damage_taken":0.0,"cards_obtained":["J.A.X."]},{"damage_healed":0.0,"max_hp_gain":0.0,"max_hp_loss":0.0,"gold_gain":0.0,"event_name":"Cursed Tome","player_choice":"Obtained Book","floor":27.0,"gold_loss":0.0,"damage_taken":16.0}],"is_beta":false,"boss_relics":[{"not_picked":["Snecko Eye","Velvet Choker"],"picked":"SlaversCollar"}],"items_purged_floors":[],"is_endless":false,"potions_floor_spawned":[1,11,12,16,28],"killed_by":"Sentry and Sphere","ascension_level":10}}