{"host":"4rvakrj1idbgia3f","time":1612169833,"event":{"mods":["BaseMod","Colored Map","Colored Powertips","DeckTracker","Highlight Path","Minty Spire (QoL Compilation)","Random Character Button","StSLib"],"gold_per_floor":[110,127,107,118,136,136,161,195,221,260,272,317,347,434,446,535,547,579,551,551],"floor_reached":19,"language":"JPN","playtime":626,"items_purged":[],"score":524,"play_id":"11abef02-54af-4803-a691-0ee201d9dc45","local_time":"20210201175713","is_ascension_mode":true,"campfire_choices":[{"data":"Ragnarok","floor":6.0,"key":"SMITH"},{"data":"Eruption","floor":11.0,"key":"SMITH"},{"data":"BowlingBash","floor":15,"key":"SMITH"}],"circlet_count":0,"master_deck":["AscendersBane","Strike_P","Strike_P","Strike_P","Strike_P","Defend_P","Defend_P","Defend_P","Defend_P","Eruption+1","Vigilance","CutThroughFate","BowlingBash+1","Ragnarok+1","Nirvana","FlurryOfBlows","EmptyMind+1","WreathOfFlame+1","Protect+1","Brilliance","Prostrate+1"],"relics":["PureWater","NeowsBlessing","Dream Catcher","Orichalcum","MawBank","Toxic Egg 2","Damaru","Black Star"],"acts_visited":["Exordium","TheCity"],"potions_floor_usage":[12,16,18],"damage_taken":[{"damage":0.0,"enemies":"Small Slimes","floor":1.0,"turns":1.0},{"damage":0.0,"enemies":"Cultist","floor":2.0,"turns":1.0},{"damage":0.0,"enemies":"2 Louse","floor":4.0,"turns":1.0},{"damage":8.0,"enemies":"Blue Slaver","floor":5.0,"turns":4.0},{"damage":4.0,"enemies":"3 Sentries","floor":8.0,"turns":6.0},{"damage":0.0,"enemies":"Lagavulin","floor":10.0,"turns":3.0},{"damage":16,"enemies":"Gremlin Nob","floor":12,"turns":4},{"damage":1,"enemies":"Looter","floor":13,"turns":3},{"damage":0,"enemies":"Slime Boss","floor":16,"turns":2},{"damage":34,"enemies":"3 Byrds","floor":18,"turns":6},{"damage":38,"enemies":"2 Thieves","floor":19,"turns":1}],"seed_played":"-2339824204277699439","potions_obtained":[{"floor":2.0,"key":"Energy Potion"},{"floor":3.0,"key":"Ancient Potion"},{"floor":13,"key":"AttackPotion"},{"floor":16,"key":"Ancient Potion"},{"floor":18,"key":"Fruit Juice"}],"is_trial":false,"path_per_floor":["M","M","?","M","M","R","T","E","T","E","R","E","M","?","R","B",null,"M","M"],"character_chosen":"WATCHER","items_purchased":[],"campfire_rested":0,"item_purchase_floors":[],"current_hp_per_floor":[61,61,61,61,53,53,53,49,49,49,49,33,32,21,21,21,56,27,0,0],"gold":551,"neow_bonus":"THREE_ENEMY_KILL","is_daily":false,"chose_seed":false,"campfire_upgraded":3,"win_rate":0.0,"timestamp":1612169833,"path_taken":["M","M","?","?","M","R","?","E","T","E","R","E","M","?","R","BOSS","M","M"],"items_purchased_type":[],"build_version":"2020-12-22","purchased_purges":0,"victory":false,"max_hp_per_floor":[68,68,68,68,68,68,68,68,68,68,68,68,68,68,68,68,68,73,73,73],"card_choices":[{"not_picked":["SashWhip","ThirdEye"],"picked":"CutThroughFate","floor":1.0},{"not_picked":["CrushJoints","Prostrate"],"picked":"BowlingBash","floor":2.0},{"not_picked":["EmptyMind","EmptyFist"],"picked":"Ragnarok","floor":4.0},{"not_picked":["Evaluate","InnerPeace"],"picked":"Nirvana","floor":5.0},{"not_picked":["LikeWater","FollowUp"],"picked":"FlurryOfBlows","floor":8.0},{"not_picked":["Consecrate","SashWhip"],"picked":"EmptyMind+1","floor":10.0},{"not_picked":["WheelKick","Indignation+1"],"picked":"WreathOfFlame+1","floor":12},{"not_picked":["CrushJoints","Evaluate+1"],"picked":"Protect+1","floor":13},{"not_picked":["Establishment","Ragnarok"],"picked":"Brilliance","floor":16},{"not_picked":["Protect+1","SashWhip"],"picked":"Prostrate+1","floor":18}],"player_experience":2179211,"relics_obtained":[{"floor":7.0,"key":"Dream Catcher"},{"floor":8.0,"key":"Orichalcum"},{"floor":9.0,"key":"MawBank"},{"floor":10.0,"key":"Toxic Egg 2"},{"floor":12,"key":"Damaru"}],"event_choices":[{"damage_healed":0.0,"max_hp_gain":0.0,"max_hp_loss":0.0,"gold_gain":0.0,"event_name":"The Woman in Blue","player_choice":"Bought 1 Potion","floor":3.0,"gold_loss":0.0,"damage_taken":0.0},{"damage_healed":0,"gold_gain":75,"player_choice":"Gather Gold","damage_taken":11,"max_hp_gain":0,"max_hp_loss":0,"event_name":"World of Goop","floor":14,"gold_loss":0}],"is_beta":false,"boss_relics":[{"not_picked":["SacredBark","Empty Cage"],"picked":"Black Star"}],"items_purged_floors":[],"is_endless":false,"potions_floor_spawned":[2,4,13,16,18],"killed_by":"2 Thieves","ascension_level":20}}