{"host":"xp5rvh2jwe2ejyfm","time":1612190284,"event":{"mods":["Aspiration","BaseMod","BetterRewards","Colored Powertips","Conspire","Downfall","Duelist Mod","GifTheSpireLib","Gremlin Mod","Hermit","Hubris","Minty Spire (QoL Compilation)","Robot Space Explorer","StSLib","The Blackbeard","The Clintock","The Construct","The Cursed","The Disciple","The Forsaken","The Hierophant","The Necromancer","The Runesmith","The Servant 0.9.4"],"gold_per_floor":[119,139,155,171,184,214,226,269,281,307,329,361,434,465,477,589,601,627,655,83,98,98,98,135,155,155,176,176,197,197,241,241,354,354,382,409,430,31,56,100,126,145,145,145,145],"floor_reached":44,"language":"ENG","playtime":3100,"items_purged":[],"score":652,"play_id":"067bc0c9-2691-4a92-9e13-b6170eb3e992","local_time":"20210201093804","is_ascension_mode":false,"campfire_choices":[{"data":"TheCursedMod:CursedWand","floor":7,"key":"SMITH"},{"floor":15,"key":"REST"},{"floor":23,"key":"RECALL"},{"data":"TheCursedMod:HellsGateOpen","floor":28,"key":"SMITH"},{"data":"TheCursedMod:SmokeScreen","floor":30,"key":"SMITH"},{"data":"TheCursedMod:SpitefulStrike","floor":32,"key":"SMITH"}],"circlet_count":0,"master_deck":["TheCursedMod:Strike_TheCursed","TheCursedMod:Strike_TheCursed","TheCursedMod:Strike_TheCursed","TheCursedMod:Strike_TheCursed","TheCursedMod:Defend_TheCursed","TheCursedMod:Defend_TheCursed","TheCursedMod:Defend_TheCursed","TheCursedMod:Defend_TheCursed","TheCursedMod:CursedWand+1","TheCursedMod:CleanUpWorkshop","TheCursedMod:Dregs","Good Instincts","TheCursedMod:SmokeScreen+1","TheCursedMod:FuryStrike","TheCursedMod:Torture","TheCursedMod:FuryStrike","TheCursedMod:SpitefulStrike+1","TheCursedMod:CursedShiv","TheCursedMod:SpitefulStrike","TheCursedMod:ReleasedStrength+1","TheCursedMod:CursedAmulet+1","TheCursedMod:CircleOfFlame+1","TheCursedMod:WearCloak+1","TheCursedMod:StunningStrike","TheCursedMod:CursedBlade","TheCursedMod:HellfireBreathing","TheCursedMod:HellsGateOpen+1","TheCursedMod:WearCloak+1","TheCursedMod:CircleOfCorruption+1","TheCursedMod:CircleOfCorruption+1","TheCursedMod:LuckyCharm+1","TheCursedMod:WearCloak+1","TheCursedMod:AntiAging+1","TheCursedMod:SpitefulStrike","TheCursedMod:SoulReap","TheCursedMod:CircleOfCorruption+1","TheCursedMod:CircleOfFlame+1","TheCursedMod:SurpriseAttack","TheCursedMod:SmokeScreen+1","TheCursedMod:BloodBarrier+1","TheCursedMod:CircleOfFlame+1"],"relics":["TheCursedMod:BlackMagicAdvanced","MawBank","Mango","Toxic Egg 2","ClockworkSouvenir","construct:BoolHorns","Ancient Tea Set","CeramicFish","Bird Faced Urn","hubris:ScarierMask","hubris:BottledRain","TheCursedMod:PinkPellets","Omamori","aspiration:FetidBarrel"],"acts_visited":["Exordium","TheCity","TheBeyond"],"potions_floor_usage":[6,6,6,16,16,16,16,16,18,24,27,33,33,40,42],"damage_taken":[{"damage":0,"enemies":"Cultist","floor":1,"turns":4},{"damage":1,"enemies":"Jaw Worm","floor":2,"turns":6},{"damage":0,"enemies":"2 Louse","floor":3,"turns":4},{"damage":0,"enemies":"Looter","floor":4,"turns":3},{"damage":3,"enemies":"Red Slaver","floor":5,"turns":2},{"damage":18,"enemies":"Lagavulin","floor":6,"turns":6},{"damage":21,"enemies":"Gremlin Nob","floor":8,"turns":4},{"damage":3,"enemies":"2 Fungi Beasts","floor":10,"turns":3},{"damage":13,"enemies":"Large Slime","floor":11,"turns":5},{"damage":11,"enemies":"Gremlin Gang","floor":12,"turns":4},{"damage":8,"enemies":"2 Fungi Beasts","floor":14,"turns":3},{"damage":13,"enemies":"Slime Boss","floor":16,"turns":9},{"damage":0,"enemies":"Spheric Guardian","floor":18,"turns":3},{"damage":0,"enemies":"Chosen","floor":19,"turns":4},{"damage":7,"enemies":"Shelled Parasite and Fungi","floor":21,"turns":7},{"damage":0,"enemies":"Gremlin Leader","floor":24,"turns":5},{"damage":1,"enemies":"Cultist and Chosen","floor":25,"turns":5},{"damage":0,"enemies":"Centurion and Healer","floor":27,"turns":7},{"damage":0,"enemies":"Snecko","floor":29,"turns":4},{"damage":3,"enemies":"Book of Stabbing","floor":31,"turns":7},{"damage":51,"enemies":"Automaton","floor":33,"turns":10},{"damage":0,"enemies":"3 Shapes","floor":35,"turns":3},{"damage":0,"enemies":"3 Darklings","floor":36,"turns":3},{"damage":4,"enemies":"Jaw Worm Horde","floor":37,"turns":5},{"damage":17,"enemies":"4 Shapes","floor":39,"turns":3},{"damage":48,"enemies":"Nemesis","floor":40,"turns":9},{"damage":30,"enemies":"Transient","floor":41,"turns":5},{"damage":0,"enemies":"Spire Growth","floor":42,"turns":6},{"damage":31,"enemies":"Writhing Mass","floor":44,"turns":4}],"seed_played":"-771299051032931874","potions_obtained":[{"floor":2,"key":"Weak Potion"},{"floor":3,"key":"Fire Potion"},{"floor":5,"key":"Slimebound:ThreeZeroPotion"},{"floor":6,"key":"BlessingOfTheForge"},{"floor":8,"key":"EntropicBrew"},{"floor":16,"key":"ColorlessPotion"},{"floor":18,"key":"conspire:TimeTravelPotion"},{"floor":21,"key":"BlessingOfTheForge"},{"floor":25,"key":"Fire Potion"},{"floor":27,"key":"PowerPotion"},{"floor":39,"key":"Block Potion"},{"floor":41,"key":"Dexterity Potion"}],"is_trial":false,"path_per_floor":["M","M","M","M","M","E","R","E","T","M","M","M","?","M","R","B",null,"M","M","$","M","?","R","E","M","T","M","R","M","R","E","R","B",null,"M","M","M","$","M","E","M","M","T","M"],"character_chosen":"THE_CURSED","items_purchased":["ClockworkSouvenir","construct:BoolHorns","Ancient Tea Set","hubris:BottledRain","TheCursedMod:PinkPellets","TheCursedMod:CircleOfFlame+1"],"campfire_rested":1,"item_purchase_floors":[20,20,20,38,38,38],"current_hp_per_floor":[75,74,74,74,71,53,53,46,46,43,30,19,19,11,37,24,89,89,89,89,82,82,82,82,81,81,81,81,81,81,78,78,58,89,89,89,85,85,70,28,8,17,17,0,0],"gold":145,"neow_bonus":"RANDOM_COLORLESS","is_daily":false,"chose_seed":false,"campfire_upgraded":4,"win_rate":0.0,"timestamp":1612190284,"path_taken":["M","M","M","M","M","E","R","E","T","?","M","M","?","M","R","BOSS","M","M","$","M","?","R","E","M","T","M","R","M","R","E","R","BOSS","M","M","M","$","M","E","M","M","T","M"],"items_purchased_type":["Relic","Relic","Relic","Relic","Relic","Card"],"build_version":"2020-12-22","purchased_purges":0,"victory":false,"max_hp_per_floor":[75,75,75,75,75,75,75,89,89,89,89,89,89,89,89,89,89,89,89,89,89,89,89,89,89,89,89,89,89,89,89,89,89,89,89,89,89,89,89,89,92,92,92,92,92],"card_choices":[{"not_picked":["Impatience","Panacea"],"picked":"Good Instincts","floor":0},{"not_picked":["TheCursedMod:CursedMace","TheCursedMod:SpreadPlague"],"picked":"TheCursedMod:SmokeScreen","floor":1},{"not_picked":["TheCursedMod:BlessingInDisguise","TheCursedMod:CircleOfAmplification"],"picked":"TheCursedMod:FuryStrike","floor":2},{"not_picked":["TheCursedMod:Stretching","TheCursedMod:Evocation"],"picked":"TheCursedMod:Torture","floor":3},{"not_picked":["TheCursedMod:Wield","TheCursedMod:SurpriseAttack"],"picked":"TheCursedMod:FuryStrike","floor":4},{"not_picked":["TheCursedMod:CircleOfAmplification","TheCursedMod:SoulCrush"],"picked":"TheCursedMod:SpitefulStrike","floor":5},{"not_picked":["TheCursedMod:Stretching","TheCursedMod:CursedArmor"],"picked":"TheCursedMod:CursedShiv","floor":6},{"not_picked":["TheCursedMod:CircleOfWindfury","TheCursedMod:Neurasthenia"],"picked":"TheCursedMod:SpitefulStrike","floor":8},{"not_picked":["TheCursedMod:SmokeScreen+1","TheCursedMod:SurpriseAttack"],"picked":"TheCursedMod:ReleasedStrength+1","floor":10},{"not_picked":["TheCursedMod:SpitefulPray+1","TheCursedMod:CircleOfWindfury+1"],"picked":"TheCursedMod:CursedAmulet+1","floor":11},{"not_picked":["TheCursedMod:SpreadPlague+1","TheCursedMod:ManaBullet"],"picked":"TheCursedMod:CircleOfFlame+1","floor":12},{"not_picked":["TheCursedMod:CircleOfFocus+1","TheCursedMod:FleshFromBone+1"],"picked":"TheCursedMod:WearCloak+1","floor":14},{"not_picked":["TheCursedMod:Neurasthenia+1","TheCursedMod:ManaCirculation"],"picked":"TheCursedMod:StunningStrike","floor":16},{"not_picked":["TheCursedMod:SmokeScreen+1","TheCursedMod:CircleOfBlood+1"],"picked":"TheCursedMod:CursedBlade","floor":18},{"not_picked":["TheCursedMod:RavingStaff","TheCursedMod:WearCloak+1"],"picked":"TheCursedMod:HellfireBreathing","floor":19},{"not_picked":["TheCursedMod:CursedAmulet+1","TheCursedMod:CursedShiv"],"picked":"TheCursedMod:HellsGateOpen","floor":21},{"not_picked":["TheCursedMod:RapidMovement+1","TheCursedMod:FleshFromBone+1"],"picked":"TheCursedMod:WearCloak+1","floor":24},{"not_picked":["TheCursedMod:ParallelWorld+1","TheCursedMod:CursedMace"],"picked":"TheCursedMod:CircleOfCorruption+1","floor":25},{"not_picked":["TheCursedMod:CursedMace","TheCursedMod:StingEye"],"picked":"TheCursedMod:CircleOfCorruption+1","floor":27},{"not_picked":["TheCursedMod:RavingStaff","TheCursedMod:StingEye"],"picked":"TheCursedMod:LuckyCharm+1","floor":29},{"not_picked":["TheCursedMod:CursedBoomerang","TheCursedMod:CursedStaff+1"],"picked":"TheCursedMod:WearCloak+1","floor":31},{"not_picked":["TheCursedMod:DarkBarrier+1","TheCursedMod:ForbiddenAlchemy+1"],"picked":"TheCursedMod:AntiAging+1","floor":33},{"not_picked":["TheCursedMod:CircleOfFocus+1","TheCursedMod:SpitefulPray+1"],"picked":"TheCursedMod:SpitefulStrike","floor":35},{"not_picked":["TheCursedMod:SmokeScreen+1","TheCursedMod:WearCloak+1"],"picked":"TheCursedMod:SoulReap","floor":36},{"not_picked":["TheCursedMod:BloodBarrier+1","TheCursedMod:ReleasedKnowledge+1"],"picked":"TheCursedMod:CircleOfCorruption+1","floor":37},{"not_picked":["TheCursedMod:SpitefulPray+1","TheCursedMod:CursedShiv+1"],"picked":"TheCursedMod:SurpriseAttack","floor":39},{"not_picked":["TheCursedMod:WearCloak+1","TheCursedMod:ManaBullet+1"],"picked":"TheCursedMod:SmokeScreen+1","floor":40},{"not_picked":["TheCursedMod:Wield+1","TheCursedMod:StingEye+1"],"picked":"TheCursedMod:BloodBarrier+1","floor":41},{"not_picked":["TheCursedMod:FleshFromBone+1","TheCursedMod:VitalStrike"],"picked":"TheCursedMod:CircleOfFlame+1","floor":42}],"player_experience":374410,"relics_obtained":[{"floor":6,"key":"MawBank"},{"floor":8,"key":"Mango"},{"floor":9,"key":"Toxic Egg 2"},{"floor":24,"key":"CeramicFish"},{"floor":31,"key":"Bird Faced Urn"},{"floor":40,"key":"Omamori"},{"floor":43,"key":"aspiration:FetidBarrel"}],"event_choices":[{"damage_healed":0,"gold_gain":61,"player_choice":"Gained Gold","damage_taken":0,"max_hp_gain":0,"max_hp_loss":0,"event_name":"Golden Wing","floor":13,"gold_loss":0},{"damage_healed":0,"gold_gain":0,"player_choice":"Ignored","damage_taken":0,"max_hp_gain":0,"max_hp_loss":0,"event_name":"Ghosts","floor":22,"gold_loss":0}],"is_beta":false,"boss_relics":[{"not_picked":["hubris:GrandSneckoEye","Sozu"],"picked":"TheCursedMod:BlackMagicAdvanced"},{"not_picked":["Pandora\u0027s Box","hubris:VirtuousBlindfold"],"picked":"hubris:ScarierMask"}],"items_purged_floors":[],"is_endless":false,"potions_floor_spawned":[2,3,5,6,8,16,18,21,25,27,39,41],"killed_by":"Writhing Mass","ascension_level":0}}