{"host":"cpnwtw6j9ov48mid","time":1612199017,"event":{"mods":["AchievementEnabler","Act Like it!","Aspiration","BaseMod","Bestiary","Better Third Choice","BetterRewards","CapriCore","Colored Map","Colored Powertips","Conspire","Energized Spire","Friendly Minions","GifTheSpireLib","Gold Saver","Halation","Hubris","Infinite Spire","Jedi Mod","Marked Mod","Minty Spire (QoL Compilation)","Permanent Neow","Quarter Circle Forward PUNCH!","Quick Restart","RRrroohrrRGHHhhh!!","Rare Cards Sparkle","RatMod","Relic Stats","Replay The Spire","Small Relic Pack","StSLib","Stuff the Spire","The Animator","The Blue Laboratory","The Marked","The Wild Card","Transform Curses","yUi"],"gold_per_floor":[342,292,292,292,292,292,292,292,323,323,348,362,377,394,413,100,100,205,205,223,223,223,223],"floor_reached":22,"language":"ENG","playtime":833,"items_purged":["theWildCard:BasicStrike"],"score":232,"play_id":"d269fa17-994e-4c7b-873d-c53000336cae","local_time":"20210201180337","is_ascension_mode":false,"campfire_choices":[{"floor":6,"key":"REST"},{"floor":10,"key":"REST"},{"floor":17,"key":"REST"}],"circlet_count":0,"master_deck":["theWildCard:BasicStrike+1","theWildCard:BasicStrike+1","theWildCard:BasicStrike+1","theWildCard:BasicDefend","theWildCard:BasicDefend","theWildCard:BasicDefend","theWildCard:CallToAdventure","theWildCard:Arsene","theWildCard:PaleRider","theWildCard:ArcanaArtistry","theWildCard:Alice","theWildCard:MaskChange","theWildCard:SeveringSlash","theWildCard:Caesar","theWildCard:Metatron","infinitespire:Fortify"],"relics":["theWildCard:VelvetContract","aspiration:Nostalgia","animator:TheMissingPiece","relicPack:DSword","HornCleat","hubris:MedicalManual","Ancient Tea Set","StuffTheSpire:ForceGauntlet","Black Star","Replay:Bottled Eggs"],"acts_visited":["Exordium","TheCity"],"potions_floor_usage":[15],"damage_taken":[{"damage":4,"enemies":"Jaw Worm","floor":1,"turns":3},{"damage":30,"enemies":"Replay:BlueRogue","floor":9,"turns":4},{"damage":0,"enemies":"conspire:RoseBush","floor":12,"turns":3},{"damage":5,"enemies":"Small Slimes","floor":13,"turns":3},{"damage":4,"enemies":"Gremlin Gang","floor":14,"turns":4},{"damage":0,"enemies":"Red Slaver","floor":15,"turns":2},{"damage":0,"enemies":"Hexaghost","floor":18,"turns":7},{"damage":5,"enemies":"Chosen","floor":20,"turns":4},{"damage":1,"enemies":"Shell Parasite","floor":22,"turns":2}],"seed_played":"6088462072866662885","potions_obtained":[{"floor":13,"key":"BlessingOfTheForge"},{"floor":20,"key":"blueLaboratory:FruitPunch"}],"is_trial":false,"path_per_floor":["M","?","?","?","T","R","PTL","PTL","E","R","T","M","M","M","M","$","R","B",null,"M","AVR","M"],"character_chosen":"THE_WILD_CARD","items_purchased":["StuffTheSpire:ForceGauntlet"],"campfire_rested":3,"item_purchase_floors":[16],"current_hp_per_floor":[56,56,21,21,21,39,39,39,9,27,27,27,22,18,18,18,36,36,60,55,55,54,54],"gold":223,"neow_bonus":"NOSTALGIA","is_daily":false,"chose_seed":false,"campfire_upgraded":0,"win_rate":0.0,"timestamp":1612199017,"path_taken":["M","?","?","?","?","R","PTL","PTL","E","R","T","M","M","M","M","$","R","BOSS","M","AVR","?"],"items_purchased_type":["Relic"],"build_version":"2020-12-22","purchased_purges":1,"victory":false,"max_hp_per_floor":[60,60,60,60,60,60,60,60,60,60,60,60,60,60,60,60,60,60,60,60,60,60,60],"relic_stats":{"counters":[9,31],"Black Star":0,"obtain_stats":[{"theWildCard:VelvetContract":0,"relicPack:DSword":3,"HornCleat":5,"aspiration:Nostalgia":0,"animator:TheMissingPiece":0,"StuffTheSpire:ForceGauntlet":16,"hubris:MedicalManual":9,"Black Star":19,"Replay:Bottled Eggs":21,"Ancient Tea Set":11},{"theWildCard:VelvetContract":0,"relicPack:DSword":1,"HornCleat":1,"aspiration:Nostalgia":0,"animator:TheMissingPiece":0,"StuffTheSpire:ForceGauntlet":6,"hubris:MedicalManual":2,"Black Star":7,"Replay:Bottled Eggs":8,"Ancient Tea Set":2},{"theWildCard:VelvetContract":0,"relicPack:DSword":3,"HornCleat":3,"aspiration:Nostalgia":0,"animator:TheMissingPiece":0,"StuffTheSpire:ForceGauntlet":19,"hubris:MedicalManual":7,"Black Star":26,"Replay:Bottled Eggs":30,"Ancient Tea Set":7}]},"card_choices":[{"not_picked":["theWildCard:SacrificialStroke","theWildCard:Polydeuces"],"picked":"theWildCard:PaleRider","floor":1},{"not_picked":["theWildCard:SacrificialStroke","theWildCard:PowerOfTheArcana"],"picked":"theWildCard:ArcanaArtistry","floor":9},{"not_picked":["theWildCard:ManOfManyFaces","theWildCard:TheGreatSeal"],"picked":"theWildCard:Alice","floor":12},{"not_picked":["theWildCard:Michael","theWildCard:Unburden"],"picked":"theWildCard:MaskChange","floor":14},{"not_picked":["theWildCard:MagicMettle","theWildCard:PowerOfTheArcana"],"picked":"theWildCard:SeveringSlash","floor":15},{"not_picked":["theWildCard:Amaterasu","theWildCard:Ruination"],"picked":"theWildCard:Caesar","floor":18},{"not_picked":["theWildCard:MaskChange","theWildCard:UnderLockAndKey"],"picked":"theWildCard:Metatron","floor":20}],"player_experience":6600,"relics_obtained":[{"floor":5,"key":"HornCleat"},{"floor":9,"key":"hubris:MedicalManual"},{"floor":11,"key":"Ancient Tea Set"}],"event_choices":[{"cards_removed":["theWildCard:BasicDefend"],"damage_healed":0,"gold_gain":0,"player_choice":"Card Removal","damage_taken":0,"max_hp_gain":0,"max_hp_loss":0,"event_name":"The Cleric","floor":2,"gold_loss":50},{"damage_healed":0,"gold_gain":0,"player_choice":"Leave","damage_taken":0,"max_hp_gain":0,"max_hp_loss":0,"event_name":"conspire:Investor","floor":4,"gold_loss":0}],"is_beta":false,"boss_relics":[{"not_picked":["ReplayTheSpireMod:DimensionalGlitch","energizedSpire:StickyHand"],"picked":"Black Star"}],"items_purged_floors":[16],"is_endless":false,"potions_floor_spawned":[13,20],"killed_by":"Shell Parasite","ascension_level":0}}