{"host":"dvdvdvm357cut69v","time":1612170770,"event":{"mods":["BaseMod","Minty Spire (QoL Compilation)","StSLib"],"gold_per_floor":[119,119,136,136,136,166,166,10,10,28,28,28,42,61,61,160,160,174,6,6,6,6,6,38,38,64,64,64,64,81,96,96,175,175,192,203,215,215,215,215],"floor_reached":39,"language":"ENG","playtime":1466,"items_purged":["Strike_B"],"score":675,"play_id":"7ced36ac-22e1-4f40-ae48-241db3c97e62","local_time":"20210201121250","is_ascension_mode":true,"campfire_choices":[{"floor":7,"key":"REST"},{"floor":11,"key":"REST"},{"data":"Capacitor","floor":15,"key":"SMITH"},{"floor":23,"key":"REST"},{"floor":25,"key":"REST"},{"data":"Seek","floor":27,"key":"SMITH"},{"floor":32,"key":"REST"}],"circlet_count":0,"master_deck":["AscendersBane","Strike_B+1","Strike_B+1","Strike_B+1","Defend_B+1","Defend_B+1","Defend_B+1","Defend_B+1","Zap+1","Dualcast+1","Seek+1","Cold Snap","Go for the Eyes","Capacitor+1","Chill","Turbo","Injury","White Noise","Ball Lightning","Machine Learning","Leap","Self Repair","Chill","Go for the Eyes","Shame","Leap","Writhe","Beam Cell","Buffer","Force Field+1","Amplify+1","Streamline+1","Coolheaded+1","Stack+1"],"relics":["Cracked Core","Blue Candle","Gremlin Horn","Matryoshka","Bloody Idol","Sozu","Bronze Scales","Kunai","Symbiotic Virus","Dream Catcher","Regal Pillow","Happy Flower","Toxic Egg 2","SlaversCollar"],"acts_visited":["TheCity","TheBeyond"],"potions_floor_usage":[24],"damage_taken":[{"damage":4,"enemies":"Jaw Worm","floor":1,"turns":3},{"damage":0,"enemies":"Cultist","floor":3,"turns":4},{"damage":17,"enemies":"Lagavulin","floor":6,"turns":5},{"damage":0,"enemies":"Small Slimes","floor":10,"turns":3},{"damage":2,"enemies":"2 Fungi Beasts","floor":13,"turns":4},{"damage":4,"enemies":"Exordium Wildlife","floor":14,"turns":6},{"damage":45,"enemies":"The Guardian","floor":16,"turns":12},{"damage":26,"enemies":"Shell Parasite","floor":18,"turns":7},{"damage":30,"enemies":"Gremlin Leader","floor":24,"turns":9},{"damage":1,"enemies":"Chosen","floor":30,"turns":6},{"damage":44,"enemies":"Snecko","floor":31,"turns":5},{"damage":25,"enemies":"Automaton","floor":33,"turns":13},{"damage":39,"enemies":"3 Darklings","floor":35,"turns":10},{"damage":15,"enemies":"3 Shapes","floor":36,"turns":6},{"damage":3,"enemies":"Maw","floor":37,"turns":9},{"damage":65,"enemies":"4 Shapes","floor":39,"turns":3}],"seed_played":"4570400118966316818","potions_obtained":[{"floor":1,"key":"GamblersBrew"}],"is_trial":false,"path_per_floor":["M","?","M","?","?","E","R","$","T","M","R","?","M","M","R","B",null,"M","$","?","?","?","R","E","R","T","R","?","T","M","M","R","B",null,"M","M","M","?","M"],"character_chosen":"DEFECT","items_purchased":["Chill","Self Repair","Chill","Go for the Eyes"],"campfire_rested":5,"item_purchase_floors":[8,19,19,19],"current_hp_per_floor":[60,60,60,46,43,26,47,47,47,47,68,68,66,62,62,17,58,32,32,32,32,32,53,35,56,61,61,61,61,71,39,71,58,68,41,38,47,47,0,0],"gold":215,"neow_bonus":"ONE_RANDOM_RARE_CARD","is_daily":false,"chose_seed":false,"campfire_upgraded":2,"win_rate":0.0,"timestamp":1612170770,"path_taken":["M","?","?","?","?","E","R","?","T","M","R","?","M","M","R","BOSS","M","$","?","?","?","R","E","R","T","R","?","?","M","M","R","BOSS","M","M","M","?","M"],"items_purchased_type":["Card","Card","Card","Card"],"build_version":"2020-12-13","purchased_purges":1,"victory":false,"max_hp_per_floor":[71,71,71,71,71,71,71,71,71,71,71,71,71,71,71,71,71,71,71,71,71,71,71,71,71,71,71,71,71,71,71,71,71,71,71,71,71,71,71,71],"card_choices":[{"not_picked":["Static Discharge","Redo"],"picked":"Cold Snap","floor":1},{"not_picked":["Skim","Cold Snap"],"picked":"Go for the Eyes","floor":3},{"not_picked":["Gash","Machine Learning"],"picked":"Capacitor","floor":6},{"not_picked":["Rebound","Scrape"],"picked":"Turbo","floor":10},{"not_picked":["Redo","Steam"],"picked":"White Noise","floor":13},{"not_picked":["Sweeping Beam","Storm"],"picked":"Ball Lightning","floor":14},{"not_picked":["Core Surge","Multi-Cast"],"picked":"Machine Learning","floor":16},{"not_picked":["Sweeping Beam+1","Beam Cell"],"picked":"Leap","floor":18},{"not_picked":["Fusion","Lockon"],"picked":"Leap","floor":24},{"not_picked":["White Noise+1","Stack+1"],"picked":"Beam Cell","floor":30},{"not_picked":["Beam Cell","Redo+1"],"picked":"Buffer","floor":31},{"not_picked":["Turbo+1","Gash"],"picked":"Force Field+1","floor":32},{"not_picked":["Buffer","Echo Form"],"picked":"Amplify+1","floor":33},{"not_picked":["Chaos+1","Genetic Algorithm+1"],"picked":"Streamline+1","floor":35},{"not_picked":["Gash","Capacitor"],"picked":"Coolheaded+1","floor":36},{"not_picked":["Thunder Strike","Auto Shields+1"],"picked":"Stack+1","floor":37}],"player_experience":94792,"relics_obtained":[{"floor":6,"key":"Gremlin Horn"},{"floor":9,"key":"Matryoshka"},{"floor":24,"key":"Kunai"},{"floor":26,"key":"Symbiotic Virus"},{"floor":26,"key":"Dream Catcher"},{"floor":29,"key":"Happy Flower"},{"floor":29,"key":"Toxic Egg 2"}],"event_choices":[{"damage_healed":0,"gold_gain":0,"player_choice":"Upgraded","damage_taken":0,"max_hp_gain":0,"max_hp_loss":0,"event_name":"Upgrade Shrine","floor":2,"gold_loss":0,"cards_upgraded":["Zap"]},{"damage_healed":0,"gold_gain":0,"player_choice":"Entered Light","damage_taken":14,"max_hp_gain":0,"max_hp_loss":0,"event_name":"Shining Light","floor":4,"gold_loss":0,"cards_upgraded":["Dualcast","Strike_B"]},{"damage_healed":0,"gold_gain":0,"player_choice":"Success","damage_taken":3,"relics_obtained":["Blue Candle"],"max_hp_gain":0,"max_hp_loss":0,"event_name":"Scrap Ooze","floor":5,"gold_loss":0},{"damage_healed":0,"gold_gain":0,"player_choice":"Take Wound","damage_taken":0,"relics_obtained":["Golden Idol"],"max_hp_gain":0,"max_hp_loss":0,"event_name":"Golden Idol","floor":12,"gold_loss":0,"cards_obtained":["Injury"]},{"damage_healed":0,"gold_gain":0,"player_choice":"Simplicity","damage_taken":0,"max_hp_gain":0,"max_hp_loss":0,"event_name":"Back to Basics","floor":20,"gold_loss":0,"cards_upgraded":["Strike_B","Strike_B","Defend_B","Defend_B","Defend_B","Defend_B"]},{"damage_healed":0,"gold_gain":0,"player_choice":"Gave Idol","damage_taken":0,"relics_obtained":["Bloody Idol"],"max_hp_gain":0,"max_hp_loss":0,"event_name":"Forgotten Altar","floor":21,"relics_lost":["Golden Idol"],"gold_loss":0},{"damage_healed":0,"gold_gain":0,"player_choice":"Stole Relic","damage_taken":0,"relics_obtained":["Bronze Scales"],"max_hp_gain":0,"max_hp_loss":0,"event_name":"Addict","floor":22,"gold_loss":0,"cards_obtained":["Shame"]},{"damage_healed":0,"gold_gain":0,"player_choice":"Opened","damage_taken":0,"relics_obtained":["Regal Pillow"],"max_hp_gain":0,"max_hp_loss":0,"event_name":"The Mausoleum","floor":28,"gold_loss":0,"cards_obtained":["Writhe"]},{"damage_healed":0,"gold_gain":0,"player_choice":"Ignored","damage_taken":0,"max_hp_gain":0,"max_hp_loss":0,"event_name":"Mysterious Sphere","floor":38,"gold_loss":0}],"is_beta":false,"boss_relics":[{"not_picked":["Coffee Dripper","Runic Dome"],"picked":"Sozu"},{"not_picked":["Runic Pyramid","Velvet Choker"],"picked":"SlaversCollar"}],"items_purged_floors":[8],"is_endless":false,"potions_floor_spawned":[1,18,24],"killed_by":"4 Shapes","ascension_level":14}}