{"host":"e1y4kviho5jwd7e6","time":1612172683,"event":{"mods":["Act Like it!","Aspiration","BaseMod","Better Altar","Better Match","Better Note","Better Skull","Better Synergies","Better Third Choice","BetterRewards","CCEM2","Colored Powertips","Communication Mod","Conjunction","Conspire","Downfall","Energized Spire","Exacting","GifTheSpireLib","Hubris","Hyrulean Relics","Minty Spire (QoL Compilation)","Quarter Circle Forward PUNCH!","Replay The Spire","Small Relic Pack","Spicy Shops","StSLib","Stuff the Spire","The Blue Laboratory","Transform Curses","Uncapped"],"gold_per_floor":[112,147,147,164,182,213,213,213,238,238,81,92,92,127,187,285,285,298,298,144,161,172,172,183,211,211,171,171,189,189,206,206,308,308,323,323,323,334,346,346,394,394,394,412,426,26,26,26,26,26],"floor_reached":51,"language":"ENG","playtime":1687,"items_purged":["Spreading Infection"],"score":744,"play_id":"10d9a92a-2247-40d7-9019-706ca0e8826c","local_time":"20210201044443","is_ascension_mode":false,"campfire_choices":[{"floor":7,"key":"REST"},{"data":"Replay:Undeath\u0027s Touch","floor":13,"key":"SMITH"},{"floor":23,"key":"REST"},{"floor":28,"key":"REST"},{"data":"Replay:Undeath\u0027s Touch","floor":30,"key":"SMITH"},{"data":"Strike_R","floor":32,"key":"PURGE"},{"data":"Immolate","floor":40,"key":"SMITH"},{"floor":42,"key":"REST"},{"data":"Doubt","floor":49,"key":"PURGE"}],"circlet_count":0,"master_deck":["Strike_R","Strike_R+1","Strike_R","Defend_R","Defend_R+1","Defend_R","Bash","Replay:Undeath\u0027s Touch+1","Prepared+1","Replay:Many Hands+1","Replay:Undeath\u0027s Touch+1","Replay:Undeath\u0027s Touch+1","Sword Boomerang","Immolate+1","Replay:Undeath\u0027s Touch+1","Replay:Undeath\u0027s Touch","Feel No Pain","Feel No Pain","Panache"],"relics":["Burning Blood","NeowsBlessing","Dream Catcher","Bag of Preparation","Brimstone","energizedSpire:CursedPentagram","Gremlin Food","Akabeko","hubris:MysteriousPyramids","hubris:Backtick","hubris:Potato","hubris:CuriousFeather","The Courier"],"acts_visited":["Exordium","TheCity","TheBeyond"],"potions_floor_usage":[5,6,16,16,21,22,33,33,33,50,50,50],"damage_taken":[{"damage":0,"enemies":"Jaw Worm","floor":1,"turns":1},{"damage":0,"enemies":"2 Louse","floor":2,"turns":1},{"damage":0,"enemies":"Small Slimes","floor":4,"turns":1},{"damage":12,"enemies":"Exordium Thugs","floor":5,"turns":4},{"damage":34,"enemies":"Lagavulin","floor":6,"turns":7},{"damage":14,"enemies":"Red Slaver","floor":12,"turns":2},{"damage":0,"enemies":"Large Slime","floor":14,"turns":3},{"damage":30,"enemies":"Fading Forest","floor":16,"turns":11},{"damage":11,"enemies":"Shell Parasite","floor":18,"turns":2},{"damage":23,"enemies":"2 Thieves","floor":21,"turns":2},{"damage":27,"enemies":"Snake Plant","floor":22,"turns":2},{"damage":16,"enemies":"3 Cultists","floor":24,"turns":3},{"damage":7,"enemies":"conspire:SneckoGhost","floor":25,"turns":3},{"damage":9,"enemies":"Centurion and Healer","floor":29,"turns":3},{"damage":0,"enemies":"Sentry and Sphere","floor":31,"turns":2},{"damage":3,"enemies":"Collector","floor":33,"turns":2},{"damage":0,"enemies":"3 Shapes","floor":35,"turns":2},{"damage":10,"enemies":"3 Darklings","floor":38,"turns":2},{"damage":0,"enemies":"Sphere and 2 Shapes","floor":39,"turns":3},{"damage":27,"enemies":"2 Orb Walkers","floor":41,"turns":2},{"damage":52,"enemies":"Writhing Mass","floor":44,"turns":3},{"damage":21,"enemies":"Maw","floor":45,"turns":3},{"damage":74,"enemies":"hubris:GrandSnecko","floor":50,"turns":5}],"seed_played":"8494325800691405474","potions_obtained":[{"floor":4,"key":"blueLaboratory:FruitPunch"},{"floor":5,"key":"blueLaboratory:HorrorPotion"},{"floor":6,"key":"Fire Potion"},{"floor":14,"key":"blueLaboratory:IronCompound"},{"floor":16,"key":"blueLaboratory:EnragingPotion"},{"floor":21,"key":"LiquidBronze"},{"floor":24,"key":"blueLaboratory:SmithPotion"},{"floor":25,"key":"Energy Potion"},{"floor":29,"key":"Slimebound:ThreeZeroPotion"},{"floor":38,"key":"Reflective Coating"},{"floor":39,"key":"champ:CounterPotion"}],"is_trial":false,"path_per_floor":["M","M","?","M","M","E","R","?","T","?","$","M","R","M","R","B",null,"M","?","$","M","M","R","M","E","T","?","R","M","R","M","R","B",null,"M","$","?","M","M","R","?","R","T","M","M","$","?","?","R","B",null],"character_chosen":"IRONCLAD","items_purchased":["Brimstone","Gremlin Food","Feel No Pain","Feel No Pain","Panache","FearPotion","PowerPotion"],"campfire_rested":4,"item_purchase_floors":[11,20,46,46,46,46,46],"current_hp_per_floor":[80,80,80,80,76,48,72,72,72,72,72,64,64,70,70,72,82,77,82,82,65,44,68,58,57,57,57,81,78,78,82,82,82,82,82,82,82,78,82,82,61,82,82,36,21,21,21,82,82,14],"gold":26,"neow_bonus":"THREE_ENEMY_KILL","is_daily":false,"chose_seed":false,"campfire_upgraded":3,"win_rate":0.0,"timestamp":1612172683,"path_taken":["M","M","?","M","M","E","R","?","T","?","$","M","R","M","R","BOSS","M","?","$","M","?","R","M","E","T","?","R","M","R","M","R","BOSS","M","$","?","M","M","R","?","R","T","M","M","$","?","?","R","BOSS"],"items_purchased_type":["Relic","Relic","Card","Card","Card","Potion","Potion"],"build_version":"2020-12-22","purchased_purges":1,"victory":true,"max_hp_per_floor":[80,80,80,80,82,82,82,82,82,82,82,82,82,82,82,82,82,82,82,82,82,82,82,82,82,82,82,82,82,82,82,82,82,82,82,82,82,82,82,82,82,82,82,82,82,82,82,82,82,82],"card_choices":[{"not_picked":["Defy Death","Anger"],"picked":"Replay:Undeath\u0027s Touch","floor":1},{"not_picked":["Abandon","Combust","Shrug It Off"],"picked":"SKIP","floor":2},{"not_picked":["hubris:CleavingFinish","Clash","StuffTheSpire:RagingBull"],"picked":"SKIP","floor":4},{"not_picked":["Wild Strike","Whirlwind","Clothesline"],"picked":"SKIP","floor":5},{"not_picked":["hubris:ReadiedAction","Battle Trance","Havoc"],"picked":"SKIP","floor":6},{"not_picked":["Pommel Strike","ReplayTheSpireMod:LeadingStrike","conspire:Charge"],"picked":"SKIP","floor":12},{"not_picked":["Thunderclap","Clash","StuffTheSpire:RockThrow"],"picked":"SKIP","floor":14},{"not_picked":["Reaper","StuffTheSpire:TitanForm"],"picked":"Replay:Many Hands","floor":16},{"not_picked":["ReplayTheSpireMod:Strike From Hell","Clothesline","StuffTheSpire:RockThrow"],"picked":"SKIP","floor":18},{"not_picked":["Pommel Strike+1","StuffTheSpire:BloodClot+1"],"picked":"Replay:Undeath\u0027s Touch","floor":21},{"not_picked":["Hemokinesis","True Grit"],"picked":"Replay:Undeath\u0027s Touch","floor":21},{"not_picked":["Reckless Charge","Run Through","Ghostly Armor"],"picked":"SKIP","floor":22},{"not_picked":["Berserk","Anger+1"],"picked":"Sword Boomerang","floor":24},{"not_picked":["Searing Blow","Shockwave+1","Uppercut"],"picked":"SKIP","floor":25},{"not_picked":["Twin Strike","Clash","Clothesline"],"picked":"SKIP","floor":29},{"not_picked":["Abandon","Clothesline","Warcry"],"picked":"SKIP","floor":31},{"not_picked":["Demon Form","Juggernaut"],"picked":"Immolate","floor":33},{"not_picked":["Pommel Strike","Dropkick","Whirlwind"],"picked":"SKIP","floor":35},{"not_picked":["Power Through+1","ReplayTheSpireMod:Strike From Hell"],"picked":"Replay:Undeath\u0027s Touch+1","floor":38},{"not_picked":["Flex","Disarm+1","hubris:ReadiedAction"],"picked":"SKIP","floor":39},{"not_picked":["hubris:ReadiedAction+1","Sword Boomerang"],"picked":"Replay:Undeath\u0027s Touch","floor":41},{"not_picked":["Shockwave+1","StuffTheSpire:Incineration","Flex"],"picked":"SKIP","floor":44},{"not_picked":["Immolate","Cleave+1","StuffTheSpire:Incineration+1"],"picked":"SKIP","floor":45}],"player_experience":950815,"relics_obtained":[{"floor":6,"key":"Dream Catcher"},{"floor":9,"key":"Bag of Preparation"},{"floor":25,"key":"Akabeko"},{"floor":26,"key":"hubris:MysteriousPyramids"},{"floor":41,"key":"hubris:CuriousFeather"},{"floor":43,"key":"The Courier"}],"event_choices":[{"cards_removed":["Replay:Undeath\u0027s Touch"],"damage_healed":0,"gold_gain":0,"player_choice":"Take \u0026 Give","damage_taken":0,"max_hp_gain":0,"max_hp_loss":0,"event_name":"betterNote:BetterNote","floor":10,"gold_loss":0,"cards_obtained":["Prepared"]},{"damage_healed":0,"gold_gain":0,"player_choice":"Upgrade","damage_taken":0,"max_hp_gain":0,"max_hp_loss":0,"event_name":"Designer","floor":27,"gold_loss":40,"cards_upgraded":["Replay:Many Hands"]},{"cards_removed":["Defend_R"],"damage_healed":0,"gold_gain":0,"player_choice":"Removed Skill","damage_taken":0,"max_hp_gain":0,"max_hp_loss":0,"event_name":"Falling","floor":37,"gold_loss":0},{"damage_healed":0,"gold_gain":0,"player_choice":"Fight","damage_taken":0,"max_hp_gain":0,"max_hp_loss":0,"event_name":"Mysterious Sphere","floor":41,"gold_loss":0},{"damage_healed":0,"gold_gain":0,"player_choice":"Memory 1","damage_taken":0,"max_hp_gain":0,"max_hp_loss":0,"event_name":"SensoryStone","floor":47,"gold_loss":0},{"damage_healed":61,"gold_gain":0,"player_choice":"Heal","damage_taken":0,"max_hp_gain":0,"max_hp_loss":0,"event_name":"MindBloom","floor":48,"gold_loss":0,"cards_obtained":["Doubt"]}],"is_beta":false,"boss_relics":[{"not_picked":["Replay:Bronze Core","SlaversCollar"],"picked":"energizedSpire:CursedPentagram"},{"not_picked":["CCEMRelics:GreenEgg","ChewingGum"],"picked":"hubris:Backtick"}],"items_purged_floors":[46],"is_endless":false,"potions_floor_spawned":[4,5,14,16,21,24,25,29,38,39],"ascension_level":0}}