{"host":"2x189hkb4impm2gi","time":1612141378,"event":{"mods":["BaseMod","Colored Map","Colored Powertips","Minty Spire (QoL Compilation)"],"gold_per_floor":[116,135,135,135,152,180,191,191,191,204,204,222,222,222],"floor_reached":13,"language":"ENG","playtime":755,"items_purged":[],"score":87,"play_id":"f1b37f99-b566-490a-abe7-966cb7c0d614","local_time":"20210131200258","is_ascension_mode":false,"campfire_choices":[{"data":"Chill","floor":8,"key":"SMITH"},{"floor":11,"key":"REST"}],"circlet_count":0,"master_deck":["Strike_B","Strike_B","Strike_B","Strike_B","Defend_B","Defend_B","Defend_B","Defend_B","Zap","Dualcast","Auto Shields","Double Energy","Pain","Sweeping Beam","Chill+1","Static Discharge","Redo","Heatsinks"],"relics":["Philosopher\u0027s Stone","WarpedTongs","Molten Egg 2","Torii"],"acts_visited":["Exordium"],"potions_floor_usage":[6,6,13],"damage_taken":[{"damage":0,"enemies":"Jaw Worm","floor":1,"turns":3},{"damage":0,"enemies":"2 Louse","floor":2,"turns":3},{"damage":4,"enemies":"Cultist","floor":5,"turns":4},{"damage":24,"enemies":"3 Sentries","floor":6,"turns":9},{"damage":24,"enemies":"Gremlin Gang","floor":7,"turns":4},{"damage":7,"enemies":"Looter","floor":10,"turns":4},{"damage":2,"enemies":"Blue Slaver","floor":12,"turns":5},{"damage":36,"enemies":"Gremlin Nob","floor":13,"turns":4}],"seed_played":"-3584067442950362345","potions_obtained":[{"floor":2,"key":"PowerPotion"},{"floor":5,"key":"DistilledChaos"},{"floor":10,"key":"Strength Potion"}],"is_trial":false,"path_per_floor":["M","M","?","?","M","E","M","R","T","M","R","M","E"],"character_chosen":"DEFECT","items_purchased":[],"campfire_rested":1,"item_purchase_floors":[],"current_hp_per_floor":[75,75,75,75,71,47,23,23,23,16,38,36,0,0],"gold":222,"neow_bonus":"BOSS_RELIC","is_daily":false,"chose_seed":false,"campfire_upgraded":1,"win_rate":0.0,"timestamp":1612141378,"path_taken":["M","M","?","?","M","E","?","R","T","M","R","M","E"],"items_purchased_type":[],"build_version":"2020-12-22","purchased_purges":0,"victory":false,"max_hp_per_floor":[75,75,75,75,75,75,75,75,75,75,75,75,75,75],"card_choices":[{"not_picked":["Go for the Eyes","Rebound"],"picked":"Auto Shields","floor":1},{"not_picked":["Redo","Reprogram"],"picked":"Double Energy","floor":2},{"not_picked":["Storm","Leap"],"picked":"Sweeping Beam","floor":5},{"not_picked":["Stack","Hello World"],"picked":"Chill","floor":6},{"not_picked":["Redo","Cold Snap+1"],"picked":"Static Discharge","floor":7},{"not_picked":["Rebound+1","Force Field"],"picked":"Redo","floor":10},{"not_picked":["Tempest","Go for the Eyes+1"],"picked":"Heatsinks","floor":12}],"player_experience":26910,"relics_obtained":[{"floor":6,"key":"Molten Egg 2"},{"floor":9,"key":"Torii"}],"event_choices":[{"damage_healed":0,"gold_gain":0,"player_choice":"Leave","damage_taken":0,"max_hp_gain":0,"max_hp_loss":0,"event_name":"The Cleric","floor":3,"gold_loss":0},{"damage_healed":0,"gold_gain":0,"player_choice":"Rummage","damage_taken":0,"relics_obtained":["WarpedTongs"],"max_hp_gain":0,"max_hp_loss":0,"event_name":"Accursed Blacksmith","floor":4,"gold_loss":0,"cards_obtained":["Pain"]}],"is_beta":false,"boss_relics":[],"items_purged_floors":[],"is_endless":false,"potions_floor_spawned":[2,5,10],"killed_by":"Gremlin Nob","ascension_level":0}}