{"host":"6gnv7me3tk2udb7q","time":1612207844,"event":{"mods":["BaseMod","Bestiary","Colored Map","Minty Spire (QoL Compilation)"],"gold_per_floor":[119,131,142,317,327,327,362,362,388,413,426,18,52,23,23,128,128,144,144,158,257,257,287,287,314,314,314,334,334,366,291,291,388,388,408,408,51,65,65,65],"floor_reached":39,"language":"ENG","playtime":2078,"items_purged":["Doubt","Reflex"],"score":745,"play_id":"85f2f778-39a0-4bb2-918d-63e6f6f9e3d9","local_time":"20210201143044","is_ascension_mode":true,"campfire_choices":[{"data":"Skewer","floor":6,"key":"SMITH"},{"data":"Venomology","floor":8,"key":"SMITH"},{"floor":15,"key":"REST"},{"floor":24,"key":"REST"},{"data":"Bouncing Flask","floor":27,"key":"SMITH"},{"floor":32,"key":"REST"}],"circlet_count":0,"master_deck":["AscendersBane","Survivor","Neutralize","Venomology+1","Flechettes","Skewer+1","Flechettes","Backstab","Noxious Fumes","Poisoned Stab","Blade Dance","Flying Knee","Leg Sweep","Bouncing Flask+1","After Image","Acrobatics","Ghostly","Ghostly","Ghostly","Ghostly","Ghostly","Deadly Poison+1","Necronomicurse","Cloak And Dagger+1","J.A.X.","Malaise","Burst","Burst","Die Die Die","Heel Hook","Slice","Footwork","Noxious Fumes","Crippling Poison"],"relics":["Ring of the Snake","Bronze Scales","Centennial Puzzle","MealTicket","Paper Crane","Mango","Philosopher\u0027s Stone","Necronomicon","Oddly Smooth Stone","Singing Bowl","Lizard Tail","Bottled Lightning","Pandora\u0027s Box","OrangePellets"],"acts_visited":["Exordium","TheCity","TheBeyond"],"potions_floor_usage":[3,5,5,7,11,11,11,13,23,23,25,28,30,33,33,38,39,39,39],"damage_taken":[{"damage":2,"enemies":"Jaw Worm","floor":1,"turns":5},{"damage":0,"enemies":"Small Slimes","floor":2,"turns":3},{"damage":3,"enemies":"2 Louse","floor":3,"turns":2},{"damage":0,"enemies":"2 Fungi Beasts","floor":5,"turns":2},{"damage":24,"enemies":"Gremlin Nob","floor":7,"turns":4},{"damage":16,"enemies":"3 Sentries","floor":10,"turns":8},{"damage":7,"enemies":"Large Slime","floor":11,"turns":4},{"damage":16,"enemies":"Gremlin Nob","floor":13,"turns":3},{"damage":18,"enemies":"The Guardian","floor":16,"turns":9},{"damage":14,"enemies":"Spheric Guardian","floor":18,"turns":4},{"damage":2,"enemies":"Shell Parasite","floor":20,"turns":4},{"damage":0,"enemies":"Slavers","floor":23,"turns":6},{"damage":3,"enemies":"Gremlin Leader","floor":25,"turns":8},{"damage":3,"enemies":"Chosen and Byrds","floor":28,"turns":6},{"damage":8,"enemies":"Slavers","floor":30,"turns":4},{"damage":48,"enemies":"Automaton","floor":33,"turns":7},{"damage":52,"enemies":"3 Darklings","floor":35,"turns":6},{"damage":7,"enemies":"3 Shapes","floor":38,"turns":4},{"damage":28,"enemies":"Spire Growth","floor":39,"turns":4}],"seed_played":"3325660066117733137","potions_obtained":[{"floor":2,"key":"Energy Potion"},{"floor":7,"key":"Explosive Potion"},{"floor":11,"key":"FairyPotion"},{"floor":28,"key":"FearPotion"},{"floor":33,"key":"LiquidBronze"}],"is_trial":false,"path_per_floor":["M","M","M","?","M","R","E","R","T","E","M","$","E","?","R","B",null,"M","?","M","?","?","E","R","E","T","R","M","?","E","?","R","B",null,"M","?","$","M","M"],"character_chosen":"THE_SILENT","items_purchased":["Paper Crane","Leg Sweep","OrangePellets","Noxious Fumes","Crippling Poison"],"campfire_rested":3,"item_purchase_floors":[12,12,37,37,37],"current_hp_per_floor":[61,61,58,58,58,58,34,34,34,18,11,26,24,24,47,29,65,51,38,36,36,20,20,31,30,30,30,27,27,19,19,31,12,33,12,12,27,22,0,0],"gold":65,"neow_bonus":"TRANSFORM_TWO_CARDS","is_daily":false,"chose_seed":false,"campfire_upgraded":3,"win_rate":0.0,"timestamp":1612207844,"path_taken":["M","M","M","?","M","R","E","R","T","E","M","$","E","?","R","BOSS","M","?","M","?","?","E","R","E","T","R","M","?","E","?","R","BOSS","M","?","$","M","M"],"items_purchased_type":["Relic","Card","Relic","Card","Card"],"build_version":"2020-12-22","purchased_purges":2,"victory":false,"max_hp_per_floor":[63,63,63,63,63,63,63,63,63,63,63,63,77,77,77,77,77,77,38,38,38,38,38,38,40,40,40,40,40,40,40,40,40,40,42,42,42,44,44,44],"card_choices":[{"not_picked":["Dagger Spray","Slice"],"picked":"Skewer","floor":1},{"not_picked":["Deflect","Dodge and Roll"],"picked":"Flechettes","floor":2},{"not_picked":["Riddle With Holes","Reflex"],"picked":"Backstab","floor":3},{"not_picked":["Well Laid Plans","Accuracy"],"picked":"Noxious Fumes","floor":5},{"not_picked":["Cloak And Dagger","Reflex"],"picked":"Poisoned Stab","floor":7},{"not_picked":["Flying Knee","Wraith Form v2"],"picked":"Blade Dance","floor":10},{"not_picked":["Flechettes","Bane"],"picked":"Flying Knee","floor":11},{"not_picked":["Backflip","Flying Knee"],"picked":"Bouncing Flask","floor":13},{"not_picked":["Adrenaline","Wraith Form v2"],"picked":"After Image","floor":16},{"not_picked":["Cloak And Dagger","Deadly Poison"],"picked":"Acrobatics","floor":18},{"not_picked":["Blade Dance","Underhanded Strike"],"picked":"Deadly Poison+1","floor":20},{"not_picked":["Concentrate+1","Slice+1","Riddle With Holes"],"picked":"SKIP","floor":23},{"not_picked":["Flechettes","Sucker Punch+1","Deadly Poison"],"picked":"Singing Bowl","floor":25},{"not_picked":["Poisoned Stab","Infinite Blades+1"],"picked":"Cloak And Dagger+1","floor":28},{"not_picked":["Dagger Throw","Slice"],"picked":"Malaise","floor":30},{"not_picked":["Grand Finale","Glass Knife"],"picked":"Burst","floor":33},{"not_picked":["Cloak And Dagger","Well Laid Plans+1","Eviscerate+1"],"picked":"Singing Bowl","floor":35},{"not_picked":["Crippling Poison+1","Accuracy","Acrobatics"],"picked":"Singing Bowl","floor":38}],"player_experience":696307,"relics_obtained":[{"floor":7,"key":"Bronze Scales"},{"floor":9,"key":"Centennial Puzzle"},{"floor":10,"key":"MealTicket"},{"floor":13,"key":"Mango"},{"floor":22,"key":"Necronomicon"},{"floor":23,"key":"Oddly Smooth Stone"},{"floor":25,"key":"Singing Bowl"},{"floor":26,"key":"Lizard Tail"},{"floor":30,"key":"Bottled Lightning"}],"event_choices":[{"damage_healed":0,"gold_gain":175,"player_choice":"AGREE","damage_taken":0,"max_hp_gain":0,"max_hp_loss":0,"event_name":"Liars Game","floor":4,"gold_loss":0,"cards_obtained":["Doubt"]},{"damage_healed":0,"gold_gain":0,"player_choice":"Left Gold","damage_taken":0,"max_hp_gain":0,"max_hp_loss":0,"event_name":"World of Goop","floor":14,"gold_loss":29},{"damage_healed":0,"gold_gain":0,"player_choice":"Became a Ghost","damage_taken":0,"max_hp_gain":0,"max_hp_loss":39,"event_name":"Ghosts","floor":19,"gold_loss":0,"cards_obtained":["Ghostly","Ghostly","Ghostly","Ghostly","Ghostly"]},{"damage_healed":0,"gold_gain":99,"player_choice":"Stole From Cult","damage_taken":0,"max_hp_gain":0,"max_hp_loss":0,"event_name":"Nest","floor":21,"gold_loss":0},{"damage_healed":0,"gold_gain":0,"player_choice":"Obtained Book","damage_taken":16,"max_hp_gain":0,"max_hp_loss":0,"event_name":"Cursed Tome","floor":22,"gold_loss":0},{"damage_healed":0,"gold_gain":0,"player_choice":"Obtain J.A.X.","damage_taken":0,"max_hp_gain":0,"max_hp_loss":0,"event_name":"Drug Dealer","floor":29,"gold_loss":0,"cards_obtained":["J.A.X."]},{"cards_removed":["Strike_G"],"damage_healed":0,"gold_gain":0,"player_choice":"Gave Gold","damage_taken":0,"max_hp_gain":0,"max_hp_loss":0,"event_name":"Beggar","floor":31,"gold_loss":75},{"cards_removed":["Infinite Blades"],"damage_healed":0,"gold_gain":0,"player_choice":"Removed Power","damage_taken":0,"max_hp_gain":0,"max_hp_loss":0,"event_name":"Falling","floor":36,"gold_loss":0}],"is_beta":false,"boss_relics":[{"not_picked":["Tiny House","Runic Pyramid"],"picked":"Philosopher\u0027s Stone"},{"not_picked":["SlaversCollar","Ring of the Serpent"],"picked":"Pandora\u0027s Box"}],"items_purged_floors":[12,37],"is_endless":false,"potions_floor_spawned":[2,3,7,11,28,30,33,38],"killed_by":"Spire Growth","ascension_level":10}}