{"host":"takgv9cv6xf64vhq","time":1612156151,"event":{"mods":["BaseMod","Colored Powertips","Conspire","Decade(王小明)","Downfall","Energized Spire","Hermit","Hubris","LagranYue(拉格朗・月)","Marisa（F雨　魔理沙）","Minty Spire (QoL Compilation)","Replay The Spire","StSLib","The Cursed","The Hierophant","The Jungle","The Servant 0.9.4","TheHeartMod"],"gold_per_floor":[119,119,119,131,142,142,142,153,207,207,237,17,17,28,28,128,128,140,100,0,20,36,36,51,51,51],"floor_reached":25,"language":"ZHS","playtime":1349,"items_purged":["Pain","Regret"],"score":290,"play_id":"3f64ac66-1273-4c8e-b8d2-7de5a4181ccc","local_time":"20210201130911","is_ascension_mode":true,"campfire_choices":[{"data":"Neutralize","floor":6.0,"key":"SMITH"},{"data":"Concentrate","floor":10.0,"key":"SMITH"},{"data":"Tools of the Trade","floor":15.0,"key":"SMITH"},{"data":"Burst","floor":23.0,"key":"SMITH"}],"circlet_count":0,"master_deck":["AscendersBane","Strike_G","Strike_G","Strike_G","Strike_G","Defend_G","Defend_G","Defend_G","Defend_G","Defend_G","Survivor","Neutralize+1","AbeCurse","ReplayTheSpireMod:Exploit Weakness","Replay:Poison Smokescreen","Concentrate+1","Tools of the Trade+1","Burst+1","Blade Dance+1","All Out Attack","ReplayTheSpireMod:Speed Training","Dagger Throw"],"relics":["Abe\u0027s Treasure","WarpedTongs","Potion Belt","Art of War","Mercury Hourglass","Sling","hubris:Teleporter","conspire:SpecialSausage"],"acts_visited":["Exordium","TheCity"],"potions_floor_usage":[25,25],"damage_taken":[{"damage":7.0,"enemies":"Small Slimes","floor":1.0,"turns":5.0},{"damage":4.0,"enemies":"Cultist","floor":4.0,"turns":5.0},{"damage":2.0,"enemies":"2 Louse","floor":5.0,"turns":4.0},{"damage":9.0,"enemies":"Blue Slaver","floor":8.0,"turns":4.0},{"damage":2.0,"enemies":"2 Fungi Beasts","floor":14.0,"turns":4.0},{"damage":33.0,"enemies":"The Guardian","floor":16.0,"turns":13.0},{"damage":24.0,"enemies":"Chosen","floor":18.0,"turns":7.0},{"damage":0.0,"enemies":"3 Byrds","floor":21.0,"turns":5.0},{"damage":0.0,"enemies":"Snake Plant","floor":22.0,"turns":4.0},{"damage":7.0,"enemies":"Centurion and Healer","floor":24.0,"turns":8.0},{"damage":17,"enemies":"Gremlin Leader","floor":25,"turns":4}],"seed_played":"-3149478193892123871","potions_obtained":[{"floor":1.0,"key":"Poison Potion"},{"floor":5.0,"key":"Energy Potion"},{"floor":16.0,"key":"Explosive Potion"},{"floor":19.0,"key":"Reflective Coating"},{"floor":19.0,"key":"LifebloodPotion"},{"floor":19.0,"key":"Languid Potion"},{"floor":24.0,"key":"AttackPotion"}],"is_trial":false,"path_per_floor":["M","?","?","M","M","R","?","M","T","R","?","$","?","M","R","B",null,"M","?","$","M","M","R","M","E"],"character_chosen":"THE_SILENT","items_purchased":["Sling"],"campfire_rested":0,"item_purchase_floors":[12],"current_hp_per_floor":[56,56,56,52,50,50,50,41,41,41,41,41,41,39,39,6,54,30,30,30,30,30,30,23,6,6],"gold":51,"neow_bonus":"BOSS_RELIC","is_daily":false,"chose_seed":false,"campfire_upgraded":4,"win_rate":0.0,"timestamp":1612156151,"path_taken":["M","?","?","M","?","R","?","M","T","R","?","?","?","?","R","BOSS","M","?","?","?","M","R","M","E"],"items_purchased_type":["Relic"],"build_version":"2020-12-22","purchased_purges":2,"victory":false,"max_hp_per_floor":[70,70,70,70,70,70,70,70,70,70,70,70,70,70,70,70,70,70,70,70,70,70,70,70,70,70],"card_choices":[{"not_picked":["Choke","Bane"],"picked":"ReplayTheSpireMod:Exploit Weakness","floor":1.0},{"not_picked":["Underhanded Strike","Poisoned Stab"],"picked":"Replay:Poison Smokescreen","floor":4.0},{"not_picked":["Flying Knee","Blade Dance"],"picked":"Poisoned Stab","floor":5.0},{"not_picked":["hubris:SlightOfHand","hubris:Sniper"],"picked":"Concentrate","floor":8.0},{"not_picked":["Flechettes","Accuracy"],"picked":"Tools of the Trade","floor":14.0},{"not_picked":["ReplayTheSpireMod:Necrosis","Glass Knife"],"picked":"Burst","floor":16.0},{"not_picked":["Prepared+1","Masterful Stab"],"picked":"Blade Dance+1","floor":18.0},{"not_picked":["Quick Slash","Blade Dance"],"picked":"All Out Attack","floor":21.0},{"not_picked":["Calculated Gamble","Sucker Punch"],"picked":"ReplayTheSpireMod:Speed Training","floor":22.0},{"not_picked":["Prepared","Well Laid Plans"],"picked":"Dagger Throw","floor":24.0}],"player_experience":299454,"relics_obtained":[{"floor":9.0,"key":"Art of War"}],"event_choices":[{"damage_healed":0.0,"max_hp_gain":0.0,"max_hp_loss":0.0,"gold_gain":0.0,"event_name":"Accursed Blacksmith","player_choice":"Rummage","floor":3.0,"gold_loss":0.0,"damage_taken":0.0,"relics_obtained":["WarpedTongs"],"cards_obtained":["Pain"]},{"damage_healed":0.0,"max_hp_gain":0.0,"max_hp_loss":0.0,"gold_gain":0.0,"event_name":"Big Fish","player_choice":"Box","floor":7.0,"gold_loss":0.0,"damage_taken":0.0,"relics_obtained":["Potion Belt"],"cards_obtained":["Regret"]},{"damage_healed":0.0,"max_hp_gain":0.0,"max_hp_loss":0.0,"gold_gain":30.0,"event_name":"Dead Adventurer","player_choice":"Searched \u00272\u0027 times","floor":11.0,"gold_loss":0.0,"damage_taken":0.0,"relics_obtained":["Mercury Hourglass"]},{"cards_removed":["Poisoned Stab"],"damage_healed":0.0,"max_hp_gain":0.0,"max_hp_loss":0.0,"gold_gain":0.0,"event_name":"WeMeetAgain","player_choice":"Gave Card","floor":13.0,"gold_loss":0.0,"damage_taken":0.0,"relics_obtained":["hubris:Teleporter"]},{"damage_healed":0.0,"max_hp_gain":0.0,"max_hp_loss":0.0,"gold_gain":0.0,"event_name":"The Woman in Blue","player_choice":"Bought 3 Potions","floor":19.0,"gold_loss":0.0,"damage_taken":0.0}],"is_beta":false,"boss_relics":[{"not_picked":["Kintsugi","hubris:VirtuousBlindfold"],"picked":"conspire:SpecialSausage"}],"items_purged_floors":[12,20],"is_endless":false,"potions_floor_spawned":[1,5,16,24],"killed_by":"Gremlin Leader","ascension_level":10}}