{"host":"pcbz64t4k17ey4z1","time":1612217377,"event":{"mods":["2.2 Compatiblity","AchievementEnabler","Act Like it!","Aspiration","BaseMod","Beaked The Cultist","Better Match","Better Third Choice","BetterRewards","Card Forge","Colored Map","Colored Powertips","Conspire","Disable Question Mark Monsters","Fireblade Mod","Friendly Minions","Gensokyo","GifTheSpireLib","Glutton Mod","Googly Eyes","Gremlin Mod","Hermit","Hubris","Infinite Spire","Koishi","Marisa????????","Minty Spire (QoL Compilation)","Permanent Neow","Potionbrewer","Quick Restart","Random Character Button","Rare Cards Sparkle","Relic Filter","Replay The Spire","Robot Space Explorer","Shade Mod","Shop Mod","Spicy Shops","StSLib","Stuff the Spire","SuperFastMode","The Cursed","The Druid","The Gatherer","The Hierophant","The IronCluck","The Jungle","The Marked","The Runesmith","Virulent Crown","Waifu the Spire","Wandering Minibosses"],"gold_per_floor":[159,60,128,205,323,402,402,477,477,477,565,641,744,816,816,989,989,1077,1146,1146,1227,783,971,971,1084,1084,1192,1326,1421,1421,1431,1431,1694,1694,1795,1897,2044,2044,2138,2224,2224,2340,2393,2508,2638,2513,2715,2715,2715,2725,2725,2725,2139,2274,2319],"floor_reached":56,"language":"ENG","playtime":4089,"items_purged":["Strike_MRS","Strike_MRS+1"],"score":3475,"play_id":"25d30c29-7fe4-40a5-8431-3396ec6e7a3a","local_time":"20210201220937","is_ascension_mode":true,"campfire_choices":[{"data":"OortCloud","floor":7,"key":"SMITH"},{"floor":15,"key":"REST"},{"floor":30,"key":"RECALL"},{"floor":32,"key":"REST"},{"floor":41,"key":"REST"},{"data":"1","floor":49,"key":"LIFT"},{"data":"2","floor":52,"key":"LIFT"}],"circlet_count":0,"master_deck":["AscendersBane","WitchOfGreed+1","WitchOfGreed+1","MagicAbsorber+1","MagicAbsorber+1","EnergyFlow+1","StarBarrage+1","MilkyWay+1","OortCloud+1","MagicChant+1","GalacticHalo+1","BlazingStar+1","GasGiant+1","Acceleration+1","EnergyFlow+1","WitchLeyline+1","BlazingStar+1","MachineGunSpark+1","ShootingEcho+1","Acceleration+1","WitchOfGreed+1","Dramatic Entrance+1","MillisecondPulsars+1","MagicAbsorber+1","EarthLightRay+1","MagicAbsorber+1","OortCloud+1","Acceleration+1","CasketOfStar+1","Acceleration+1","EarthLightRay+1","EnergyFlow+1","WitchOfGreed+1","Singularity+1","Purity+1","PropBag+1","Panache+1","OrrerysSun+1","OortCloud+1"],"relics":["MiniHakkero","Hammer of Thor","Seething Fire","Anvil of the Gods","Replay:Bandana","ClockworkSouvenir","hubris:Potato","StuffTheSpire:PointBlank","StuffTheSpire:Nightcore","SimpleLauncher","StuffTheSpire:MayFlowers","Replay:Baseball","Juzu Bracelet","Replay:Towering Pillar of Hats","Whetstone","StuffTheSpire:GrapeVine","infinitespire:Beetle Shell","Replay:WaspNest","Ornamental Fan","Calipers","Honey Jar","wanderingMiniBosses:AbyssPearl","Lantern","BargainBundle","Guide Book","Incense Burner","Replay:Rubber Ducky","Pear","PreservedInsect","StuffTheSpire:Gunfinga","Fusion Hammer","aspiration:Lifesprig","Toy Ornithopter","Anchor","FossilizedHelix","Replay:Grab Bag","conspire:SlowCooker","beaked:SacredNecklace","Replay:Drink Me","ReplayTheSpireMod:Shallot","Art of War","aspiration:PocketMushroom","Girya","potionbrewer:Keyblade","Du-Vu Doll","Sling","aspiration:Nostalgia","TheCursedMod:BlackMagic101"],"acts_visited":["Exordium","TheCity","TheBeyond","TheEnding"],"potions_floor_usage":[5,6,8,8,16,16,21,25,27,28,29,33,35,37,42,44,45,50,50,55],"damage_taken":[{"damage":0,"enemies":"conspire:RoseBush","floor":1,"turns":3},{"damage":0,"enemies":"2 Louse","floor":3,"turns":8},{"damage":0,"enemies":"Cultist","floor":4,"turns":6},{"damage":0,"enemies":"Exordium Wildlife","floor":5,"turns":7},{"damage":5,"enemies":"Gremlin Nob","floor":6,"turns":5},{"damage":30,"enemies":"Gremlin Gang","floor":8,"turns":11},{"damage":24,"enemies":"3 Sentries","floor":11,"turns":8},{"damage":0,"enemies":"3 Louse","floor":12,"turns":8},{"damage":0,"enemies":"Replay:BlueRogue","floor":13,"turns":8},{"damage":2,"enemies":"Exordium Wildlife","floor":14,"turns":8},{"damage":22,"enemies":"Slime Boss","floor":16,"turns":9},{"damage":6,"enemies":"Shell Parasite","floor":18,"turns":6},{"damage":3,"enemies":"Spheric Guardian","floor":19,"turns":7},{"damage":1,"enemies":"Centurion and Healer","floor":21,"turns":5},{"damage":0,"enemies":"conspire:Head Lice","floor":23,"turns":7},{"damage":0,"enemies":"Book of Stabbing","floor":25,"turns":3},{"damage":0,"enemies":"conspire:Head Lice","floor":27,"turns":2},{"damage":0,"enemies":"3 Cultists","floor":28,"turns":4},{"damage":0,"enemies":"Gremlin Leader","floor":29,"turns":3},{"damage":0,"enemies":"Automaton","floor":33,"turns":6},{"damage":0,"enemies":"3 Shapes","floor":35,"turns":4},{"damage":0,"enemies":"Orb Walker","floor":36,"turns":3},{"damage":9,"enemies":"Jaw Worm Horde","floor":37,"turns":4},{"damage":0,"enemies":"Maw","floor":39,"turns":4},{"damage":0,"enemies":"R_Hoarder","floor":40,"turns":4},{"damage":0,"enemies":"4 Shapes","floor":42,"turns":4},{"damage":0,"enemies":"Nemesis","floor":44,"turns":3},{"damage":0,"enemies":"Spire Growth","floor":45,"turns":5},{"damage":0,"enemies":"Giant Head","floor":47,"turns":3},{"damage":0,"enemies":"Time Eater","floor":50,"turns":4},{"damage":0,"enemies":"Shield and Spear","floor":54,"turns":4},{"damage":0,"enemies":"The Heart","floor":55,"turns":6}],"seed_played":"-3567045735000006702","potions_obtained":[{"floor":1,"key":"SteroidPotion"},{"floor":1,"key":"Regen Potion"},{"floor":5,"key":"ColorlessPotion"},{"floor":6,"key":"Energy Potion"},{"floor":8,"key":"Strength Potion"},{"floor":11,"key":"SteroidPotion"},{"floor":14,"key":"Strength Potion"},{"floor":16,"key":"potionbrewer:CleansingPotion"},{"floor":18,"key":"Energy Potion"},{"floor":19,"key":"BlessingOfTheForge"},{"floor":19,"key":"FearPotion"},{"floor":21,"key":"Block Potion"},{"floor":21,"key":"Weak Potion"},{"floor":23,"key":"Block Potion"},{"floor":23,"key":"Adrenaline Potion"},{"floor":23,"key":"GamblersBrew"},{"floor":23,"key":"potionbrewer:InfectionPotion"},{"floor":25,"key":"Weak Potion"},{"floor":25,"key":"SpeedPotion"},{"floor":25,"key":"potionbrewer:AcidPotion"},{"floor":27,"key":"Adrenaline Potion"},{"floor":27,"key":"Energy Potion"},{"floor":28,"key":"potionbrewer:DiscountPotion"},{"floor":28,"key":"potionbrewer:ToxicPotion"},{"floor":28,"key":"PowerPotion"},{"floor":28,"key":"DuplicationPotion"},{"floor":29,"key":"AttackPotion"},{"floor":29,"key":"Reflective Coating"},{"floor":33,"key":"Swift Potion"},{"floor":33,"key":"potionbrewer:EndurancePotion"},{"floor":33,"key":"Fire Potion"},{"floor":35,"key":"Block Potion"},{"floor":35,"key":"SkillPotion"},{"floor":35,"key":"Explosive Potion"},{"floor":36,"key":"SpeedPotion"},{"floor":36,"key":"Elixir"},{"floor":36,"key":"CultistPotion"},{"floor":37,"key":"potionbrewer:EndurancePotion"},{"floor":37,"key":"Toxic Potion"},{"floor":37,"key":"Toxic Potion"},{"floor":37,"key":"Block Potion"},{"floor":39,"key":"EssenceOfSteel"},{"floor":39,"key":"potionbrewer:DiscountPotion"},{"floor":39,"key":"Cursed Concoction"},{"floor":39,"key":"infinitespire:BlackPotion"},{"floor":40,"key":"ShroomBrew"},{"floor":40,"key":"conspire:TimeTravelPotion"},{"floor":40,"key":"Regen Potion"},{"floor":42,"key":"potionbrewer:SplittingPotion"},{"floor":42,"key":"potionbrewer:BoundlessPotion"},{"floor":42,"key":"Energy Potion"},{"floor":44,"key":"Strength Potion"},{"floor":44,"key":"SteroidPotion"},{"floor":44,"key":"SkillPotion"},{"floor":45,"key":"SteroidPotion"},{"floor":45,"key":"potionbrewer:NoxiousPotion"},{"floor":45,"key":"Strength Potion"},{"floor":45,"key":"ColorlessPotion"},{"floor":47,"key":"Adrenaline Potion"}],"is_trial":false,"path_per_floor":["M","$","M","M","M","E","R","M","T","?","E","M","E","M","R","B",null,"M","M","?","M","$","E","AVR","E","T","E","M","E","R","?","R","B",null,"M","M","M","?","M","E","R","M","T","E","M","?","E","$","R_BF","B",null,"R","$","E","B",null],"character_chosen":"MARISA","items_purchased":["WitchOfGreed","Replay:Bandana","ClockworkSouvenir","hubris:Potato","StuffTheSpire:PointBlank","SimpleLauncher","StuffTheSpire:MayFlowers","MagicAbsorber","EnergyFlow","Replay:Baseball","Juzu Bracelet","Fire Potion","MilkyWay","Lantern","BargainBundle","Guide Book","Incense Burner","Replay:Rubber Ducky","Pear","WitchOfGreed","Dramatic Entrance","potionbrewer:Keyblade","Du-Vu Doll","Sling","Panache","OrrerysSun","potionbrewer:QuicksilverPotion"],"campfire_rested":3,"item_purchase_floors":[0,0,0,0,0,0,0,0,0,0,0,0,2,22,22,22,22,22,22,22,22,48,53,53,53,53,53],"current_hp_per_floor":[63,63,69,70,70,65,65,62,62,28,10,16,22,26,47,31,60,57,59,59,58,68,73,73,73,73,73,80,80,80,80,80,80,60,60,60,60,60,60,60,60,60,60,60,60,60,60,50,50,60,60,60,60,60,60],"gold":2319,"neow_bonus":"","is_daily":false,"chose_seed":false,"campfire_upgraded":1,"win_rate":0.0,"timestamp":1612217377,"path_taken":["M","$","M","M","M","E","R","M","T","?","E","M","E","M","R","BOSS","M","M","?","M","$","E","AVR","E","T","E","M","E","R","?","R","BOSS","M","M","M","?","M","E","R","M","T","E","M","?","E","?","R_BF","BOSS","R","$","E","BOSS"],"items_purchased_type":["Card","Relic","Relic","Relic","Relic","Relic","Relic","Card","Card","Relic","Relic","Potion","Card","Relic","Relic","Relic","Relic","Relic","Relic","Card","Card","Relic","Relic","Relic","Card","Card","Potion"],"build_version":"2020-12-22","purchased_purges":2,"victory":true,"max_hp_per_floor":[70,70,70,70,70,70,70,70,70,70,70,70,70,70,70,70,70,70,70,70,70,80,80,80,80,80,80,80,80,80,80,80,80,60,60,60,60,60,60,60,60,60,60,60,60,60,60,60,60,60,60,60,60,60,60],"card_choices":[{"not_picked":["FairyDestructionRay","MilkyWay"],"picked":"StarBarrage","floor":1},{"not_picked":["MagicChant","GravityBeat"],"picked":"OortCloud","floor":3},{"not_picked":["GasGiant","ChargeUpSpray"],"picked":"MagicChant","floor":4},{"not_picked":["Occultation","SporeBomb"],"picked":"GalacticHalo","floor":5},{"not_picked":["GrandCross","ManaConvection"],"picked":"BlazingStar","floor":6},{"not_picked":["IllusionStar","OrrerysSun"],"picked":"GasGiant","floor":8},{"not_picked":["GravityBeat","SatelliteIllusion"],"picked":"Acceleration","floor":11},{"not_picked":["GravityBeat","ShootingEcho"],"picked":"EnergyFlow","floor":12},{"not_picked":["ShootingEcho","GrandCross","Orbital"],"picked":"SKIP","floor":13},{"not_picked":["SprinkleStarSeal","DoubleSpark"],"picked":"WitchLeyline","floor":14},{"not_picked":["StarDustReverie","CasketOfStar"],"picked":"BlazingStar","floor":16},{"not_picked":["MilkyWay+1","DC","SporeBomb"],"picked":"MachineGunSpark","floor":18},{"not_picked":["SporeBomb","ChargingUp","SprinkleStarSeal"],"picked":"ShootingEcho","floor":19},{"not_picked":["AlicesGift","BlazeAway","DC+1"],"picked":"Acceleration","floor":21},{"not_picked":["DarkMatter","ShootingEcho","WitchLeyline"],"picked":"MillisecondPulsars","floor":23},{"not_picked":["Orbital","Acceleration","MilkyWay"],"picked":"MagicAbsorber+1","floor":25},{"not_picked":["UnstableBomb","MilkyWay","ShootingEcho+1"],"picked":"EarthLightRay","floor":27},{"not_picked":["GravityBeat","IllusionStar","DarkSpark"],"picked":"MagicAbsorber","floor":28},{"not_picked":["UnstableBomb","AsteroidBelt","6A"],"picked":"OortCloud","floor":29},{"not_picked":["DarkMatter","6A","MilkyWay"],"picked":"Acceleration","floor":31},{"not_picked":["BigCrunch","MillisecondPulsars","StarDustReverie"],"picked":"CasketOfStar","floor":33},{"not_picked":["IllusionStar+1","6A","DC"],"picked":"Acceleration+1","floor":35},{"not_picked":["DarkMatter","EventHorizon+1","NonDirectionalLaser+1"],"picked":"GalacticHalo+1","floor":36},{"not_picked":["AsteroidBelt+1","6A+1","GravityBeat"],"picked":"EarthLightRay","floor":37},{"not_picked":["NonDirectionalLaser","DC","ShootTheMoon"],"picked":"EnergyFlow","floor":39},{"not_picked":["StarlightTyphoon","BigCrunch","ShootingEcho","Robbery+1"],"picked":"SKIP","floor":40},{"not_picked":["PowerUp","OpenUniverse","GrandCross","Robbery"],"picked":"SKIP","floor":42},{"not_picked":["GasGiant+1","SporeBomb","Acceleration"],"picked":"WitchOfGreed+1","floor":44},{"not_picked":["MilkyWay","MeteoricShower+1","IllusionStar"],"picked":"Singularity","floor":45},{"not_picked":["Replay:Bootleg Shield Generator+1","ReplayTheSpireMod:Uncanny Aura+1","PanicButton+1"],"picked":"Purity+1","floor":46},{"not_picked":["SprinkleStarSeal+1","FairyDestructionRay+1","Robbery+1"],"picked":"PropBag+1","floor":46},{"not_picked":["IllusionStar+1","GravityBeat","DC+1","PulseMagic"],"picked":"SKIP","floor":47},{"not_picked":["NonDirectionalLaser","MachineGunSpark","GalacticHalo+1"],"picked":"OortCloud","floor":54}],"player_experience":3397411,"relics_obtained":[{"floor":6,"key":"Whetstone"},{"floor":9,"key":"StuffTheSpire:GrapeVine"},{"floor":11,"key":"Ornamental Fan"},{"floor":13,"key":"Calipers"},{"floor":18,"key":"wanderingMiniBosses:AbyssPearl"},{"floor":23,"key":"PreservedInsect"},{"floor":25,"key":"aspiration:Lifesprig"},{"floor":27,"key":"Toy Ornithopter"},{"floor":29,"key":"Anchor"},{"floor":31,"key":"FossilizedHelix"},{"floor":40,"key":"ReplayTheSpireMod:Shallot"},{"floor":43,"key":"Art of War"},{"floor":44,"key":"aspiration:PocketMushroom"},{"floor":47,"key":"Girya"},{"floor":54,"key":"aspiration:Nostalgia"}],"event_choices":[{"damage_healed":0,"gold_gain":1,"player_choice":"Relic Relic ","damage_taken":34,"max_hp_gain":0,"max_hp_loss":0,"event_name":"betterThird:BetterScrap","floor":10,"gold_loss":0,"cards_obtained":["Entrench"]},{"cards_removed":["GalacticHalo"],"damage_healed":0,"gold_gain":0,"player_choice":"Removed Skill","damage_taken":0,"max_hp_gain":0,"max_hp_loss":0,"event_name":"Falling","floor":38,"gold_loss":0},{"damage_healed":0,"gold_gain":0,"player_choice":"2","damage_taken":0,"max_hp_gain":0,"max_hp_loss":0,"event_name":"betterMatch:BetterMatch","floor":46,"gold_loss":0,"cards_obtained":["betterMatch:ColorlessUncommonCard","betterMatch:UncommonCard"]}],"is_beta":false,"boss_relics":[{"not_picked":["ExperimentalFamiliar","aspiration:RitualDagger"],"picked":"Honey Jar"},{"not_picked":["BewitchedHakkero","StuffTheSpire:ModemDavis"],"picked":"Replay:Grab Bag"},{"not_picked":["Velvet Choker","ReplayTheSpireMod:Onyx Gauntlets"],"picked":"conspire:SlowCooker"},{"not_picked":["hubris:RunicObelisk","Cursed Key"],"picked":"beaked:SacredNecklace"},{"not_picked":["aspiration:RunicSpoon","Runic Pyramid"],"picked":"Replay:Drink Me"}],"items_purged_floors":[2,22],"is_endless":false,"potions_floor_spawned":[1,3,4,6,18,21,23,28,29,37,39,40,42,54],"ascension_level":15}}