{"host":"Kdaddybrian","time":1612143151,"event":{"mods":["AchievementEnabler","BaseMod","Bestiary","Colored Powertips","Minty Spire (QoL Compilation)","Potion Indicator Mod","Quick Restart","Rare Cards Sparkle","Relic Stats","StSLib","Uncapped"],"gold_per_floor":[109,4,4,21,35,60,60,76,76,76,90,124,124,185,185,283,283,296,308,308,321,52,52,52,52,52,52,77,77,103,103,103,207,207,227,242,54,104,115,115,140,156,210,210,286,326,356,432,432,432,432,432,2,2,2],"floor_reached":54,"language":"ENG","playtime":3604,"items_purged":["Strike_P","Strike_P"],"score":931,"play_id":"24bcc7be-6f14-492c-85ea-c59b9d8ee1b6","local_time":"20210131203231","is_ascension_mode":true,"campfire_choices":[{"floor":7.0,"key":"REST"},{"data":"Fasting2","floor":10.0,"key":"SMITH"},{"floor":15.0,"key":"REST"},{"floor":23.0,"key":"REST"},{"data":"Scrawl","floor":27.0,"key":"SMITH"},{"data":"Adaptation","floor":29.0,"key":"SMITH"},{"data":"Ghostly","floor":32.0,"key":"SMITH"},{"data":"Ghostly","floor":40.0,"key":"SMITH"},{"floor":49.0,"key":"RECALL"},{"data":"Ghostly","floor":52.0,"key":"SMITH"}],"circlet_count":0,"master_deck":["Strike_P","Strike_P","Defend_P","Defend_P","Defend_P","Defend_P","Eruption","Vigilance","BowlingBash","Adaptation+1","ThirdEye","FollowUp","DevaForm+1","Tantrum","Fasting2+1","EmptyMind","CutThroughFate","TalkToTheHand","Scrawl+1","SandsOfTime+1","Conclude","Writhe","DeceiveReality+1","BattleHymn","Shame","Study","FearNoEvil","Ghostly+1","Ghostly+1","Ghostly","Ghostly","Ghostly+1","Scrawl","LikeWater+1","Perseverance+1","Fasting2","Ragnarok","Wallop","Wish","ClearTheMind+1","Collect","Meditate","Meditate+1"],"relics":["PureWater","NeowsBlessing","Kunai","Dead Branch","StrikeDummy","Du-Vu Doll","Shuriken","Snecko Eye","Happy Flower","Oddly Smooth Stone","Question Card","Eternal Feather","Tiny Chest","Juzu Bracelet","SlaversCollar","PreservedInsect","Torii","Dream Catcher","Mummified Hand","Orichalcum","Ice Cream","Bottled Tornado"],"acts_visited":["Exordium","TheCity","TheBeyond","TheEnding"],"potions_floor_usage":[54],"damage_taken":[{"damage":0.0,"enemies":"Cultist","floor":1.0,"turns":1.0},{"damage":0.0,"enemies":"2 Louse","floor":4.0,"turns":1.0},{"damage":0.0,"enemies":"Small Slimes","floor":5.0,"turns":1.0},{"damage":47.0,"enemies":"Gremlin Nob","floor":6.0,"turns":4.0},{"damage":12.0,"enemies":"3 Louse","floor":8.0,"turns":2.0},{"damage":0.0,"enemies":"Blue Slaver","floor":11.0,"turns":2.0},{"damage":15.0,"enemies":"3 Sentries","floor":12.0,"turns":6.0},{"damage":18.0,"enemies":"Gremlin Nob","floor":14.0,"turns":4.0},{"damage":5.0,"enemies":"Slime Boss","floor":16.0,"turns":8.0},{"damage":0.0,"enemies":"Shell Parasite","floor":18.0,"turns":3.0},{"damage":27.0,"enemies":"2 Thieves","floor":19.0,"turns":4.0},{"damage":7.0,"enemies":"Centurion and Healer","floor":21.0,"turns":3.0},{"damage":19.0,"enemies":"Slavers","floor":28.0,"turns":3.0},{"damage":20.0,"enemies":"Book of Stabbing","floor":30.0,"turns":3.0},{"damage":26.0,"enemies":"Collector","floor":33.0,"turns":8.0},{"damage":0.0,"enemies":"3 Darklings","floor":35.0,"turns":2.0},{"damage":0.0,"enemies":"Orb Walker","floor":36.0,"turns":5.0},{"damage":1.0,"enemies":"Mind Bloom Boss Battle","floor":38.0,"turns":6.0},{"damage":0.0,"enemies":"Jaw Worm Horde","floor":39.0,"turns":4.0},{"damage":0.0,"enemies":"Giant Head","floor":41.0,"turns":5.0},{"damage":0.0,"enemies":"Spire Growth","floor":42.0,"turns":3.0},{"damage":0.0,"enemies":"3 Darklings","floor":46.0,"turns":4.0},{"damage":0.0,"enemies":"Reptomancer","floor":47.0,"turns":3.0},{"damage":22.0,"enemies":"2 Orb Walkers","floor":48.0,"turns":5.0},{"damage":7.0,"enemies":"Awakened One","floor":50.0,"turns":9.0},{"damage":43,"enemies":"Shield and Spear","floor":54,"turns":2}],"seed_played":"7560730830036636131","potions_obtained":[{"floor":1.0,"key":"Strength Potion"},{"floor":5.0,"key":"Dexterity Potion"},{"floor":6.0,"key":"Energy Potion"},{"floor":12.0,"key":"LiquidMemories"},{"floor":18.0,"key":"Explosive Potion"},{"floor":19.0,"key":"SpeedPotion"},{"floor":35.0,"key":"LiquidMemories"},{"floor":42.0,"key":"DuplicationPotion"},{"floor":48.0,"key":"GamblersBrew"}],"is_trial":false,"path_per_floor":["M","$","T","M","M","E","R","M","T","R","M","E","?","?","R","B",null,"M","M","?","M","$","R","?","?","T","R","E","R","E","?","R","B",null,"M","M","$","?","M","R","E","M","T","?","T","M","E","?","R","B",null,"R","$","E"],"character_chosen":"WATCHER","items_purchased":["Adaptation","ThirdEye","Oddly Smooth Stone","BattleHymn","PreservedInsect","Fasting2","Bottled Tornado","LiquidMemories"],"campfire_rested":3,"item_purchase_floors":[2,2,22,22,37,37,53,53],"current_hp_per_floor":[72,72,72,72,72,25,46,34,34,34,34,19,19,1,22,17,72,72,45,45,38,38,59,59,46,46,61,42,57,37,37,38,12,38,38,38,38,37,37,38,38,38,38,38,38,38,38,16,38,31,38,38,38,0,0],"gold":2,"neow_bonus":"THREE_ENEMY_KILL","is_daily":false,"chose_seed":false,"campfire_upgraded":6,"win_rate":0.0,"timestamp":1612143151,"path_taken":["M","$","?","M","M","E","R","M","T","R","M","E","?","?","R","BOSS","M","M","?","M","$","R","?","?","T","R","E","R","E","?","R","BOSS","M","M","$","?","M","R","E","M","T","?","?","M","E","?","R","BOSS","R","$","E"],"items_purchased_type":["Card","Card","Relic","Card","Relic","Card","Relic","Potion"],"build_version":"2020-12-18","purchased_purges":2,"victory":false,"max_hp_per_floor":[72,72,72,72,72,72,72,72,72,72,72,72,72,72,72,72,72,72,72,72,72,72,72,72,77,77,77,77,77,77,38,38,38,38,38,38,38,38,38,38,38,38,38,38,38,38,38,38,38,38,38,38,38,38,38],"relic_stats":{"Happy Flower":[21],"Torii":0,"counters":[26,101],"Dead Branch":[136],"Eternal Feather":54,"PreservedInsect":252,"Juzu Bracelet":0,"Orichalcum":[30],"Question Card":13,"Dream Catcher":0,"Shuriken":[40],"Mummified Hand":[31],"Snecko Eye":[146,134,149,130],"Tiny Chest":1,"Kunai":[45],"obtain_stats":[{"Ice Cream":48,"NeowsBlessing":0,"Happy Flower":20,"Torii":38,"Dead Branch":6,"Oddly Smooth Stone":22,"Eternal Feather":26,"PreservedInsect":37,"Juzu Bracelet":30,"Orichalcum":47,"Bottled Tornado":53,"Question Card":24,"Du-Vu Doll":12,"SlaversCollar":34,"Dream Catcher":41,"Shuriken":14,"Mummified Hand":45,"Snecko Eye":17,"Tiny Chest":28,"Kunai":3,"PureWater":0,"StrikeDummy":9},{"Ice Cream":24,"NeowsBlessing":0,"Happy Flower":11,"Torii":18,"Dead Branch":4,"Oddly Smooth Stone":12,"Eternal Feather":12,"PreservedInsect":17,"Juzu Bracelet":14,"Orichalcum":23,"Bottled Tornado":25,"Question Card":12,"Du-Vu Doll":7,"SlaversCollar":15,"Dream Catcher":20,"Shuriken":8,"Mummified Hand":21,"Snecko Eye":9,"Tiny Chest":13,"Kunai":1,"PureWater":0,"StrikeDummy":5},{"Ice Cream":90,"NeowsBlessing":0,"Happy Flower":36,"Torii":66,"Dead Branch":7,"Oddly Smooth Stone":39,"Eternal Feather":39,"PreservedInsect":60,"Juzu Bracelet":45,"Orichalcum":85,"Bottled Tornado":99,"Question Card":39,"Du-Vu Doll":17,"SlaversCollar":53,"Dream Catcher":75,"Shuriken":21,"Mummified Hand":78,"Snecko Eye":29,"Tiny Chest":42,"Kunai":1,"PureWater":0,"StrikeDummy":9}]},"card_choices":[{"not_picked":["Halt","Crescendo"],"picked":"BowlingBash","floor":1.0},{"not_picked":["SashWhip","ThirdEye"],"picked":"FollowUp","floor":4.0},{"not_picked":["JustLucky","Study"],"picked":"DevaForm","floor":5.0},{"not_picked":["LikeWater","EmptyFist"],"picked":"Tantrum","floor":6.0},{"not_picked":["ThirdEye","Prostrate"],"picked":"Fasting2","floor":8.0},{"not_picked":["Collect","BowlingBash"],"picked":"EmptyMind","floor":11.0},{"not_picked":["Prostrate","Evaluate"],"picked":"CutThroughFate","floor":12.0},{"not_picked":["WheelKick","WreathOfFlame"],"picked":"TalkToTheHand","floor":14.0},{"not_picked":["DevaForm","Brilliance"],"picked":"Scrawl","floor":16.0},{"not_picked":["FlurryOfBlows+1","Consecrate"],"picked":"SandsOfTime+1","floor":18.0},{"not_picked":["Crescendo","Pray"],"picked":"Conclude","floor":19.0},{"not_picked":["ThirdEye","BowlingBash"],"picked":"DeceiveReality+1","floor":21.0},{"not_picked":["Conclude","Weave","PathToVictory+1"],"picked":"Study","floor":28.0},{"not_picked":["Protect","PathToVictory","EmptyBody"],"picked":"FearNoEvil","floor":30.0},{"not_picked":["ConjureBlade","Alpha","MasterReality"],"picked":"Scrawl","floor":33.0},{"not_picked":["Consecrate","Crescendo","EmptyFist"],"picked":"LikeWater+1","floor":35.0},{"not_picked":["FlurryOfBlows+1","Vengeance+1","EmptyBody"],"picked":"Perseverance+1","floor":36.0},{"not_picked":["ReachHeaven","BowlingBash","Wallop+1"],"picked":"Ragnarok","floor":38.0},{"not_picked":["BowlingBash","Crescendo+1","Pray"],"picked":"Wallop","floor":39.0},{"not_picked":["PathToVictory+1","BowlingBash","Adaptation"],"picked":"Wish","floor":41.0},{"not_picked":["ThirdEye","BowlingBash+1","ReachHeaven+1"],"picked":"ClearTheMind+1","floor":42.0},{"not_picked":["Swivel+1","Adaptation","Crescendo+1"],"picked":"Collect","floor":46.0},{"not_picked":["Tantrum","ForeignInfluence+1","Evaluate"],"picked":"Meditate","floor":47.0},{"not_picked":["ForeignInfluence+1","PathToVictory+1","Consecrate+1"],"picked":"Meditate+1","floor":48.0}],"player_experience":2987420,"relics_obtained":[{"floor":3.0,"key":"Kunai"},{"floor":6.0,"key":"Dead Branch"},{"floor":9.0,"key":"StrikeDummy"},{"floor":12.0,"key":"Du-Vu Doll"},{"floor":14.0,"key":"Shuriken"},{"floor":26.0,"key":"Eternal Feather"},{"floor":28.0,"key":"Tiny Chest"},{"floor":30.0,"key":"Juzu Bracelet"},{"floor":38.0,"key":"Torii"},{"floor":41.0,"key":"Dream Catcher"},{"floor":45.0,"key":"Mummified Hand"},{"floor":47.0,"key":"Orichalcum"},{"floor":48.0,"key":"Ice Cream"}],"event_choices":[{"damage_healed":0.0,"max_hp_gain":0.0,"max_hp_loss":0.0,"gold_gain":0.0,"event_name":"Living Wall","player_choice":"Grow","floor":13.0,"gold_loss":0.0,"damage_taken":0.0,"cards_upgraded":["DevaForm"]},{"damage_healed":0.0,"max_hp_gain":0.0,"max_hp_loss":0.0,"gold_gain":0.0,"event_name":"Dead Adventurer","player_choice":"Searched \u00271\u0027 times","floor":14.0,"gold_loss":0.0,"damage_taken":0.0},{"damage_healed":0.0,"max_hp_gain":0.0,"max_hp_loss":0.0,"gold_gain":0.0,"event_name":"The Mausoleum","player_choice":"Opened","floor":20.0,"gold_loss":0.0,"damage_taken":0.0,"relics_obtained":["Happy Flower"],"cards_obtained":["Writhe"]},{"damage_healed":0.0,"max_hp_gain":0.0,"max_hp_loss":0.0,"gold_gain":0.0,"event_name":"Addict","player_choice":"Stole Relic","floor":24.0,"gold_loss":0.0,"damage_taken":0.0,"relics_obtained":["Question Card"],"cards_obtained":["Shame"]},{"damage_healed":0.0,"max_hp_gain":5.0,"max_hp_loss":0.0,"gold_gain":0.0,"event_name":"Forgotten Altar","player_choice":"Shed Blood","floor":25.0,"gold_loss":0.0,"damage_taken":18.0},{"damage_healed":0.0,"max_hp_gain":0.0,"max_hp_loss":39.0,"gold_gain":0.0,"event_name":"Ghosts","player_choice":"Became a Ghost","floor":31.0,"gold_loss":0.0,"damage_taken":0.0,"cards_obtained":["Ghostly","Ghostly","Ghostly","Ghostly","Ghostly"]},{"damage_healed":0.0,"max_hp_gain":0.0,"max_hp_loss":0.0,"gold_gain":0.0,"event_name":"MindBloom","player_choice":"Fight","floor":38.0,"gold_loss":0.0,"damage_taken":0.0},{"damage_healed":0.0,"max_hp_gain":0.0,"max_hp_loss":0.0,"gold_gain":0.0,"event_name":"SensoryStone","player_choice":"Memory 1","floor":44.0,"gold_loss":0.0,"damage_taken":0.0},{"damage_healed":0.0,"max_hp_gain":0.0,"max_hp_loss":0.0,"gold_gain":0.0,"event_name":"Mysterious Sphere","player_choice":"Fight","floor":48.0,"gold_loss":0.0,"damage_taken":0.0}],"is_beta":true,"boss_relics":[{"not_picked":["HolyWater","Busted Crown"],"picked":"Snecko Eye"},{"not_picked":["Astrolabe","Coffee Dripper"],"picked":"SlaversCollar"}],"items_purged_floors":[22,53],"is_endless":false,"potions_floor_spawned":[1,5,6,12,18,19,30,33,35,36,41,42,48],"killed_by":"Shield and Spear","ascension_level":3}}