{"host":"f0gpob8hq9vgebej","time":1612169890,"event":{"mods":["AchievementEnabler","BaseMod","Minty Spire (QoL Compilation)","Quick Restart","SuperFastMode"],"gold_per_floor":[14,14,29,48,60,60,74,74,126,136,152,152,152,186,186,186,260,260,275,215,215],"floor_reached":20,"language":"KOR","playtime":395,"items_purged":[],"score":355,"play_id":"22153bc9-d4ba-4268-ae87-a00d51775c29","local_time":"20210201175810","is_ascension_mode":true,"campfire_choices":[{"data":"Glass Knife","floor":6,"key":"SMITH"},{"data":"Choke","floor":8,"key":"SMITH"},{"data":"Blade Dance","floor":16,"key":"SMITH"}],"circlet_count":0,"master_deck":["AscendersBane","Strike_G","Strike_G","Strike_G","Strike_G","Defend_G","Defend_G","Defend_G","Defend_G","Defend_G","Survivor","Neutralize","Glass Knife+1","Choke+1","Reflex","Acrobatics","Blade Dance+1","Burst","Quick Slash","Blade Dance","Accuracy"],"relics":["Ring of the Snake","Oddly Smooth Stone","StrikeDummy","Runic Pyramid"],"acts_visited":["Exordium","TheCity"],"potions_floor_usage":[14,15],"damage_taken":[{"damage":2,"enemies":"Small Slimes","floor":1,"turns":5},{"damage":4,"enemies":"Cultist","floor":3,"turns":3},{"damage":1,"enemies":"Jaw Worm","floor":4,"turns":3},{"damage":0,"enemies":"2 Fungi Beasts","floor":5,"turns":4},{"damage":0,"enemies":"3 Louse","floor":7,"turns":3},{"damage":5,"enemies":"Looter","floor":10,"turns":3},{"damage":6,"enemies":"Blue Slaver","floor":11,"turns":4},{"damage":0,"enemies":"Gremlin Nob","floor":14,"turns":2},{"damage":0,"enemies":"Exordium Thugs","floor":15,"turns":2},{"damage":27,"enemies":"Slime Boss","floor":17,"turns":11},{"damage":26,"enemies":"Shell Parasite","floor":19,"turns":5},{"damage":27,"enemies":"2 Thieves","floor":20,"turns":3}],"seed_played":"-4758726438873493634","potions_obtained":[{"floor":1,"key":"SmokeBomb"},{"floor":2,"key":"DuplicationPotion"}],"is_trial":false,"path_per_floor":["M","?","M","M","M","R","M","R","T","M","M","M","?","E","M","R","B",null,"M","M"],"character_chosen":"THE_SILENT","items_purchased":[],"campfire_rested":0,"item_purchase_floors":[],"current_hp_per_floor":[57,57,53,52,52,52,52,52,52,47,41,41,34,34,34,34,7,51,25,0,0],"gold":215,"neow_bonus":"THREE_RARE_CARDS","is_daily":false,"chose_seed":false,"campfire_upgraded":3,"win_rate":0.0,"timestamp":1612169890,"path_taken":["M","?","M","M","?","R","M","R","T","M","M","M","?","E","M","R","BOSS","M","M"],"items_purchased_type":[],"build_version":"2020-12-22","purchased_purges":0,"victory":false,"max_hp_per_floor":[66,66,66,66,66,66,66,66,66,66,66,66,66,66,66,66,66,66,66,66,66],"card_choices":[{"not_picked":["Grand Finale","Burst"],"picked":"Glass Knife","floor":0},{"not_picked":["Cloak And Dagger","Deadly Poison"],"picked":"Choke","floor":1},{"not_picked":["Terror","Backstab"],"picked":"Reflex","floor":3},{"not_picked":["Underhanded Strike","Quick Slash"],"picked":"Acrobatics","floor":4},{"not_picked":["Deflect","PiercingWail"],"picked":"Blade Dance","floor":5},{"not_picked":["Endless Agony","Slice"],"picked":"Burst","floor":7},{"not_picked":["Backstab","Terror","Cloak And Dagger"],"picked":"SKIP","floor":10},{"not_picked":["Acrobatics","Footwork"],"picked":"Quick Slash","floor":11},{"not_picked":["Bullet Time","Dagger Spray"],"picked":"Blade Dance","floor":14},{"not_picked":["Setup","Infinite Blades"],"picked":"Accuracy","floor":19}],"player_experience":343308,"relics_obtained":[{"floor":9,"key":"Oddly Smooth Stone"},{"floor":14,"key":"StrikeDummy"}],"event_choices":[{"damage_healed":0,"gold_gain":0,"player_choice":"Got Potions","damage_taken":0,"max_hp_gain":0,"max_hp_loss":0,"event_name":"Lab","floor":2,"gold_loss":0},{"cards_removed":["Strike_G"],"damage_healed":0,"gold_gain":0,"player_choice":"Card Removal","damage_taken":7,"max_hp_gain":0,"max_hp_loss":0,"event_name":"Golden Wing","floor":13,"gold_loss":0}],"is_beta":false,"boss_relics":[{"not_picked":["Busted Crown","Fusion Hammer"],"picked":"Runic Pyramid"}],"items_purged_floors":[],"is_endless":false,"potions_floor_spawned":[1,4,5,11],"killed_by":"2 Thieves","ascension_level":15}}