{"host":"3a1ypf1irl30q4k8","time":1612215137,"event":{"mods":["AchievementEnabler","BaseMod","Bestiary","Colored Map","Minty Spire (QoL Compilation)","Relic Stats"],"gold_per_floor":[109,124,124,137,151,182,182,31,31,31,45,65,65,100,100,202,202,221,235,253,37,52,52,52],"floor_reached":23,"language":"ENG","playtime":2018,"items_purged":[],"score":246,"play_id":"375ea985-b819-4d3c-bb7f-22e330c642be","local_time":"20210201213217","is_ascension_mode":true,"campfire_choices":[{"floor":7.0,"key":"REST"},{"data":"1","floor":10.0,"key":"LIFT"},{"data":"2","floor":13.0,"key":"LIFT"},{"data":"3","floor":15.0,"key":"LIFT"}],"circlet_count":0,"master_deck":["Strike_G","Strike_G","Strike_G","Strike_G","Strike_G","Defend_G","Defend_G","Defend_G","Defend_G","Defend_G","Survivor","Neutralize","Dagger Spray","Slice","Flying Knee","Outmaneuver","Backflip","Quick Slash","Deflect","Noxious Fumes","After Image","Blur+1","Prepared","Deflect","Footwork","Backstab+1"],"relics":["Runic Pyramid","Girya","Toy Ornithopter","Calipers","Bird Faced Urn","Philosopher\u0027s Stone","ClockworkSouvenir"],"acts_visited":["Exordium","TheCity"],"potions_floor_usage":[22],"damage_taken":[{"damage":0.0,"enemies":"Small Slimes","floor":1.0,"turns":3.0},{"damage":1.0,"enemies":"Cultist","floor":2.0,"turns":3.0},{"damage":0.0,"enemies":"2 Louse","floor":4.0,"turns":3.0},{"damage":12.0,"enemies":"2 Fungi Beasts","floor":5.0,"turns":2.0},{"damage":36.0,"enemies":"Gremlin Nob","floor":6.0,"turns":5.0},{"damage":8.0,"enemies":"Blue Slaver","floor":11.0,"turns":3.0},{"damage":0.0,"enemies":"Exordium Thugs","floor":12.0,"turns":3.0},{"damage":3.0,"enemies":"Lagavulin","floor":14.0,"turns":4.0},{"damage":9.0,"enemies":"The Guardian","floor":16.0,"turns":10.0},{"damage":0.0,"enemies":"Chosen","floor":18.0,"turns":4.0},{"damage":10.0,"enemies":"3 Byrds","floor":19.0,"turns":4.0},{"damage":16.0,"enemies":"Snake Plant","floor":20.0,"turns":5.0},{"damage":15,"enemies":"3 Cultists","floor":22,"turns":6},{"damage":55,"enemies":"Gremlin Leader","floor":23,"turns":5}],"seed_played":"-3200705031110530246","potions_obtained":[{"floor":2.0,"key":"Dexterity Potion"},{"floor":3.0,"key":"AttackPotion"},{"floor":3.0,"key":"Explosive Potion"},{"floor":4.0,"key":"Weak Potion"},{"floor":11.0,"key":"SpeedPotion"},{"floor":12.0,"key":"SteroidPotion"},{"floor":20,"key":"Swift Potion"}],"is_trial":false,"path_per_floor":["M","M","?","M","M","E","R","$","T","R","M","M","R","E","R","B",null,"M","M","M","$","M","E"],"character_chosen":"THE_SILENT","items_purchased":["Toy Ornithopter","ClockworkSouvenir","Footwork"],"campfire_rested":1,"item_purchase_floors":[8,21,21],"current_hp_per_floor":[70,69,69,69,57,21,42,42,42,42,34,34,34,41,41,39,70,70,64,52,52,48,0,0],"gold":52,"neow_bonus":"BOSS_RELIC","is_daily":false,"chose_seed":false,"campfire_upgraded":0,"win_rate":0.0,"timestamp":1612215137,"path_taken":["M","M","?","M","M","E","R","?","T","R","M","M","R","E","R","BOSS","M","?","?","$","M","E"],"items_purchased_type":["Relic","Relic","Card"],"build_version":"2020-12-22","purchased_purges":0,"victory":false,"max_hp_per_floor":[70,70,70,70,70,70,70,70,70,70,70,70,70,70,70,70,70,70,70,70,70,70,70,70],"relic_stats":{"counters":[14,60],"Bird Faced Urn":[22],"obtain_stats":[{"Girya":6,"Calipers":9,"Bird Faced Urn":14,"Philosopher\u0027s Stone":17,"Toy Ornithopter":8,"Ring of the Snake":0,"Runic Pyramid":0,"ClockworkSouvenir":21},{"Girya":5,"Calipers":5,"Bird Faced Urn":8,"Philosopher\u0027s Stone":9,"Toy Ornithopter":5,"Ring of the Snake":0,"Runic Pyramid":0,"ClockworkSouvenir":12},{"Girya":16,"Calipers":16,"Bird Faced Urn":26,"Philosopher\u0027s Stone":36,"Toy Ornithopter":16,"Ring of the Snake":0,"Runic Pyramid":0,"ClockworkSouvenir":49}],"Toy Ornithopter":20},"card_choices":[{"not_picked":["Expertise","Blade Dance"],"picked":"Dagger Spray","floor":1.0},{"not_picked":["Dodge and Roll","Escape Plan"],"picked":"Slice","floor":2.0},{"not_picked":["Cloak And Dagger","Phantasmal Killer"],"picked":"Flying Knee","floor":4.0},{"not_picked":["Sucker Punch","Acrobatics"],"picked":"Outmaneuver","floor":5.0},{"not_picked":["Concentrate","Distraction"],"picked":"Backflip","floor":6.0},{"not_picked":["Bouncing Flask","Blade Dance"],"picked":"Quick Slash","floor":11.0},{"not_picked":["Flying Knee","Outmaneuver"],"picked":"Deflect","floor":12.0},{"not_picked":["Expertise","Slice"],"picked":"Noxious Fumes","floor":14.0},{"not_picked":["Phantasmal Killer","Doppelganger"],"picked":"After Image","floor":16.0},{"not_picked":["Acrobatics","PiercingWail"],"picked":"Blur+1","floor":18.0},{"not_picked":["Blade Dance","Accuracy"],"picked":"Prepared","floor":19.0},{"not_picked":["Underhanded Strike+1","Deadly Poison"],"picked":"Deflect","floor":20},{"not_picked":["Prepared","Dodge and Roll"],"picked":"Backstab+1","floor":22}],"player_experience":1282907,"relics_obtained":[{"floor":6.0,"key":"Girya"},{"floor":9.0,"key":"Calipers"},{"floor":14.0,"key":"Bird Faced Urn"}],"event_choices":[{"damage_healed":0.0,"max_hp_gain":0.0,"max_hp_loss":0.0,"gold_gain":0.0,"event_name":"Lab","player_choice":"Got Potions","floor":3.0,"gold_loss":0.0,"damage_taken":0.0}],"is_beta":false,"boss_relics":[{"not_picked":["Busted Crown","Runic Dome"],"picked":"Philosopher\u0027s Stone"}],"items_purged_floors":[],"is_endless":false,"potions_floor_spawned":[2,4,11,12,20],"killed_by":"Gremlin Leader","ascension_level":4}}