{"host":"072lmn9sfokvtood","time":1612202510,"event":{"mods":["BaseMod","Colored Powertips","Curses Come First","Minty Spire (QoL Compilation)","StSLib"],"gold_per_floor":[114,114,129,144,159,159,159,9,34,34,34,34,49,64,64,164,164,179,179,194,209,23,23,23,23,23,53,16,31,31,46,46,146,146,161,161,11,26,26,56,56,71,71,86,101,11,11,26,26,26],"floor_reached":51,"language":"ENG","playtime":3324,"items_purged":[],"score":663,"play_id":"a9f524cb-b131-4c4a-bb63-14959fada81d","local_time":"20210201120150","daily_mods":["Chimera","ControlledChaos","Night Terrors"],"is_ascension_mode":false,"campfire_choices":[{"data":"Intimidate","floor":7.0,"key":"SMITH"},{"data":"Eruption","floor":11.0,"key":"SMITH"},{"data":"Corruption","floor":15.0,"key":"SMITH"},{"data":"Apotheosis","floor":24.0,"key":"SMITH"},{"floor":32.0,"key":"REST"},{"floor":41,"key":"REST"},{"floor":47,"key":"DIG"},{"floor":49,"key":"REST"}],"circlet_count":0,"master_deck":["Bash","Survivor","Zap","Eruption+1","Strike_R+1","Strike_G+1","Strike_B+1","Defend_R+1","Defend_G+1","Defend_P+1","Intimidate+1","Clothesline","Heavy Blade","Ghostly Armor+1","Bash","Corruption+1","Uppercut","Limit Break+1","Thunderclap+1","Uppercut","Apotheosis+1","Power Through","Rupture","True Grit+1","Immolate","CurseOfTheBell","Shrug It Off+1","Pommel Strike+1","Carnage+1","Carnage+1","Parasite","Ghostly Armor"],"relics":["Burning Blood","Frozen Eye","Lee\u0027s Waffle","Orichalcum","Cursed Key","Shovel","Girya","Calling Bell","Happy Flower","Molten Egg 2","Charon\u0027s Ashes","Spirit Poop","ClockworkSouvenir","Gambling Chip","Letter Opener","Mercury Hourglass"],"acts_visited":["Exordium","TheCity","TheBeyond"],"potions_floor_usage":[40,48,50,50,50,50,50,50],"damage_taken":[{"damage":2.0,"enemies":"Jaw Worm","floor":1.0,"turns":3.0},{"damage":14.0,"enemies":"Small Slimes","floor":3.0,"turns":2.0},{"damage":0.0,"enemies":"Cultist","floor":4.0,"turns":2.0},{"damage":9.0,"enemies":"Looter","floor":5.0,"turns":3.0},{"damage":16.0,"enemies":"Exordium Thugs","floor":13.0,"turns":6.0},{"damage":2.0,"enemies":"2 Fungi Beasts","floor":14.0,"turns":4.0},{"damage":45.0,"enemies":"Slime Boss","floor":16.0,"turns":6.0},{"damage":0.0,"enemies":"Chosen","floor":18.0,"turns":3.0},{"damage":35.0,"enemies":"3 Byrds","floor":20.0,"turns":5.0},{"damage":3.0,"enemies":"Snecko","floor":21.0,"turns":4.0},{"damage":13.0,"enemies":"Book of Stabbing","floor":27.0,"turns":6.0},{"damage":28.0,"enemies":"Snake Plant","floor":29.0,"turns":5.0},{"damage":2.0,"enemies":"3 Cultists","floor":31.0,"turns":6.0},{"damage":36.0,"enemies":"Collector","floor":33.0,"turns":11.0},{"damage":19.0,"enemies":"Orb Walker","floor":35.0,"turns":5.0},{"damage":14.0,"enemies":"3 Shapes","floor":38.0,"turns":3.0},{"damage":60,"enemies":"Giant Head","floor":40,"turns":9},{"damage":1,"enemies":"3 Darklings","floor":42,"turns":4},{"damage":16,"enemies":"Transient","floor":44,"turns":5},{"damage":23,"enemies":"Writhing Mass","floor":45,"turns":7},{"damage":26,"enemies":"Jaw Worm Horde","floor":48,"turns":4},{"damage":67,"enemies":"Donu and Deca","floor":50,"turns":9}],"seed_played":"-6699970657251824518","potions_obtained":[{"floor":1.0,"key":"Fire Potion"},{"floor":3.0,"key":"HeartOfIron"},{"floor":16.0,"key":"HeartOfIron"},{"floor":18.0,"key":"SkillPotion"},{"floor":27.0,"key":"HeartOfIron"},{"floor":33.0,"key":"FearPotion"},{"floor":38.0,"key":"Dexterity Potion"},{"floor":42,"key":"EntropicBrew"},{"floor":45,"key":"PowerPotion"},{"floor":48,"key":"Block Potion"}],"is_trial":false,"path_per_floor":["M","?","M","M","M","?","R","$","T","?","R","?","M","M","R","B",null,"M","?","M","M","$","?","R","?","T","E","$","M","$","M","R","B",null,"M","?","$","M","$","E","R","M","T","M","M","?","R","M","R","B",null],"character_chosen":"IRONCLAD","items_purchased":["Lee\u0027s Waffle","Apotheosis","Rupture","ClockworkSouvenir"],"campfire_rested":3,"item_purchase_floors":[8,22,28,37],"current_hp_per_floor":[80,85,77,83,80,73,73,92,92,74,74,74,64,68,68,29,92,92,92,63,66,66,66,66,92,92,85,85,63,63,67,87,57,87,74,74,74,66,66,12,82,82,82,72,55,55,55,35,77,31],"gold":26,"neow_bonus":"","is_daily":true,"chose_seed":false,"campfire_upgraded":4,"win_rate":0.0,"timestamp":1612202510,"path_taken":["M","?","M","M","M","?","R","$","T","?","R","?","M","M","R","BOSS","M","?","M","M","$","?","R","?","T","E","$","M","$","M","R","BOSS","M","?","$","M","?","E","R","M","T","M","M","?","R","?","R","BOSS"],"items_purchased_type":["Relic","Card","Card","Relic"],"build_version":"2020-12-22","purchased_purges":0,"victory":true,"max_hp_per_floor":[80,85,85,85,85,85,85,92,92,92,92,92,92,92,92,92,92,92,92,92,92,92,92,92,92,92,92,92,92,92,92,87,87,87,87,87,87,87,87,87,82,82,82,82,82,82,82,82,77,77],"card_choices":[{"not_picked":["Searing Blow","Havoc"],"picked":"Intimidate","floor":1.0},{"not_picked":["Flex","Spot Weakness"],"picked":"Clothesline","floor":3.0},{"not_picked":["Warcry","Havoc"],"picked":"Heavy Blade","floor":4.0},{"not_picked":["True Grit","Havoc"],"picked":"Ghostly Armor","floor":5.0},{"not_picked":["Armaments","Seeing Red"],"picked":"Uppercut","floor":13.0},{"not_picked":["Thunderclap","Spot Weakness","Seeing Red"],"picked":"SKIP","floor":14.0},{"not_picked":["Impervious","Berserk"],"picked":"Limit Break","floor":16.0},{"not_picked":["Cleave","Blood for Blood"],"picked":"Thunderclap+1","floor":18.0},{"not_picked":["Burning Pact","Body Slam"],"picked":"Uppercut","floor":20.0},{"not_picked":["Perfected Strike","True Grit","Clash"],"picked":"SKIP","floor":21.0},{"not_picked":["Shrug It Off","Wild Strike"],"picked":"Power Through","floor":27.0},{"not_picked":["Searing Blow","Sword Boomerang","Armaments"],"picked":"SKIP","floor":29.0},{"not_picked":["Havoc","Headbutt"],"picked":"True Grit+1","floor":31.0},{"not_picked":["Limit Break","Exhume"],"picked":"Immolate","floor":33.0},{"not_picked":["Twin Strike+1","Havoc"],"picked":"Shrug It Off+1","floor":35.0},{"not_picked":["Clothesline+1","Havoc+1"],"picked":"Pommel Strike+1","floor":38.0},{"not_picked":["Limit Break","Warcry+1"],"picked":"Carnage+1","floor":40},{"not_picked":["Wild Strike+1","Sentinel"],"picked":"Carnage+1","floor":42},{"not_picked":["Wild Strike+1","Sentinel","Uppercut+1"],"picked":"SKIP","floor":44},{"not_picked":["Iron Wave+1","Armaments+1"],"picked":"Ghostly Armor","floor":45},{"not_picked":["Battle Trance","Anger+1","Clothesline+1"],"picked":"SKIP","floor":48}],"player_experience":239504,"relics_obtained":[{"floor":9.0,"key":"Orichalcum"},{"floor":26.0,"key":"Shovel"},{"floor":27.0,"key":"Girya"},{"floor":34.0,"key":"Happy Flower"},{"floor":34.0,"key":"Molten Egg 2"},{"floor":34.0,"key":"Charon\u0027s Ashes"},{"floor":40,"key":"Gambling Chip"},{"floor":43,"key":"Letter Opener"},{"floor":47,"key":"Mercury Hourglass"}],"event_choices":[{"damage_healed":0.0,"max_hp_gain":5.0,"max_hp_loss":0.0,"gold_gain":0.0,"event_name":"Big Fish","player_choice":"Donut","floor":2.0,"gold_loss":0.0,"damage_taken":0.0},{"damage_healed":0.0,"max_hp_gain":0.0,"max_hp_loss":0.0,"gold_gain":0.0,"event_name":"Scrap Ooze","player_choice":"Fled","floor":6.0,"gold_loss":0.0,"damage_taken":7.0},{"damage_healed":0.0,"max_hp_gain":0.0,"max_hp_loss":0.0,"gold_gain":0.0,"event_name":"Shining Light","player_choice":"Entered Light","floor":10.0,"gold_loss":0.0,"damage_taken":18.0,"cards_upgraded":["Ghostly Armor","Defend_G"]},{"damage_healed":0.0,"max_hp_gain":0.0,"max_hp_loss":0.0,"gold_gain":0.0,"event_name":"Match and Keep!","player_choice":"2 cards matched","floor":12.0,"gold_loss":0.0,"damage_taken":0.0,"cards_obtained":["Bash","Corruption"]},{"damage_healed":0.0,"max_hp_gain":0.0,"max_hp_loss":0.0,"gold_gain":0.0,"event_name":"Back to Basics","player_choice":"Simplicity","floor":19.0,"gold_loss":0.0,"damage_taken":0.0,"cards_upgraded":["Strike_R","Strike_G","Strike_B","Defend_R","Defend_P"]},{"damage_healed":0.0,"max_hp_gain":0.0,"max_hp_loss":0.0,"gold_gain":0.0,"event_name":"Cursed Tome","player_choice":"Ignored","floor":23.0,"gold_loss":0.0,"damage_taken":0.0},{"damage_healed":30.0,"max_hp_gain":0.0,"max_hp_loss":0.0,"gold_gain":0.0,"event_name":"The Library","player_choice":"Heal","floor":25.0,"gold_loss":0.0,"damage_taken":0.0},{"cards_removed":["Normality"],"damage_healed":0.0,"max_hp_gain":0.0,"max_hp_loss":0.0,"gold_gain":0.0,"event_name":"Bonfire Elementals","player_choice":"Offered Curse","floor":36.0,"gold_loss":0.0,"damage_taken":0.0,"relics_obtained":["Spirit Poop"]},{"cards_removed":["Pain"],"damage_healed":0,"gold_gain":0,"player_choice":"Upgrade and Remove","damage_taken":0,"max_hp_gain":0,"max_hp_loss":0,"event_name":"Designer","floor":46,"gold_loss":90,"cards_upgraded":["Limit Break"]}],"is_beta":false,"boss_relics":[{"not_picked":["Snecko Eye","Runic Cube"],"picked":"Cursed Key"},{"not_picked":["Velvet Choker","Fusion Hammer"],"picked":"Calling Bell"}],"items_purged_floors":[],"is_endless":false,"potions_floor_spawned":[1,3,16,18,27,33,38,42,45,48],"ascension_level":0}}