{"host":"x5w9zppki4gdwvc7","time":1612178743,"event":{"mods":["AchievementEnabler","BaseMod","Colored Powertips","DeckTracker","Minty Spire (QoL Compilation)","Relic Sorter"],"gold_per_floor":[366,107,107,121,71,71,86,102,153,153,328,328,328,356,356,356,356],"floor_reached":16,"language":"ENG","playtime":755,"items_purged":["Regret"],"score":118,"play_id":"3d408b6f-29bc-47ab-b071-f813cfdd0f27","local_time":"20210201122543","is_ascension_mode":true,"campfire_choices":[{"data":"Apotheosis","floor":6,"key":"SMITH"},{"data":"Shrug It Off","floor":10,"key":"SMITH"},{"data":"Bash","floor":12,"key":"SMITH"},{"data":"Barricade","floor":15,"key":"SMITH"}],"circlet_count":0,"master_deck":["Strike_R","Strike_R","Strike_R","Defend_R","Defend_R","Defend_R","Defend_R","Bash+1","Apotheosis+1","Shrug It Off+1","Iron Wave","Doubt","Barricade+1"],"relics":["Burning Blood","MealTicket","Vajra"],"acts_visited":["Exordium"],"potions_floor_usage":[14],"damage_taken":[{"damage":8,"enemies":"2 Louse","floor":1,"turns":3},{"damage":7,"enemies":"Jaw Worm","floor":4,"turns":4},{"damage":8,"enemies":"Small Slimes","floor":7,"turns":4},{"damage":11,"enemies":"Looter","floor":8,"turns":3},{"damage":4,"enemies":"3 Sentries","floor":14,"turns":15},{"damage":73,"enemies":"Hexaghost","floor":16,"turns":16}],"seed_played":"-5549929388870272020","potions_obtained":[{"floor":7,"key":"PowerPotion"},{"floor":14,"key":"BlessingOfTheForge"}],"is_trial":false,"path_per_floor":["M","$","?","M","?","R","M","M","T","R","?","R","?","E","R","B"],"character_chosen":"IRONCLAD","items_purchased":["Apotheosis"],"campfire_rested":0,"item_purchase_floors":[2],"current_hp_per_floor":[78,78,71,70,70,70,68,63,63,63,63,63,68,70,70,0,0],"gold":356,"neow_bonus":"TWO_FIFTY_GOLD","is_daily":false,"chose_seed":false,"campfire_upgraded":4,"win_rate":0.0,"timestamp":1612178743,"path_taken":["M","$","?","M","?","R","M","M","T","R","?","R","?","E","R","BOSS"],"items_purchased_type":["Card"],"build_version":"2020-12-22","purchased_purges":1,"victory":false,"max_hp_per_floor":[80,80,80,80,80,80,80,80,80,80,80,80,85,85,85,85,85],"card_choices":[{"not_picked":["Warcry","Cleave","Power Through"],"picked":"SKIP","floor":1},{"not_picked":["Cleave","Heavy Blade"],"picked":"Shrug It Off","floor":4},{"not_picked":["Sword Boomerang","Double Tap","Heavy Blade"],"picked":"SKIP","floor":7},{"not_picked":["Warcry","Perfected Strike"],"picked":"Iron Wave","floor":8},{"not_picked":["Shockwave","Anger"],"picked":"Barricade","floor":14}],"player_experience":369280,"relics_obtained":[{"floor":9,"key":"MealTicket"},{"floor":14,"key":"Vajra"}],"event_choices":[{"cards_removed":["Strike_R"],"damage_healed":0,"gold_gain":0,"player_choice":"Card Removal","damage_taken":7,"max_hp_gain":0,"max_hp_loss":0,"event_name":"Golden Wing","floor":3,"gold_loss":0},{"cards_removed":["Strike_R"],"damage_healed":0,"gold_gain":0,"player_choice":"Card Removal","damage_taken":0,"max_hp_gain":0,"max_hp_loss":0,"event_name":"The Cleric","floor":5,"gold_loss":50},{"damage_healed":0,"gold_gain":175,"player_choice":"AGREE","damage_taken":0,"max_hp_gain":0,"max_hp_loss":0,"event_name":"Liars Game","floor":11,"gold_loss":0,"cards_obtained":["Doubt"]},{"damage_healed":0,"gold_gain":0,"player_choice":"Donut","damage_taken":0,"max_hp_gain":5,"max_hp_loss":0,"event_name":"Big Fish","floor":13,"gold_loss":0}],"is_beta":false,"boss_relics":[],"items_purged_floors":[2],"is_endless":false,"potions_floor_spawned":[7,14],"killed_by":"Hexaghost","ascension_level":4}}