{"host":"gaqyve1328ta0etl","time":1612171597,"event":{"mods":["BaseMod","Colored Map","Colored Powertips","Googly Eyes","Minty Spire (QoL Compilation)","Shop Mod","StSLib","SuperFastMode","The Hierophant","The Runesmith"],"gold_per_floor":[118,43,43,43,118,118,132,132,178,78,97,97,97,112,112,209,209,229,246,121,220,220,220],"floor_reached":22,"language":"ENG","playtime":471,"items_purged":["Strike_B","Strike_B","Strike_B"],"score":258,"play_id":"3f336b77-8d4f-45b9-a2e7-fc9bcc54e71e","local_time":"20210201012637","is_ascension_mode":true,"campfire_choices":[{"floor":6,"key":"REST"},{"data":"Beam Cell","floor":8,"key":"SMITH"},{"data":"Zap","floor":13,"key":"SMITH"},{"floor":15,"key":"REST"}],"circlet_count":0,"master_deck":["AscendersBane","Strike_B+1","Defend_B+1","Defend_B","Defend_B","Defend_B","Zap+1","Dualcast","Beam Cell+1","Gash+1","Gash","Fission"],"relics":["Cracked Core","Strawberry","Oddly Smooth Stone","Toy Ornithopter","Busted Crown"],"acts_visited":["Exordium","TheCity"],"potions_floor_usage":[16,16,18],"damage_taken":[{"damage":0,"enemies":"Small Slimes","floor":1,"turns":3},{"damage":0,"enemies":"2 Louse","floor":7,"turns":3},{"damage":0,"enemies":"Cultist","floor":11,"turns":3},{"damage":16,"enemies":"Exordium Thugs","floor":14,"turns":4},{"damage":14,"enemies":"The Guardian","floor":16,"turns":9},{"damage":18,"enemies":"Spheric Guardian","floor":18,"turns":5},{"damage":8,"enemies":"Shell Parasite","floor":19,"turns":6},{"damage":60,"enemies":"Masked Bandits","floor":22,"turns":4}],"seed_played":"-4532625874685050859","potions_obtained":[{"floor":1,"key":"Weak Potion"},{"floor":11,"key":"AttackPotion"},{"floor":16,"key":"Fruit Juice"},{"floor":18,"key":"EssenceOfSteel"}],"is_trial":false,"path_per_floor":["M","$","?","?","?","R","M","R","T","$","M","?","R","M","R","B",null,"M","M","$","?","?"],"character_chosen":"DEFECT","items_purchased":[],"campfire_rested":2,"item_purchase_floors":[],"current_hp_per_floor":[75,75,57,41,30,54,54,54,54,54,54,54,54,38,62,63,81,68,60,60,60,0,0],"gold":220,"neow_bonus":"RANDOM_COMMON_RELIC","is_daily":false,"chose_seed":false,"campfire_upgraded":2,"win_rate":0.0,"timestamp":1612171597,"path_taken":["M","$","?","?","?","R","M","R","T","$","M","?","R","?","R","BOSS","M","M","$","?","?"],"items_purchased_type":[],"build_version":"2020-12-22","purchased_purges":3,"victory":false,"max_hp_per_floor":[82,82,82,82,82,82,82,82,82,82,82,82,82,82,82,87,87,87,87,87,87,87,87],"card_choices":[{"not_picked":["White Noise","Coolheaded"],"picked":"Beam Cell","floor":1},{"not_picked":["Leap","Hologram","Recycle"],"picked":"SKIP","floor":7},{"not_picked":["Compile Driver","FTL"],"picked":"Gash","floor":11},{"not_picked":["Lockon","Hologram"],"picked":"Gash","floor":14},{"not_picked":["Creative AI","Echo Form"],"picked":"Fission","floor":16},{"not_picked":["Redo"],"picked":"SKIP","floor":18},{"not_picked":["Chill"],"picked":"SKIP","floor":19}],"player_experience":2067743,"relics_obtained":[{"floor":9,"key":"Toy Ornithopter"}],"event_choices":[{"damage_healed":0,"gold_gain":0,"player_choice":"Success","damage_taken":18,"relics_obtained":["Oddly Smooth Stone"],"max_hp_gain":0,"max_hp_loss":0,"event_name":"Scrap Ooze","floor":3,"gold_loss":0},{"damage_healed":0,"gold_gain":0,"player_choice":"Entered Light","damage_taken":16,"max_hp_gain":0,"max_hp_loss":0,"event_name":"Shining Light","floor":4,"gold_loss":0,"cards_upgraded":["Defend_B","Strike_B"]},{"damage_healed":0,"gold_gain":75,"player_choice":"Gather Gold","damage_taken":11,"max_hp_gain":0,"max_hp_loss":0,"event_name":"World of Goop","floor":5,"gold_loss":0},{"damage_healed":0,"gold_gain":0,"player_choice":"Upgraded","damage_taken":0,"max_hp_gain":0,"max_hp_loss":0,"event_name":"Upgrade Shrine","floor":12,"gold_loss":0,"cards_upgraded":["Gash"]},{"damage_healed":0,"gold_gain":99,"player_choice":"Stole From Cult","damage_taken":0,"max_hp_gain":0,"max_hp_loss":0,"event_name":"Nest","floor":21,"gold_loss":0},{"damage_healed":0,"gold_gain":0,"player_choice":"Fought Bandits","damage_taken":0,"max_hp_gain":0,"max_hp_loss":0,"event_name":"Masked Bandits","floor":22,"gold_loss":0}],"is_beta":false,"boss_relics":[{"not_picked":["Calling Bell","Coffee Dripper"],"picked":"Busted Crown"}],"items_purged_floors":[2,10,20],"is_endless":false,"potions_floor_spawned":[1,11,16,18],"killed_by":"Masked Bandits","ascension_level":10}}