{"host":"nnxvcju6x1qybncj","time":1612144480,"event":{"mods":["BaseMod","Block Reminder","Curses Come First","Custom Start","Dark Map","Displayed Cursed Tome","Downfall","Evolution","Jorbs\u0027s Wanderer Trilogy","Minty Spire (QoL Compilation)","Quick Restart","Relic Stats","StSLib"],"gold_per_floor":[114,33,33,53,68,99,62,80,80,80,80,80,96,129,129,224,224,239,239,239,239,239,239,252,283,283,283,5,5,36,56,56,149,149,173,173,198,19,42,42,80,80,159,193,211,70,70,70,70,70],"floor_reached":51,"language":"ENG","playtime":1700,"items_purged":[],"score":1498,"play_id":"04a98172-58aa-451f-9d3b-b451334e8cf5","local_time":"20210201025440","is_ascension_mode":true,"campfire_choices":[{"floor":10.0,"key":"REST"},{"data":"Fire Breathing","floor":15.0,"key":"SMITH"},{"floor":23.0,"key":"REST"},{"data":"Perfected Strike","floor":27.0,"key":"SMITH"},{"data":"True Grit","floor":29.0,"key":"SMITH"},{"floor":32.0,"key":"REST"},{"data":"Juggernaut","floor":40.0,"key":"SMITH"},{"data":"Perfected Strike","floor":42,"key":"SMITH"},{"data":"Perfected Strike","floor":47,"key":"SMITH"},{"data":"Uppercut","floor":49,"key":"SMITH"}],"circlet_count":0,"master_deck":["AscendersBane","Strike_R+1","Strike_R+1","Strike_R+1","Strike_R+1","Strike_R+1","Defend_R+1","Defend_R+1","Defend_R+1","Defend_R+1","Bash","Wild Strike","Dark Embrace","Shrug It Off","Fire Breathing+1","Armaments+1","Uppercut+1","Perfected Strike+1","Perfected Strike+1","Reckless Charge","Corruption","Feel No Pain","Sentinel","Twin Strike","True Grit+1","Wild Strike","Thunderclap+1","Reaper","Flame Barrier","Perfected Strike+1","Juggernaut+1","Pommel Strike","Sentinel","downfall:Icky","Pommel Strike+1","Entrench+1","Feel No Pain","Iron Wave"],"relics":["EVO:Axolotl","Snecko Eye","Boot","Question Card","Happy Flower","Golden Idol","Mango","Cursed Key","Enchiridion","HornCleat","Brimstone","Vajra","SlaversCollar","PreservedInsect","Mercury Hourglass","Mummified Hand","Pen Nib"],"acts_visited":["Exordium","TheCity","TheBeyond"],"potions_floor_usage":[50],"damage_taken":[{"damage":0.0,"enemies":"Cultist","floor":1.0,"turns":2.0},{"damage":0.0,"enemies":"Small Slimes","floor":4.0,"turns":3.0},{"damage":4.0,"enemies":"Jaw Worm","floor":5.0,"turns":3.0},{"damage":30.0,"enemies":"Lagavulin","floor":6.0,"turns":4.0},{"damage":10.0,"enemies":"Exordium Thugs","floor":8.0,"turns":4.0},{"damage":1.0,"enemies":"2 Fungi Beasts","floor":13.0,"turns":2.0},{"damage":8.0,"enemies":"Gremlin Nob","floor":14.0,"turns":3.0},{"damage":22.0,"enemies":"Hexaghost","floor":16.0,"turns":6.0},{"damage":5.0,"enemies":"2 Thieves","floor":18.0,"turns":3.0},{"damage":0.0,"enemies":"Spheric Guardian","floor":24.0,"turns":3.0},{"damage":9.0,"enemies":"Book of Stabbing","floor":25.0,"turns":3.0},{"damage":12.0,"enemies":"Slavers","floor":30.0,"turns":4.0},{"damage":13.0,"enemies":"Centurion and Healer","floor":31.0,"turns":4.0},{"damage":6.0,"enemies":"Champ","floor":33.0,"turns":4.0},{"damage":0.0,"enemies":"3 Darklings","floor":35.0,"turns":3.0},{"damage":0.0,"enemies":"Orb Walker","floor":37.0,"turns":2.0},{"damage":0.0,"enemies":"4 Shapes","floor":39.0,"turns":4.0},{"damage":0,"enemies":"Nemesis","floor":41,"turns":3},{"damage":0,"enemies":"Reptomancer","floor":44,"turns":3},{"damage":0,"enemies":"3 Darklings","floor":45,"turns":2},{"damage":52,"enemies":"Time Eater","floor":50,"turns":6}],"seed_played":"4571175140295215764","potions_obtained":[{"floor":1.0,"key":"Energy Potion"},{"floor":4.0,"key":"FearPotion"},{"floor":6.0,"key":"SteroidPotion"},{"floor":16.0,"key":"Fire Potion"},{"floor":30.0,"key":"Regen Potion"},{"floor":31.0,"key":"SneckoOil"},{"floor":33.0,"key":"FairyPotion"},{"floor":37.0,"key":"Fire Potion"},{"floor":41,"key":"Weak Potion"}],"is_trial":false,"path_per_floor":["M","$","?","M","M","E","$","M","T","R","?","?","M","E","R","B",null,"M","?","?","T","?","R","M","E","T","R","$","R","E","M","R","B",null,"M","?","M","$","M","R","E","R","T","E","M","$","R","?","R","B",null],"character_chosen":"IRONCLAD","items_purchased":["Dark Embrace","Uppercut","Twin Strike","Brimstone","True Grit","Juggernaut","Feel No Pain","Iron Wave"],"campfire_rested":3,"item_purchase_floors":[2,7,28,28,28,38,46,46],"current_hp_per_floor":[68,68,68,68,64,34,34,24,24,46,46,46,45,51,51,29,69,64,43,43,43,43,67,67,58,58,58,58,58,46,42,66,60,77,77,77,78,78,78,78,78,78,78,82,82,82,82,82,82,81],"gold":70,"neow_bonus":"BOSS_RELIC","is_daily":false,"chose_seed":false,"campfire_upgraded":7,"win_rate":0.0,"timestamp":1612144480,"path_taken":["M","$","?","?","M","E","?","M","T","R","?","?","M","E","R","BOSS","M","?","?","?","?","R","M","E","T","R","$","R","E","M","R","BOSS","M","?","?","?","M","R","E","R","T","E","M","$","R","?","R","BOSS"],"items_purchased_type":["Card","Card","Card","Relic","Card","Card","Card","Card"],"build_version":"2020-12-22","purchased_purges":0,"victory":true,"max_hp_per_floor":[75,75,75,75,75,75,75,75,75,75,75,68,68,82,82,82,82,82,82,82,82,82,82,82,82,82,82,82,82,82,82,82,82,82,82,82,82,82,82,82,82,82,82,82,82,82,82,82,82,82],"relic_stats":{"Happy Flower":[18],"counters":[21,71],"Golden Idol":123,"Mummified Hand":[26],"Snecko Eye":[156,117,127,127],"PreservedInsect":111,"Pen Nib":[2],"Boot":[15],"Question Card":16,"Cursed Key":1,"obtain_stats":[{"Happy Flower":9,"Golden Idol":12,"Enchiridion":19,"Vajra":30,"Mango":14,"PreservedInsect":36,"Pen Nib":44,"EVO:Axolotl":0,"Boot":3,"Question Card":6,"Cursed Key":17,"Burning Blood":0,"Mercury Hourglass":41,"SlaversCollar":34,"HornCleat":25,"Brimstone":28,"Mummified Hand":43,"Snecko Eye":0},{"Happy Flower":5,"Golden Idol":5,"Enchiridion":9,"Vajra":12,"Mango":7,"PreservedInsect":15,"Pen Nib":19,"EVO:Axolotl":0,"Boot":1,"Question Card":4,"Cursed Key":8,"Burning Blood":0,"Mercury Hourglass":18,"SlaversCollar":14,"HornCleat":11,"Brimstone":11,"Mummified Hand":18,"Snecko Eye":0},{"Happy Flower":16,"Golden Idol":16,"Enchiridion":30,"Vajra":40,"Mango":21,"PreservedInsect":51,"Pen Nib":63,"EVO:Axolotl":0,"Boot":2,"Question Card":12,"Cursed Key":27,"Burning Blood":0,"Mercury Hourglass":60,"SlaversCollar":48,"HornCleat":36,"Brimstone":36,"Mummified Hand":60,"Snecko Eye":0}],"Mercury Hourglass":[54]},"card_choices":[{"not_picked":["Hemokinesis","Pommel Strike"],"picked":"Wild Strike","floor":1.0},{"not_picked":["Searing Blow","Shockwave"],"picked":"Shrug It Off","floor":4.0},{"not_picked":["Clash","Havoc"],"picked":"Fire Breathing","floor":5.0},{"not_picked":["Anger","Body Slam"],"picked":"Armaments","floor":6.0},{"not_picked":["Burning Pact","Ghostly Armor","Thunderclap"],"picked":"Perfected Strike","floor":8.0},{"not_picked":["Headbutt","Havoc","Feel No Pain"],"picked":"Perfected Strike","floor":13.0},{"not_picked":["Seeing Red","Pommel Strike","Limit Break"],"picked":"Reckless Charge","floor":14.0},{"not_picked":["Fiend Fire","Double Tap","Juggernaut"],"picked":"Corruption","floor":16.0},{"not_picked":["Thunderclap","Body Slam","Flame Barrier"],"picked":"Feel No Pain","floor":18.0},{"not_picked":["Rampage","Heavy Blade","Cleave","Sword Boomerang"],"picked":"SKIP","floor":24.0},{"not_picked":["Havoc","Headbutt","Flex"],"picked":"Sentinel","floor":25.0},{"not_picked":["Sword Boomerang","Rupture+1","Perfected Strike"],"picked":"Wild Strike","floor":30.0},{"not_picked":["Berserk","Twin Strike","Havoc"],"picked":"Thunderclap+1","floor":31.0},{"not_picked":["Brutality","Bludgeon","Impervious"],"picked":"Reaper","floor":33.0},{"not_picked":["Ghostly Armor","Combust","True Grit"],"picked":"Flame Barrier","floor":35.0},{"not_picked":["Warcry","True Grit","Armaments"],"picked":"Perfected Strike","floor":37.0},{"not_picked":["Anger","Flex+1","Twin Strike"],"picked":"Pommel Strike","floor":39.0},{"not_picked":["Shrug It Off","Pummel","Clothesline"],"picked":"Sentinel","floor":41},{"not_picked":["Brutality","Heavy Blade","Shrug It Off"],"picked":"Pommel Strike+1","floor":44},{"not_picked":["Pommel Strike","Battle Trance","Sword Boomerang+1"],"picked":"Entrench+1","floor":45}],"player_experience":712285,"relics_obtained":[{"floor":3.0,"key":"Boot"},{"floor":6.0,"key":"Question Card"},{"floor":9.0,"key":"Happy Flower"},{"floor":14.0,"key":"Mango"},{"floor":25.0,"key":"HornCleat"},{"floor":30.0,"key":"Vajra"},{"floor":41,"key":"Mercury Hourglass"},{"floor":43,"key":"Mummified Hand"},{"floor":44,"key":"Pen Nib"}],"event_choices":[{"damage_healed":0.0,"max_hp_gain":0.0,"max_hp_loss":0.0,"gold_gain":0.0,"event_name":"Wheel of Change","player_choice":"Relic","floor":3.0,"gold_loss":0.0,"damage_taken":0.0},{"damage_healed":0.0,"max_hp_gain":0.0,"max_hp_loss":0.0,"gold_gain":0.0,"event_name":"Living Wall","player_choice":"Grow","floor":11.0,"gold_loss":0.0,"damage_taken":0.0,"cards_upgraded":["Armaments"]},{"damage_healed":0.0,"max_hp_gain":0.0,"max_hp_loss":7.0,"gold_gain":0.0,"event_name":"Golden Idol","player_choice":"Lose Max HP","floor":12.0,"gold_loss":0.0,"damage_taken":0.0,"relics_obtained":["Golden Idol"]},{"damage_healed":0.0,"max_hp_gain":0.0,"max_hp_loss":0.0,"gold_gain":0.0,"event_name":"Cursed Tome","player_choice":"Obtained Book","floor":19.0,"gold_loss":0.0,"damage_taken":21.0},{"damage_healed":0.0,"max_hp_gain":0.0,"max_hp_loss":0.0,"gold_gain":0.0,"event_name":"Back to Basics","player_choice":"Simplicity","floor":20.0,"gold_loss":0.0,"damage_taken":0.0,"cards_upgraded":["Strike_R","Strike_R","Strike_R","Strike_R","Strike_R","Defend_R","Defend_R","Defend_R","Defend_R"]},{"damage_healed":0.0,"max_hp_gain":0.0,"max_hp_loss":0.0,"gold_gain":0.0,"event_name":"Beggar","player_choice":"Ignored","floor":22.0,"gold_loss":0.0,"damage_taken":0.0},{"damage_healed":0.0,"max_hp_gain":0.0,"max_hp_loss":0.0,"gold_gain":0.0,"event_name":"WeMeetAgain","player_choice":"Gave Potion","floor":36.0,"gold_loss":0.0,"damage_taken":0.0,"relics_obtained":["PreservedInsect"]},{"damage_healed":0,"gold_gain":0,"player_choice":"Ignored","damage_taken":0,"max_hp_gain":0,"max_hp_loss":0,"event_name":"Mysterious Sphere","floor":48,"gold_loss":0}],"is_beta":false,"boss_relics":[{"not_picked":["Tiny House","Fusion Hammer"],"picked":"Cursed Key"},{"not_picked":["Coffee Dripper","Empty Cage"],"picked":"SlaversCollar"}],"items_purged_floors":[],"is_endless":false,"potions_floor_spawned":[1,4,6,16,24,30,31,33,37,39,41],"ascension_level":18}}