{"host":"opyh6vr790e42ffe","time":1612201617,"event":{"mods":["BaseMod","Bestiary","Colored Map","Downfall","Highlight Path","Minty Spire (QoL Compilation)","Relic Stats","StSLib"],"gold_per_floor":[0,15,26,90,102,102,127,142,153,164,64,94,94,119,139,139,139,139],"floor_reached":16,"language":"ENG","playtime":1853,"items_purged":[],"score":120,"play_id":"973892fc-176f-4bd2-a3cb-e939e6a020db","local_time":"20210201094657","is_ascension_mode":true,"campfire_choices":[{"floor":1.0,"key":"RECALL"},{"floor":11.0,"key":"REST"},{"floor":13.0,"key":"REST"}],"circlet_count":0,"master_deck":["bronze:Strike","bronze:Strike","bronze:Defend","bronze:Defend","bronze:Defend","bronze:Defend","bronze:Replicate","bronze:Goto","bronze:Refactor","bronze:Terminator","bronze:GetLatest","bronze:Constructor","bronze:Flail","bronze:Shell","bronze:CleanCode","bronze:Separator","bronze:Iterate","bronze:Fortify","bronze:Boost","bronze:Constructor"],"relics":["bronze:BronzeCore","Question Card","Centennial Puzzle","downfall:HeartBlessingRed","Happy Flower","Potion Belt"],"acts_visited":["Exordium"],"potions_floor_usage":[],"damage_taken":[{"damage":0.0,"enemies":"Small Slimes","floor":2.0,"turns":3.0},{"damage":8.0,"enemies":"Jaw Worm","floor":3.0,"turns":6.0},{"damage":32.0,"enemies":"3 Sentries","floor":4.0,"turns":9.0},{"damage":6.0,"enemies":"Cultist","floor":5.0,"turns":5.0},{"damage":10.0,"enemies":"Blue Slaver","floor":8.0,"turns":5.0},{"damage":9.0,"enemies":"Exordium Thugs","floor":9.0,"turns":9.0},{"damage":2.0,"enemies":"Blue Slaver","floor":10.0,"turns":3.0},{"damage":4.0,"enemies":"Gremlin Nob","floor":12.0,"turns":3.0},{"damage":19,"enemies":"Lagavulin","floor":14,"turns":7},{"damage":5,"enemies":"Exordium Thugs","floor":15,"turns":3},{"damage":17,"enemies":"SI_SHIV_ARCHETYPE","floor":16,"turns":11}],"seed_played":"-7382659266196721355","potions_obtained":[{"floor":2.0,"key":"PowerPotion"},{"floor":3.0,"key":"champ:CounterPotion"},{"floor":5.0,"key":"sneckomod:MuddlingPotion"},{"floor":8.0,"key":"Energy Potion"},{"floor":9.0,"key":"GamblersBrew"},{"floor":14,"key":"bronze:FreeFunctionsPotion"}],"is_trial":false,"path_per_floor":["R","M","M","?","M","?","T","M","M","M","R","E","R","E","M","B"],"character_chosen":"THE_AUTOMATON","items_purchased":[],"campfire_rested":2,"item_purchase_floors":[],"current_hp_per_floor":[70,70,62,30,24,24,24,14,5,3,24,20,41,22,17,0,0,0],"gold":139,"neow_bonus":"TRANSFORM_TWO_CARDS","is_daily":false,"chose_seed":false,"campfire_upgraded":0,"win_rate":0.0,"timestamp":1612201617,"path_taken":["R","M","M","?","M","?","T","M","M","M","R","E","R","E","M","BOSS"],"items_purchased_type":[],"build_version":"2020-12-22","purchased_purges":0,"victory":false,"max_hp_per_floor":[70,70,70,70,70,70,70,70,70,70,70,70,70,70,70,70,70,70],"relic_stats":{"Centennial Puzzle":[21],"Happy Flower":[7],"counters":[11,64],"Question Card":7,"obtain_stats":[{"Potion Belt":14,"Centennial Puzzle":7,"bronze:BronzeCore":0,"downfall:HeartBlessingRed":11,"Happy Flower":12,"Question Card":4},{"Potion Belt":9,"Centennial Puzzle":4,"bronze:BronzeCore":0,"downfall:HeartBlessingRed":7,"Happy Flower":8,"Question Card":3},{"Potion Belt":50,"Centennial Puzzle":23,"bronze:BronzeCore":0,"downfall:HeartBlessingRed":40,"Happy Flower":43,"Question Card":18}]},"card_choices":[{"not_picked":["bronze:Refactor","bronze:Branch"],"picked":"bronze:GetLatest","floor":2.0},{"not_picked":["bronze:BronzeOrb","bronze:Invalidate"],"picked":"bronze:Constructor","floor":3.0},{"not_picked":["bronze:WhirlingStrike","bronze:Turbo"],"picked":"bronze:Flail","floor":4.0},{"not_picked":["bronze:Overheat","bronze:Safeguard","bronze:CutThrough"],"picked":"bronze:Shell","floor":5.0},{"not_picked":["bronze:Shell","bronze:WhirlingStrike","bronze:Shield"],"picked":"bronze:CleanCode","floor":8.0},{"not_picked":["bronze:Branch","bronze:Constructor","bronze:Frontload"],"picked":"bronze:Separator","floor":9.0},{"not_picked":["bronze:Allocate","bronze:Deprecate","bronze:ChosenStrike"],"picked":"bronze:Iterate","floor":10.0},{"not_picked":["bronze:ItsAFeature","bronze:Return","bronze:BronzeArmor"],"picked":"bronze:Fortify","floor":12.0},{"not_picked":["bronze:ForceShield","bronze:CutThrough","bronze:OilSpill"],"picked":"bronze:Boost","floor":14},{"not_picked":["bronze:ForLoop","bronze:DelayedSlice","bronze:DelayedGuard"],"picked":"bronze:Constructor","floor":15}],"player_experience":2696987,"relics_obtained":[{"floor":4.0,"key":"Question Card"},{"floor":7.0,"key":"Centennial Puzzle"},{"floor":12.0,"key":"Happy Flower"},{"floor":14,"key":"Potion Belt"}],"event_choices":[{"damage_healed":0.0,"max_hp_gain":0.0,"max_hp_loss":0.0,"gold_gain":0.0,"event_name":"Scrap Ooze","player_choice":"Fled","floor":6.0,"gold_loss":0.0,"damage_taken":0.0}],"is_beta":false,"boss_relics":[],"items_purged_floors":[],"is_endless":false,"potions_floor_spawned":[2,3,5,8,9,14],"killed_by":"SI_SHIV_ARCHETYPE","ascension_level":1}}