{"host":"3j2m8n0ywf988fwb","time":1612138324,"event":{"mods":["2.2 Compatiblity","AchievementEnabler","Act Like it!","Aspiration","BaseMod","Better Altar","Better Match","Better Note","Better Sensory Stone","Better Skull","Better Third Choice","CCEM2","ChefMod","Colored Map","Colored Powertips","Conspire","Dark Map","Energized Spire","GifTheSpireLib","Halation","Hallownest","Highlight Path","Hubris","Infinite Spire","Jedi Mod","Marked Mod","Mimic Mod","Minty Spire (QoL Compilation)","Monster B Gone","Random Character Button","Relic Filter Mod","Relic Stats","Reliquary","Replay The Spire","Robot Space Explorer","Shop Mod","Somnambulant","StS++","StSLib","Stuff the Spire","The Bug Knight","The Hierophant","The Runesmith","TheSurvivalist","Unceasing Turn Reminder","Weighted Paths","everything is the same but u backflip on backflip"],"gold_per_floor":[115,40,40,65,81,81,81,104,154,174,174,184,209,221,146,246,246,263,132,132,143,153,153,183,195,222,222,255,255,255,283,283,380,380,395,413,51,51,51],"floor_reached":38,"language":"ENG","playtime":2255,"items_purged":["RobotSpaceExplorer:Strike","RobotSpaceExplorer:Strike","RobotSpaceExplorer:Strike"],"score":518,"play_id":"ba57620a-a368-4a56-85ed-04879d69fea6","local_time":"20210131181204","is_ascension_mode":true,"campfire_choices":[{"data":"RobotSpaceExplorer:PlasmaMissile","floor":6,"key":"SMITH"},{"data":"RobotSpaceExplorer:StarLightning","floor":11,"key":"SMITH"},{"data":"RobotSpaceExplorer:MiniLasers","floor":23,"key":"SMITH"},{"floor":27,"key":"REST"},{"floor":32,"key":"REST"}],"circlet_count":0,"master_deck":["RobotSpaceExplorer:Strike","RobotSpaceExplorer:Defend","RobotSpaceExplorer:Defend","RobotSpaceExplorer:Defend","RobotSpaceExplorer:Defend","RobotSpaceExplorer:Scan","RobotSpaceExplorer:MiniLasers+1","RobotSpaceExplorer:ShovelStrike","RobotSpaceExplorer:PlasmaMissile+1","RobotSpaceExplorer:StarLightning+1","RobotSpaceExplorer:Fix","RobotSpaceExplorer:Fix","RobotSpaceExplorer:Blaster+1","RobotSpaceExplorer:ChargingLaser+1","RobotSpaceExplorer:PlasmaMissile","RobotSpaceExplorer:Explosion","RobotSpaceExplorer:Arsenal+1"],"relics":["RobotSpaceExplorer:RoboCore","hubris:Icosahedron","CCEMRelics:PorcelainBowl","reliquary:TuningFork","CCEMRelics:TeddyBear","Smiling Mask","CCEMRelics:DarkMatter","halation:AfternoonTea","RobotSpaceExplorer:FoglandsKnife","HornCleat","jedi:shrinkray","halation:HeavySnake","Guide Book"],"acts_visited":["Exordium","TheCity","TheBeyond"],"potions_floor_usage":[13,16,16,16,21,28,31],"damage_taken":[{"damage":0,"enemies":"Cultist","floor":1,"turns":4},{"damage":5,"enemies":"Jaw Worm","floor":5,"turns":2},{"damage":1,"enemies":"conspire:RoseBush","floor":10,"turns":2},{"damage":0,"enemies":"Blue Slaver","floor":12,"turns":2},{"damage":16,"enemies":"HollowMod:MossKnight","floor":13,"turns":7},{"damage":6,"enemies":"Exordium Thugs","floor":14,"turns":4},{"damage":9,"enemies":"The Guardian","floor":16,"turns":9},{"damage":0,"enemies":"Chosen","floor":18,"turns":3},{"damage":41,"enemies":"Centurion and Healer","floor":21,"turns":6},{"damage":10,"enemies":"Chosen and Byrds","floor":22,"turns":4},{"damage":15,"enemies":"Replay:Snechameleon","floor":24,"turns":6},{"damage":21,"enemies":"Snake Plant","floor":25,"turns":3},{"damage":40,"enemies":"conspire:SneckoGhost","floor":28,"turns":7},{"damage":1,"enemies":"Gremlin Leader","floor":31,"turns":6},{"damage":48,"enemies":"conspire:MysteriousRune","floor":33,"turns":8},{"damage":0,"enemies":"Orb Walker","floor":35,"turns":3},{"damage":1,"enemies":"3 Shapes","floor":36,"turns":4},{"damage":78,"enemies":"2 Orb Walkers","floor":38,"turns":4}],"seed_played":"8314239554193259045","potions_obtained":[{"floor":1,"key":"ColorlessPotion"},{"floor":12,"key":"jedi:StrikingPotion"},{"floor":13,"key":"jedi:StrikingPotion"},{"floor":14,"key":"StSpp:ScatteredWeakPotion"},{"floor":18,"key":"SteroidPotion"},{"floor":28,"key":"Block Potion"},{"floor":33,"key":"Weak Potion"}],"is_trial":false,"path_per_floor":["M","$","?","T","M","R","?","T","T","M","R","M","E","M","R_BF","B",null,"M","$","?","M","M","R","E","M","T","R","E","?","?","E","R_BF","B",null,"M","M","$","?"],"character_chosen":"RobotSpaceExplorer","items_purchased":["RobotSpaceExplorer:PlasmaMissile","RobotSpaceExplorer:Arsenal","Guide Book"],"campfire_rested":2,"item_purchase_floors":[19,37,37],"current_hp_per_floor":[75,75,75,75,70,70,70,70,70,69,69,69,57,59,59,58,75,75,75,75,42,40,40,33,16,16,38,21,21,21,28,50,25,75,75,74,74,0,0],"gold":51,"neow_bonus":"THREE_CARDS","is_daily":false,"chose_seed":false,"campfire_upgraded":3,"win_rate":0.0,"timestamp":1612138324,"path_taken":["M","?","?","?","?","R","?","?","T","?","R","M","E","M","R_BF","BOSS","M","$","?","M","M","R","E","M","T","R","E","?","?","E","R_BF","BOSS","M","M","$","?"],"items_purchased_type":["Card","Card","Relic"],"build_version":"2020-12-22","purchased_purges":3,"victory":false,"max_hp_per_floor":[75,75,75,75,75,75,75,75,75,75,75,75,75,75,75,75,75,75,75,75,75,75,75,75,75,75,75,75,75,75,75,75,75,75,75,75,75,75,75],"relic_stats":{"counters":[18,84],"Smiling Mask":125,"obtain_stats":[{"CCEMRelics:PorcelainBowl":4,"CCEMRelics:TeddyBear":9,"Guide Book":37,"RobotSpaceExplorer:RoboCore":0,"Smiling Mask":13,"jedi:shrinkray":31,"halation:HeavySnake":34,"RobotSpaceExplorer:FoglandsKnife":26,"CCEMRelics:DarkMatter":17,"hubris:Icosahedron":3,"HornCleat":28,"reliquary:TuningFork":8,"halation:AfternoonTea":24},{"CCEMRelics:PorcelainBowl":1,"CCEMRelics:TeddyBear":2,"Guide Book":17,"RobotSpaceExplorer:RoboCore":0,"Smiling Mask":5,"jedi:shrinkray":14,"halation:HeavySnake":15,"RobotSpaceExplorer:FoglandsKnife":12,"CCEMRelics:DarkMatter":7,"hubris:Icosahedron":1,"HornCleat":13,"reliquary:TuningFork":2,"halation:AfternoonTea":11},{"CCEMRelics:PorcelainBowl":4,"CCEMRelics:TeddyBear":6,"Guide Book":80,"RobotSpaceExplorer:RoboCore":0,"Smiling Mask":17,"jedi:shrinkray":65,"halation:HeavySnake":73,"RobotSpaceExplorer:FoglandsKnife":52,"CCEMRelics:DarkMatter":30,"hubris:Icosahedron":4,"HornCleat":59,"reliquary:TuningFork":6,"halation:AfternoonTea":49}]},"card_choices":[{"not_picked":["RobotSpaceExplorer:FreezingShield","RobotSpaceExplorer:MetalStrike"],"picked":"RobotSpaceExplorer:ShovelStrike","floor":0},{"not_picked":["RobotSpaceExplorer:StunGrenade","RobotSpaceExplorer:DoubleBlock"],"picked":"RobotSpaceExplorer:PlasmaMissile","floor":1},{"not_picked":["RobotSpaceExplorer:ImprovisedAttack","RobotSpaceExplorer:Ammunition","RobotSpaceExplorer:SurgingStrike"],"picked":"SKIP","floor":5},{"not_picked":["RobotSpaceExplorer:ShovelStrike","RobotSpaceExplorer:SurgingStrike","RobotSpaceExplorer:DoubleFind"],"picked":"SKIP","floor":10},{"not_picked":["RobotSpaceExplorer:FranticSearch","RobotSpaceExplorer:Probe"],"picked":"RobotSpaceExplorer:Fix","floor":12},{"not_picked":["RobotSpaceExplorer:MakeshiftVolley","RobotSpaceExplorer:ShovelStrike"],"picked":"RobotSpaceExplorer:Fix","floor":13},{"not_picked":["RobotSpaceExplorer:GlueShot","RobotSpaceExplorer:SlimeMissile"],"picked":"RobotSpaceExplorer:Blaster","floor":14},{"not_picked":["RobotSpaceExplorer:DroneSwarm+1","RobotSpaceExplorer:Blaster+1"],"picked":"RobotSpaceExplorer:ChargingLaser+1","floor":15},{"not_picked":["RobotSpaceExplorer:Counterblock+1","RobotSpaceExplorer:TurboDodge","RobotSpaceExplorer:MiniBoosters"],"picked":"SKIP","floor":18},{"not_picked":["RobotSpaceExplorer:JunkDive+1","RobotSpaceExplorer:Jetpack","RobotSpaceExplorer:SurgingStrike"],"picked":"SKIP","floor":21},{"not_picked":["RobotSpaceExplorer:ShovelStrike","RobotSpaceExplorer:ShockKick","RobotSpaceExplorer:DoubleFind"],"picked":"SKIP","floor":22},{"not_picked":["RobotSpaceExplorer:RigExplosive","RobotSpaceExplorer:ExhaustFan+1","RobotSpaceExplorer:ShockKick"],"picked":"SKIP","floor":24},{"not_picked":["RobotSpaceExplorer:DoubleBlock","RobotSpaceExplorer:Ammunition","RobotSpaceExplorer:FrostMissile+1"],"picked":"SKIP","floor":25},{"not_picked":["RobotSpaceExplorer:StunGrenade","RobotSpaceExplorer:SlimeMissile","RobotSpaceExplorer:BigMissile"],"picked":"SKIP","floor":28},{"not_picked":["RobotSpaceExplorer:SurgingShield","RobotSpaceExplorer:Probe+1","RobotSpaceExplorer:DoubleBlock"],"picked":"SKIP","floor":31},{"not_picked":["RobotSpaceExplorer:Blaster","RobotSpaceExplorer:DroneSwarm"],"picked":"RobotSpaceExplorer:Explosion","floor":33},{"not_picked":["RobotSpaceExplorer:PowerCollector+1","RobotSpaceExplorer:SlimeMissile","RobotSpaceExplorer:SelfCleaning"],"picked":"SKIP","floor":35},{"not_picked":["RobotSpaceExplorer:FranticSearch+1","RobotSpaceExplorer:FrostMissile","RobotSpaceExplorer:Counterblock+1"],"picked":"SKIP","floor":36}],"player_experience":978025,"relics_obtained":[{"floor":4,"key":"CCEMRelics:PorcelainBowl"},{"floor":8,"key":"reliquary:TuningFork"},{"floor":9,"key":"CCEMRelics:TeddyBear"},{"floor":13,"key":"Smiling Mask"},{"floor":24,"key":"halation:AfternoonTea"},{"floor":26,"key":"RobotSpaceExplorer:FoglandsKnife"},{"floor":28,"key":"HornCleat"},{"floor":31,"key":"jedi:shrinkray"}],"event_choices":[{"damage_healed":0,"gold_gain":0,"player_choice":"2","damage_taken":0,"max_hp_gain":0,"max_hp_loss":0,"event_name":"betterMatch:BetterMatch","floor":15,"gold_loss":0,"cards_obtained":["betterMatch:RareCard"]},{"damage_healed":0,"gold_gain":0,"player_choice":"Ignored","damage_taken":0,"max_hp_gain":0,"max_hp_loss":0,"event_name":"betterNote:BetterNote","floor":20,"gold_loss":0,"cards_obtained":["Neutralize"]},{"damage_healed":0,"gold_gain":0,"player_choice":"Fight","damage_taken":0,"max_hp_gain":0,"max_hp_loss":0,"event_name":"Mysterious Sphere","floor":38,"gold_loss":0}],"is_beta":false,"boss_relics":[{"not_picked":["CCEMRelics:ExpiredCReal","Replay:Bronze Core"],"picked":"CCEMRelics:DarkMatter"},{"not_picked":["hubris:VirtuousBlindfold","Painkiller Herb"],"picked":"halation:HeavySnake"}],"items_purged_floors":[2,19,37],"is_endless":false,"potions_floor_spawned":[1,12,13,14,18,28,33],"killed_by":"2 Orb Walkers","ascension_level":4}}