{"host":"h1qktzcccqnez8tx","time":1612190007,"event":{"mods":["AchievementEnabler","BaseMod","Bestiary","Better Note","Block Reminder","Colored Map","Colored Powertips","Curses Come First","Downfall","Highlight Path","Infinite Spire","Minty Spire (QoL Compilation)","Permanent Neow","Quick Restart","Relic Stats","Replay The Spire","Say the Spire","StSLib","The Cursed","UnlockEverythingMod"],"gold_per_floor":[109,129,49,97,73,73,108,120,132,144,187,199,211,223,235,350,362,388,400,422,434,469,481,509,555,567,579,591,603,646,674,686,797,809,840,852,877,908,939,951,963,985,997,1009,1052,1114,975,992,992,992],"floor_reached":51,"language":"ENG","playtime":2283,"items_purged":["hexamod:Strike","hexamod:SpectersWail"],"score":722,"play_id":"6b726411-c145-43ed-86ef-a3cdd068655c","local_time":"20210201153327","is_ascension_mode":true,"campfire_choices":[{"data":"hexamod:Float","floor":6,"key":"SMITH"},{"data":"hexamod:EmpoweredFlame","floor":8,"key":"SMITH"},{"data":"hexamod:BurningTouch","floor":10,"key":"SMITH"},{"data":"hexamod:EmpoweredFlame","floor":13,"key":"SMITH"},{"floor":15,"key":"REST"},{"data":"hexamod:NightmareGuise","floor":23,"key":"SMITH"},{"data":"hexamod:EmpoweredFlame","floor":27,"key":"SMITH"},{"data":"hexamod:FlamesFromBeyond","floor":32,"key":"SMITH"},{"data":"hexamod:FlamesFromBeyond","floor":40,"key":"SMITH"},{"data":"hexamod:SearingWound","floor":49,"key":"SMITH"}],"circlet_count":0,"master_deck":["hexamod:Defend","hexamod:Defend","hexamod:Defend","hexamod:Defend","hexamod:Sear","hexamod:Float+1","hexamod:BurningTouch+1","hexamod:EmpoweredFlame+1","hexamod:SuperheatedStrike","hexamod:GhostOfSpireFuture","hexamod:FlamesFromBeyond+1","hexamod:NightmareGuise+1","hexamod:EmpoweredFlame+1","hexamod:SearingWound+1","hexamod:SpectersWail","hexamod:FlamesFromBeyond+1","hexamod:EmpoweredFlame+1","hexamod:FlamesFromBeyond+1","hexamod:Toasty","hexamod:Hexaguard+1","hexamod:FlamesFromBeyond+1","hexamod:FlamesFromBeyond+1","hexamod:FlamesFromBeyond+1"],"relics":["Honey Jar","hexamod:CandleOfCauterizing","MawBank","Singing Bowl","Lizard Tail","Coffee Dripper","HandDrill","Enchiridion","hexamod:BolsterEngine","Dream Catcher","Ginger","MutagenicStrength","Thread and Needle","Empty Cage","Pear","infinitespire:Beetle Shell","Pondfish Scales"],"acts_visited":["Exordium","TheCity","TheBeyond"],"potions_floor_usage":[25,33,45,50,50,50,50],"damage_taken":[{"damage":0,"enemies":"Cultist","floor":1,"turns":3},{"damage":6,"enemies":"Jaw Worm","floor":2,"turns":3},{"damage":18,"enemies":"Gremlin Nob","floor":7,"turns":3},{"damage":17,"enemies":"Lagavulin","floor":11,"turns":6},{"damage":30,"enemies":"Fading Forest","floor":16,"turns":11},{"damage":15,"enemies":"2 Thieves","floor":18,"turns":3},{"damage":18,"enemies":"Spheric Guardian","floor":20,"turns":5},{"damage":0,"enemies":"Cultist and Chosen","floor":24,"turns":3},{"damage":0,"enemies":"Book of Stabbing","floor":25,"turns":3},{"damage":7,"enemies":"Slavers","floor":30,"turns":4},{"damage":0,"enemies":"3 Cultists","floor":31,"turns":3},{"damage":65,"enemies":"Champ","floor":33,"turns":7},{"damage":4,"enemies":"Orb Walker","floor":35,"turns":3},{"damage":0,"enemies":"3 Darklings","floor":37,"turns":3},{"damage":0,"enemies":"4 Shapes","floor":38,"turns":3},{"damage":18,"enemies":"Maw","floor":39,"turns":4},{"damage":14,"enemies":"Writhing Mass","floor":42,"turns":3},{"damage":7,"enemies":"Reptomancer","floor":45,"turns":3},{"damage":26,"enemies":"Mind Bloom Boss Battle","floor":46,"turns":3},{"damage":2,"enemies":"Spire Growth","floor":48,"turns":3},{"damage":10,"enemies":"Replay:Hell Engine","floor":50,"turns":8}],"seed_played":"-4927045598234602376","potions_obtained":[{"floor":24,"key":"hexamod:SoulburnPotion"},{"floor":31,"key":"AttackPotion"},{"floor":33,"key":"SpeedPotion"},{"floor":37,"key":"Strength Potion"},{"floor":39,"key":"Energy Potion"},{"floor":42,"key":"Flashbang"},{"floor":45,"key":"Toxic Potion"}],"is_trial":false,"path_per_floor":["M","M","$","?","$","R","E","R","T","R","E","?","R","$","R","B",null,"M","AVR","M","?","T","R","M","E","T","R","?","?","E","M","R","B",null,"M","?","M","M","M","R","?","M","T","?","E","?","$","M","R","B",null],"character_chosen":"THE_SPIRIT","items_purchased":["hexamod:EmpoweredFlame","hexamod:FlamesFromBeyond","Regen Potion"],"campfire_rested":1,"item_purchase_floors":[3,5,47],"current_hp_per_floor":[70,64,64,64,64,64,46,46,46,46,29,29,29,29,50,30,70,57,57,39,23,23,23,23,25,25,25,25,25,18,20,20,14,76,74,74,74,74,58,58,58,46,56,56,49,25,25,23,23,28],"gold":992,"neow_bonus":"BOSS_RELIC","is_daily":false,"chose_seed":false,"campfire_upgraded":9,"win_rate":0.0,"timestamp":1612190007,"path_taken":["M","M","$","?","$","R","E","R","T","R","E","?","R","$","R","BOSS","M","AVR","M","?","?","R","?","E","T","R","?","?","E","M","R","BOSS","M","?","?","?","M","R","?","M","T","?","E","?","$","M","R","BOSS"],"items_purchased_type":["Card","Card","Potion"],"build_version":"2020-12-22","purchased_purges":2,"victory":true,"max_hp_per_floor":[70,70,70,70,70,70,70,70,70,70,70,70,70,70,70,70,70,72,72,72,72,72,72,72,74,74,74,74,74,74,76,76,76,76,78,78,78,78,80,80,80,82,92,92,92,94,94,94,94,94],"relic_stats":{"Lizard Tail":38,"Dream Catcher":0,"Singing Bowl":14,"counters":[21,87],"HandDrill":[22],"Ginger":[7],"MawBank":480,"obtain_stats":[{"hexamod:CandleOfCauterizing":4,"Pear":43,"Singing Bowl":9,"Enchiridion":21,"Thread and Needle":30,"infinitespire:Beetle Shell":45,"Ginger":26,"MawBank":7,"Empty Cage":34,"Lizard Tail":11,"Dream Catcher":25,"Pondfish Scales":46,"MutagenicStrength":28,"Honey Jar":0,"Coffee Dripper":17,"HandDrill":19,"hexamod:BolsterEngine":22,"hexamod:SpiritBrand":0},{"hexamod:CandleOfCauterizing":2,"Pear":17,"Singing Bowl":3,"Enchiridion":7,"Thread and Needle":10,"infinitespire:Beetle Shell":18,"Ginger":9,"MawBank":3,"Empty Cage":12,"Lizard Tail":4,"Dream Catcher":9,"Pondfish Scales":19,"MutagenicStrength":9,"Honey Jar":0,"Coffee Dripper":5,"HandDrill":6,"hexamod:BolsterEngine":7,"hexamod:SpiritBrand":0},{"hexamod:CandleOfCauterizing":6,"Pear":70,"Singing Bowl":9,"Enchiridion":34,"Thread and Needle":44,"infinitespire:Beetle Shell":73,"Ginger":40,"MawBank":9,"Empty Cage":54,"Lizard Tail":15,"Dream Catcher":40,"Pondfish Scales":76,"MutagenicStrength":40,"Honey Jar":0,"Coffee Dripper":26,"HandDrill":29,"hexamod:BolsterEngine":34,"hexamod:SpiritBrand":0}]},"card_choices":[{"not_picked":["hexamod:RecurringNightmare","hexamod:GhostLash","hexamod:NecessarySacrifice"],"picked":"hexamod:SpectersWail","floor":1},{"not_picked":["hexamod:NightmareStrike","hexamod:ShieldOfDarkness","hexamod:CatchUp"],"picked":"hexamod:BurningTouch","floor":2},{"not_picked":["hexamod:NightmareGuise","hexamod:DynamicBlow","hexamod:SpectralSpark"],"picked":"hexamod:SuperheatedStrike","floor":4},{"not_picked":["hexamod:Rewind","hexamod:HeatMetal","hexamod:SpectersWail"],"picked":"hexamod:GhostOfSpireFuture","floor":4},{"not_picked":["hexamod:SkipABeat","hexamod:AdvancingGuard","hexamod:Rewind"],"picked":"hexamod:NightmareGuise","floor":7},{"not_picked":["hexamod:Toasty","hexamod:NightmareGuise","hexamod:SuperheatedStrike"],"picked":"hexamod:EmpoweredFlame","floor":11},{"not_picked":["hexamod:FifthSeal","hexamod:HexaLevel","hexamod:GiftsFromTheDead"],"picked":"hexamod:SearingWound","floor":16},{"not_picked":["hexamod:BacktrackSmack","hexamod:HauntingEcho","hexamod:SuperheatedStrike","hexamod:SpectersWail"],"picked":"Singing Bowl","floor":18},{"not_picked":["hexamod:StepThrough+1","hexamod:Again","hexamod:ShieldOfDarkness"],"picked":"hexamod:FlamesFromBeyond","floor":20},{"not_picked":["hexamod:StepThrough+1","hexamod:TimeOfNeed","hexamod:NightmareGuise"],"picked":"hexamod:EmpoweredFlame","floor":24},{"not_picked":["hexamod:ThermalTransfer","hexamod:ExtraCrispy","hexamod:NightmareStrike","hexamod:FastForward"],"picked":"Singing Bowl","floor":25},{"not_picked":["hexamod:AdvancingGuard","hexamod:TimeOfNeed","hexamod:ParanormalForm"],"picked":"hexamod:FlamesFromBeyond+1","floor":30},{"not_picked":["hexamod:ShieldOfDarkness","hexamod:ChargedBarrage","hexamod:SecondSeal","hexamod:InspiringFlames"],"picked":"Singing Bowl","floor":31},{"not_picked":["hexamod:WildfireWeapon","hexamod:ParanormalForm","hexamod:HexaLevel"],"picked":"hexamod:Toasty","floor":33},{"not_picked":["hexamod:Again","hexamod:SwordOfDarkness","hexamod:NightmareStrike","hexamod:ShieldOfDarkness+1"],"picked":"Singing Bowl","floor":35},{"not_picked":["hexamod:DynamicBlow","hexamod:RainOfEmbers+1","hexamod:Rewind+1"],"picked":"hexamod:Hexaguard+1","floor":37},{"not_picked":["hexamod:ThermalTransfer","hexamod:AdvancingGuard+1","hexamod:StepThrough"],"picked":"hexamod:FlamesFromBeyond+1","floor":38},{"not_picked":["hexamod:NightmareGuise","hexamod:InspiringFlames","hexamod:DynamicBlow","hexamod:Hexaguard"],"picked":"Singing Bowl","floor":39},{"not_picked":["hexamod:CatchUp","hexamod:PhantomFireball+1","hexamod:FourthSeal","hexamod:NightmareStrike+1"],"picked":"Singing Bowl","floor":42},{"not_picked":["hexamod:BacktrackSmack+1","hexamod:TimeOfNeed","hexamod:ThermalTransfer+1"],"picked":"hexamod:FlamesFromBeyond+1","floor":45},{"not_picked":["hexamod:HauntingEcho","hexamod:Haunt+1","hexamod:Firestarter","hexamod:SecondSeal"],"picked":"Singing Bowl","floor":46},{"not_picked":["hexamod:Again","hexamod:RecurringNightmare","hexamod:FastForward"],"picked":"hexamod:FlamesFromBeyond+1","floor":48}],"player_experience":364990,"relics_obtained":[{"floor":4,"key":"hexamod:CandleOfCauterizing"},{"floor":7,"key":"MawBank"},{"floor":9,"key":"Singing Bowl"},{"floor":11,"key":"Lizard Tail"},{"floor":21,"key":"Enchiridion"},{"floor":22,"key":"hexamod:BolsterEngine"},{"floor":25,"key":"Dream Catcher"},{"floor":26,"key":"Ginger"},{"floor":30,"key":"Thread and Needle"},{"floor":43,"key":"Pear"},{"floor":45,"key":"infinitespire:Beetle Shell"},{"floor":46,"key":"Pondfish Scales"}],"event_choices":[{"damage_healed":0,"gold_gain":0,"player_choice":"Obtained Book","damage_taken":16,"max_hp_gain":0,"max_hp_loss":0,"event_name":"Cursed Tome","floor":21,"gold_loss":0},{"damage_healed":0,"gold_gain":0,"player_choice":"Inject Mutagens","damage_taken":0,"relics_obtained":["MutagenicStrength"],"max_hp_gain":0,"max_hp_loss":0,"event_name":"Drug Dealer","floor":28,"gold_loss":0},{"cards_removed":["hexamod:Strike"],"damage_healed":0,"gold_gain":0,"player_choice":"Offered Basic","damage_taken":0,"max_hp_gain":0,"max_hp_loss":0,"event_name":"Bonfire Elementals","floor":29,"gold_loss":0},{"damage_healed":0,"gold_gain":0,"player_choice":"Ignored","damage_taken":0,"max_hp_gain":0,"max_hp_loss":0,"event_name":"SecretPortal","floor":36,"gold_loss":0},{"damage_healed":0,"gold_gain":0,"player_choice":"Fight","damage_taken":0,"max_hp_gain":0,"max_hp_loss":0,"event_name":"MindBloom","floor":46,"gold_loss":0}],"is_beta":false,"boss_relics":[{"not_picked":["Black Star","bronze:MakeshiftBattery"],"picked":"Coffee Dripper"},{"not_picked":["Pandora\u0027s Box","Busted Crown"],"picked":"Empty Cage"}],"items_purged_floors":[19,47],"is_endless":false,"potions_floor_spawned":[24,31,33,37,39,42,45,48],"ascension_level":1}}