{"host":"7iv10lxbxedtd0qh","time":1612197578,"event":{"mods":["BaseMod","Colored Map","Colored Powertips","Downfall","Minty Spire (QoL Compilation)","StSLib"],"gold_per_floor":[99,119,119,269,284,284,310,310,310,310,336,362,362,372,388,388,388,388],"floor_reached":16,"language":"ENG","playtime":489,"items_purged":[],"score":102,"play_id":"c4457a29-e436-4fa6-ac69-8c5606250ecf","local_time":"20210201173938","is_ascension_mode":true,"campfire_choices":[{"data":"sneckomod:TailWhip","floor":1.0,"key":"SMITH"},{"data":"sneckomod:RainOfDice","floor":6.0,"key":"SMITH"},{"data":"sneckomod:IronFang","floor":9.0,"key":"SMITH"}],"circlet_count":0,"master_deck":["sneckomod:Defend+1","sneckomod:Defend","sneckomod:Defend","sneckomod:TailWhip+1","sneckomod:SnekBite","sneckomod:Unknown","sneckomod:Unknown","sneckomod:RainOfDice+1","sneckomod:IronFang+1","sneckomod:IronFang+1","sneckomod:UnknownRareSkill"],"relics":["sneckomod:SneckoSoul","Lantern","Spirit Poop","Juzu Bracelet","Odd Mushroom"],"acts_visited":["Exordium"],"potions_floor_usage":[16,16,16],"damage_taken":[{"damage":5.0,"enemies":"Small Slimes","floor":2.0,"turns":3.0},{"damage":0.0,"enemies":"2 Louse","floor":5.0,"turns":2.0},{"damage":24.0,"enemies":"3 Sentries","floor":11.0,"turns":8.0},{"damage":14.0,"enemies":"The Mushroom Lair","floor":12.0,"turns":4.0},{"damage":0.0,"enemies":"Jaw Worm","floor":14.0,"turns":2.0},{"damage":0.0,"enemies":"3 Louse","floor":15.0,"turns":2.0},{"damage":40,"enemies":"DF_ARCHETYPE_STREAMLINE","floor":16,"turns":6}],"seed_played":"4053633950766834060","potions_obtained":[{"floor":5.0,"key":"Weak Potion"},{"floor":11.0,"key":"PowerPotion"},{"floor":14.0,"key":"DuplicationPotion"}],"is_trial":false,"path_per_floor":["R","M","?","?","M","R","T","?","R","?","E","?","?","M","M","B"],"character_chosen":"THE_SNECKO","items_purchased":[],"campfire_rested":0,"item_purchase_floors":[],"current_hp_per_floor":[81,76,76,76,76,76,76,76,76,76,52,38,38,38,38,0,0,0],"gold":388,"neow_bonus":"REMOVE_TWO","is_daily":false,"chose_seed":false,"campfire_upgraded":3,"win_rate":0.0,"timestamp":1612197578,"path_taken":["R","M","?","?","?","R","T","?","R","?","E","?","?","M","M","BOSS"],"items_purchased_type":[],"build_version":"2020-12-22","purchased_purges":0,"victory":false,"max_hp_per_floor":[81,81,81,81,81,81,81,81,81,81,81,81,81,81,81,81,81,81],"card_choices":[{"not_picked":["sneckomod:UnknownUncommonAttack","sneckomod:UnknownUncommonPower"],"picked":"sneckomod:RainOfDice","floor":2.0},{"not_picked":["sneckomod:SoulDraw","sneckomod:QuickMove"],"picked":"sneckomod:IronFang","floor":5.0},{"not_picked":["sneckomod:UnknownUncommonAttack","sneckomod:Unknown2Cost","sneckomod:UnknownStrike"],"picked":"SKIP","floor":11.0},{"not_picked":["sneckomod:UnknownUncommonAttack","sneckomod:Unknown2Cost","sneckomod:UnknownStrike"],"picked":"SKIP","floor":11.0},{"not_picked":["sneckomod:DiceCrush","sneckomod:QuickMove"],"picked":"sneckomod:IronFang","floor":12.0},{"not_picked":["sneckomod:UnknownUncommonPower","sneckomod:TrashToTreasure","sneckomod:UnknownDraw"],"picked":"SKIP","floor":14.0},{"not_picked":["sneckomod:Rotation","sneckomod:UnendingSupply"],"picked":"sneckomod:UnknownRareSkill","floor":15.0}],"player_experience":777810,"relics_obtained":[{"floor":7.0,"key":"Lantern"},{"floor":11.0,"key":"Juzu Bracelet"},{"floor":12.0,"key":"Odd Mushroom"}],"event_choices":[{"cards_removed":["downfall:Icky"],"damage_healed":0.0,"max_hp_gain":0.0,"max_hp_loss":0.0,"gold_gain":0.0,"event_name":"Bonfire Elementals","player_choice":"Offered Curse","floor":10.0,"gold_loss":0.0,"damage_taken":0.0,"relics_obtained":["Spirit Poop"]},{"damage_healed":0.0,"max_hp_gain":0.0,"max_hp_loss":0.0,"gold_gain":0.0,"event_name":"Mushrooms","player_choice":"Fought Mushrooms","floor":12.0,"gold_loss":0.0,"damage_taken":0.0},{"damage_healed":0.0,"max_hp_gain":0.0,"max_hp_loss":0.0,"gold_gain":0.0,"event_name":"Accursed Blacksmith","player_choice":"Forge","floor":13.0,"gold_loss":0.0,"damage_taken":0.0,"cards_upgraded":["sneckomod:IronFang"]}],"is_beta":false,"boss_relics":[],"items_purged_floors":[],"is_endless":false,"potions_floor_spawned":[5,11,14],"killed_by":"DF_ARCHETYPE_STREAMLINE","ascension_level":1}}