{"host":"59wnhi65kiwmnpg4","time":1612200318,"event":{"mods":["2.2 Compatiblity","AchievementEnabler","BaseMod","BetterRewards","Colored Map","Custom Start","Disable Question Mark Monsters","Highlight Path","Minty Spire (QoL Compilation)","Permanent Neow","Relic Sorter","Relic Stats"],"gold_per_floor":[119,39,39,51,61,61,81,108,135,161,35,60,60,77,77,151,151,162,212,230,108,123,123,123],"floor_reached":23,"language":"ENG","playtime":1886,"items_purged":[],"score":472,"play_id":"faf5371e-316a-4679-83cd-eeb838bb5090","local_time":"20210201172518","daily_mods":["Draft","Heirloom","DeadlyEvents","Elite Swarm"],"is_ascension_mode":true,"campfire_choices":[{"data":"Cloak And Dagger","floor":6.0,"key":"SMITH"},{"data":"Envenom","floor":13.0,"key":"SMITH"},{"data":"Footwork","floor":15.0,"key":"SMITH"}],"circlet_count":0,"master_deck":["AscendersBane","Cloak And Dagger","Infinite Blades","Cloak And Dagger","Slice","PiercingWail","Blade Dance","PiercingWail","Blade Dance","Deflect","Catalyst","Footwork+1","Acrobatics","Sucker Punch","Cloak And Dagger+1","Finisher","Flying Knee","Footwork","Finisher","Deflect","Terror","Grand Finale","Deadly Poison","Envenom+1","Tools of the Trade+1","Well Laid Plans+1","A Thousand Cuts+1","Prepared","Phantasmal Killer","Dodge and Roll","PiercingWail","Accuracy+1","Tactician","Deflect"],"relics":["Ring of the Snake","Lizard Tail","Art of War","Pen Nib","Frozen Egg 2","Dream Catcher","SacredBark"],"acts_visited":["Exordium","TheCity"],"potions_floor_usage":[20,22],"damage_taken":[{"damage":0.0,"enemies":"Small Slimes","floor":1.0,"turns":2.0},{"damage":0.0,"enemies":"Cultist","floor":4.0,"turns":2.0},{"damage":2.0,"enemies":"2 Louse","floor":5.0,"turns":3.0},{"damage":2.0,"enemies":"Exordium Thugs","floor":7.0,"turns":4.0},{"damage":9.0,"enemies":"3 Sentries","floor":8.0,"turns":5.0},{"damage":29.0,"enemies":"Gremlin Nob","floor":10.0,"turns":4.0},{"damage":0.0,"enemies":"Lagavulin","floor":12.0,"turns":4.0},{"damage":14.0,"enemies":"Blue Slaver","floor":14.0,"turns":4.0},{"damage":24.0,"enemies":"The Guardian","floor":16.0,"turns":7.0},{"damage":18.0,"enemies":"2 Thieves","floor":18.0,"turns":3.0},{"damage":3,"enemies":"3 Byrds","floor":20,"turns":4},{"damage":1,"enemies":"Shelled Parasite and Fungi","floor":22,"turns":3},{"damage":38,"enemies":"Book of Stabbing","floor":23,"turns":5}],"seed_played":"8122761701600897265","potions_obtained":[{"floor":7.0,"key":"LiquidBronze"},{"floor":12.0,"key":"Fire Potion"},{"floor":16.0,"key":"PowerPotion"},{"floor":20,"key":"GhostInAJar"}],"is_trial":true,"path_per_floor":["M","$","?","M","M","R","M","E","T","E","$","E","R","M","R","B",null,"M","?","M","$","M","E"],"character_chosen":"THE_SILENT","items_purchased":["Footwork","Well Laid Plans+1","Regen Potion","Accuracy+1","Tactician"],"campfire_rested":0,"item_purchase_floors":[2,11,11,21,21],"current_hp_per_floor":[59,59,59,59,57,57,55,46,46,17,17,29,29,15,15,24,56,38,38,35,35,34,0,0],"gold":123,"neow_bonus":"","is_daily":false,"chose_seed":false,"campfire_upgraded":3,"win_rate":0.0,"timestamp":1612200318,"path_taken":["M","$","?","M","?","R","M","E","T","E","$","E","R","M","R","BOSS","M","?","M","$","?","E"],"items_purchased_type":["Card","Card","Potion","Card","Card"],"build_version":"2020-12-22","purchased_purges":0,"victory":false,"max_hp_per_floor":[66,66,66,66,66,66,66,66,66,66,66,66,66,66,66,66,66,66,66,66,66,66,66,66],"relic_stats":{"Lizard Tail":33,"Dream Catcher":0,"counters":[13,50],"Pen Nib":[8],"Art of War":[10],"obtain_stats":[{"Lizard Tail":0,"Dream Catcher":12,"SacredBark":17,"Pen Nib":9,"Art of War":8,"Frozen Egg 2":10,"Ring of the Snake":0},{"Lizard Tail":0,"Dream Catcher":7,"SacredBark":9,"Pen Nib":5,"Art of War":5,"Frozen Egg 2":6,"Ring of the Snake":0},{"Lizard Tail":0,"Dream Catcher":24,"SacredBark":35,"Pen Nib":16,"Art of War":16,"Frozen Egg 2":20,"Ring of the Snake":0}],"Ring of the Snake":[26]},"card_choices":[{"not_picked":["Bane","Slice"],"picked":"Cloak And Dagger","floor":0.0},{"not_picked":["Dodge and Roll","Dash"],"picked":"Infinite Blades","floor":0.0},{"not_picked":["Calculated Gamble","Reflex"],"picked":"Cloak And Dagger","floor":0.0},{"not_picked":["Eviscerate","Bane"],"picked":"Slice","floor":0.0},{"not_picked":["Dodge and Roll","Skewer"],"picked":"PiercingWail","floor":0.0},{"not_picked":["Dodge and Roll","Bane"],"picked":"Blade Dance","floor":0.0},{"not_picked":["Acrobatics","Flechettes"],"picked":"PiercingWail","floor":0.0},{"not_picked":["Infinite Blades","Escape Plan"],"picked":"Blade Dance","floor":0.0},{"not_picked":["Poisoned Stab","Bane"],"picked":"Deflect","floor":0.0},{"not_picked":["Flying Knee","Concentrate"],"picked":"Catalyst","floor":0.0},{"not_picked":["Prepared","Underhanded Strike"],"picked":"Footwork","floor":0.0},{"not_picked":["PiercingWail","Noxious Fumes"],"picked":"Acrobatics","floor":0.0},{"not_picked":["Concentrate","Distraction"],"picked":"Sucker Punch","floor":0.0},{"not_picked":["Dagger Spray","Prepared"],"picked":"Cloak And Dagger","floor":0.0},{"not_picked":["Poisoned Stab","Backflip"],"picked":"Finisher","floor":0.0},{"not_picked":["Bouncing Flask","Underhanded Strike"],"picked":"Flying Knee","floor":1.0},{"not_picked":["Predator","Blade Dance"],"picked":"Terror","floor":4.0},{"not_picked":["Dagger Spray","Outmaneuver"],"picked":"Grand Finale","floor":5.0},{"not_picked":["Bane","Underhanded Strike"],"picked":"Deadly Poison","floor":7.0},{"not_picked":["Doppelganger","Night Terror"],"picked":"Envenom","floor":8.0},{"not_picked":["Storm of Steel","Adrenaline"],"picked":"Tools of the Trade+1","floor":10.0},{"not_picked":["Wraith Form v2+1","Bullet Time"],"picked":"A Thousand Cuts+1","floor":12.0},{"not_picked":["Predator","Quick Slash"],"picked":"Prepared","floor":14.0},{"not_picked":["Glass Knife","Storm of Steel"],"picked":"Phantasmal Killer","floor":16.0},{"not_picked":["Catalyst","Acrobatics"],"picked":"Dodge and Roll","floor":18.0},{"not_picked":["Backstab","Setup"],"picked":"PiercingWail","floor":20},{"not_picked":["Acrobatics+1","PiercingWail"],"picked":"Deflect","floor":22}],"player_experience":879712,"relics_obtained":[{"floor":8.0,"key":"Art of War"},{"floor":9.0,"key":"Pen Nib"},{"floor":10.0,"key":"Frozen Egg 2"},{"floor":12.0,"key":"Dream Catcher"}],"event_choices":[{"damage_healed":0.0,"max_hp_gain":0.0,"max_hp_loss":0.0,"gold_gain":0.0,"event_name":"Match and Keep!","player_choice":"2 cards matched","floor":3.0,"gold_loss":0.0,"damage_taken":0.0,"cards_obtained":["Finisher","Deflect"]},{"damage_healed":0.0,"max_hp_gain":0.0,"max_hp_loss":0.0,"gold_gain":100.0,"event_name":"The Joust","player_choice":"Bet on Murderer","floor":19.0,"gold_loss":50.0,"damage_taken":0.0}],"is_beta":false,"boss_relics":[{"not_picked":["Coffee Dripper","Astrolabe"],"picked":"SacredBark"}],"items_purged_floors":[],"is_endless":true,"potions_floor_spawned":[7,12,16,20],"killed_by":"Book of Stabbing","ascension_level":20}}