{"host":"test","time":1612188797,"event":{"mods":["BaseMod","Colored Map","Colored Powertips","Minty Spire (QoL Compilation)","Relic Stats","Slay the Relics Exporter","SpireBot","StSLib","ojb\u0027s Better Paths Mod","ojb\u0027s Info Mod"],"gold_per_floor":[116,130,146,196,210,210,228,228,228,250,250,250,306,316,316,415,415,432,432,470,525,8,8,59,59,83,118,118,134,159,159,159,258,258,258],"floor_reached":34,"language":"JPN","playtime":1928,"items_purged":[],"score":776,"play_id":"6d8b236f-fdc3-4490-bec1-04b9a4665e4c","local_time":"20210201231317","is_ascension_mode":true,"campfire_choices":[{"data":"Eruption","floor":6.0,"key":"SMITH"},{"floor":8.0,"key":"REST"},{"floor":12.0,"key":"REST"},{"floor":15.0,"key":"REST"},{"data":"BowlingBash","floor":23.0,"key":"SMITH"},{"data":"1","floor":25.0,"key":"LIFT"},{"floor":28.0,"key":"REST"},{"floor":32,"key":"REST"}],"circlet_count":0,"master_deck":["AscendersBane","Strike_P","Strike_P","Strike_P","Defend_P","Defend_P","Eruption+1","Vigilance","Nirvana+1","EmptyMind+1","FlyingSleeves+1","CutThroughFate","BowlingBash+1","ThirdEye","CutThroughFate","Wish","MentalFortress","DevaForm","Halt","Ghostly","Ghostly","Ghostly","Wallop","Fasting2","InnerPeace","Spot Weakness","Panacea","Leg Sweep","Adrenaline"],"relics":["Astrolabe","Letter Opener","Odd Mushroom","Tiny Chest","Pocketwatch","Sozu","Red Mask","PrismaticShard","Gremlin Horn","Girya","Happy Flower","Shuriken"],"acts_visited":["Exordium","TheCity"],"potions_floor_usage":[],"damage_taken":[{"damage":6.0,"enemies":"Jaw Worm","floor":1.0,"turns":4.0},{"damage":0.0,"enemies":"Cultist","floor":2.0,"turns":3.0},{"damage":7.0,"enemies":"Small Slimes","floor":3.0,"turns":3.0},{"damage":8.0,"enemies":"2 Fungi Beasts","floor":5.0,"turns":4.0},{"damage":0.0,"enemies":"Exordium Wildlife","floor":7.0,"turns":3.0},{"damage":16.0,"enemies":"The Mushroom Lair","floor":10.0,"turns":3.0},{"damage":23.0,"enemies":"Gremlin Nob","floor":13.0,"turns":4.0},{"damage":11.0,"enemies":"Gremlin Gang","floor":14.0,"turns":4.0},{"damage":8.0,"enemies":"The Guardian","floor":16.0,"turns":13.0},{"damage":29.0,"enemies":"2 Thieves","floor":18.0,"turns":3.0},{"damage":1.0,"enemies":"Shell Parasite","floor":20.0,"turns":10.0},{"damage":7.0,"enemies":"Masked Bandits","floor":21.0,"turns":6.0},{"damage":5.0,"enemies":"Gremlin Leader","floor":24.0,"turns":7.0},{"damage":11.0,"enemies":"Slavers","floor":27.0,"turns":6.0},{"damage":0.0,"enemies":"Snake Plant","floor":29.0,"turns":4.0},{"damage":5,"enemies":"Champ","floor":33,"turns":13}],"seed_played":"-6413626690553766574","potions_obtained":[{"floor":1.0,"key":"StancePotion"},{"floor":10.0,"key":"SpeedPotion"},{"floor":13.0,"key":"SpeedPotion"},{"floor":14.0,"key":"Strength Potion"}],"is_trial":false,"path_per_floor":["M","M","M","?","M","R","M","R","T","?","?","R","E","M","R","B",null,"M","?","M","?","$","R","E","R","T","E","R","M","T","?","R","B",null],"character_chosen":"WATCHER","items_purchased":["PrismaticShard","Gremlin Horn","InnerPeace"],"campfire_rested":5,"item_purchase_floors":[22,22,22],"current_hp_per_floor":[55,55,48,42,34,34,34,54,54,38,20,40,17,6,26,18,56,27,27,26,19,19,19,14,14,14,3,13,13,13,7,17,12,12,12],"gold":258,"neow_bonus":"BOSS_RELIC","is_daily":false,"chose_seed":true,"campfire_upgraded":2,"win_rate":0.0,"timestamp":1612188797,"path_taken":["M","M","M","?","?","R","M","R","T","?","?","R","E","M","R","BOSS","M","?","M","?","?","R","E","R","T","E","R","M","?","?","R","BOSS"],"items_purchased_type":["Relic","Relic","Card"],"build_version":"2020-12-18","purchased_purges":0,"victory":false,"max_hp_per_floor":[68,68,68,68,68,68,68,68,68,68,68,68,68,68,68,68,68,68,34,34,34,34,34,34,34,34,34,34,34,34,34,34,34,34,34],"relic_stats":{"Sozu":2,"Gremlin Horn":[8,8],"Happy Flower":[7],"counters":[16,90],"Shuriken":[4],"Astrolabe":["Nirvana","EmptyMind","FlyingSleeves"],"Tiny Chest":1,"Letter Opener":[66],"obtain_stats":[{"Girya":24,"Gremlin Horn":22,"Happy Flower":26,"Astrolabe":0,"Letter Opener":9,"Odd Mushroom":10,"PrismaticShard":22,"Sozu":17,"Shuriken":27,"Tiny Chest":11,"Red Mask":21,"PureWater":0,"Pocketwatch":13},{"Girya":13,"Gremlin Horn":12,"Happy Flower":13,"Astrolabe":0,"Letter Opener":5,"Odd Mushroom":6,"PrismaticShard":12,"Sozu":9,"Shuriken":14,"Tiny Chest":6,"Red Mask":12,"PureWater":0,"Pocketwatch":7},{"Girya":67,"Gremlin Horn":60,"Happy Flower":67,"Astrolabe":0,"Letter Opener":17,"Odd Mushroom":20,"PrismaticShard":60,"Sozu":41,"Shuriken":73,"Tiny Chest":20,"Red Mask":60,"PureWater":0,"Pocketwatch":24}],"Pocketwatch":[111]},"card_choices":[{"not_picked":["Swivel","Sanctity"],"picked":"CutThroughFate","floor":1.0},{"not_picked":["Evaluate","Protect"],"picked":"BowlingBash","floor":2.0},{"not_picked":["ForeignInfluence","PathToVictory"],"picked":"ThirdEye","floor":3.0},{"not_picked":["FlyingSleeves","ReachHeaven"],"picked":"CutThroughFate","floor":5.0},{"not_picked":["SashWhip","EmptyMind"],"picked":"Wish","floor":7.0},{"not_picked":["Fasting2","Adaptation"],"picked":"MentalFortress","floor":10.0},{"not_picked":["BowlingBash","SashWhip","WreathOfFlame"],"picked":"SKIP","floor":13.0},{"not_picked":["BowlingBash","FlyingSleeves","PathToVictory"],"picked":"SKIP","floor":14.0},{"not_picked":["Establishment","Judgement"],"picked":"DevaForm","floor":16.0},{"not_picked":["SandsOfTime","Evaluate"],"picked":"Halt","floor":18.0},{"not_picked":["Halt+1","FlyingSleeves"],"picked":"Wallop","floor":20.0},{"not_picked":["ForeignInfluence","Crescendo"],"picked":"Fasting2","floor":21.0},{"not_picked":["Shrug It Off","Dagger Throw"],"picked":"Spot Weakness","floor":24.0},{"not_picked":["Thunderclap","Noxious Fumes+1"],"picked":"Panacea","floor":27.0},{"not_picked":["Acrobatics","Discovery"],"picked":"Leg Sweep","floor":29.0},{"not_picked":["Offering","Bullet Time"],"picked":"Adrenaline","floor":33}],"player_experience":2022264,"relics_obtained":[{"floor":9.0,"key":"Letter Opener"},{"floor":10.0,"key":"Odd Mushroom"},{"floor":13.0,"key":"Pocketwatch"},{"floor":21.0,"key":"Red Mask"},{"floor":24.0,"key":"Girya"},{"floor":26.0,"key":"Happy Flower"},{"floor":27.0,"key":"Shuriken"}],"event_choices":[{"damage_healed":0.0,"max_hp_gain":0.0,"max_hp_loss":0.0,"gold_gain":50.0,"event_name":"FaceTrader","player_choice":"Touch","floor":4.0,"gold_loss":0.0,"damage_taken":6.0},{"damage_healed":0.0,"max_hp_gain":0.0,"max_hp_loss":0.0,"gold_gain":0.0,"event_name":"Mushrooms","player_choice":"Fought Mushrooms","floor":10.0,"gold_loss":0.0,"damage_taken":0.0},{"damage_healed":0.0,"max_hp_gain":0.0,"max_hp_loss":0.0,"gold_gain":0.0,"event_name":"Scrap Ooze","player_choice":"Success","floor":11.0,"gold_loss":0.0,"damage_taken":18.0,"relics_obtained":["Tiny Chest"]},{"damage_healed":0.0,"max_hp_gain":0.0,"max_hp_loss":34.0,"gold_gain":0.0,"event_name":"Ghosts","player_choice":"Became a Ghost","floor":19.0,"gold_loss":0.0,"damage_taken":0.0,"cards_obtained":["Ghostly","Ghostly","Ghostly"]},{"damage_healed":0.0,"max_hp_gain":0.0,"max_hp_loss":0.0,"gold_gain":0.0,"event_name":"Masked Bandits","player_choice":"Fought Bandits","floor":21.0,"gold_loss":0.0,"damage_taken":0.0},{"damage_healed":0,"gold_gain":0,"player_choice":"","damage_taken":6,"max_hp_gain":0,"max_hp_loss":0,"event_name":"Knowing Skull","floor":31,"potions_obtained":[],"gold_loss":0,"cards_obtained":[]}],"is_beta":true,"boss_relics":[{"not_picked":["SacredBark","Tiny House"],"picked":"Sozu"}],"items_purged_floors":[],"is_endless":false,"potions_floor_spawned":[1,10,13,14,18,33],"ascension_level":20}}