{"host":"o6rpelx2jpc8yies","time":1612161936,"event":{"mods":["BaseMod","Downfall","Minty Spire (QoL Compilation)","StSLib"],"gold_per_floor":[99,117,130,60,71,96,96,96,106,123,23,39,51,83,96,175,175,175,192,209,209,36,36,36,36],"floor_reached":23,"language":"ENG","playtime":2100,"items_purged":[],"score":410,"play_id":"0d1ad65d-5b8e-40aa-bfaf-1b8acb64462a","local_time":"20210131234536","is_ascension_mode":true,"campfire_choices":[{"floor":1,"key":"RECALL"},{"floor":8,"key":"REST"},{"floor":11,"key":"REST"},{"data":"champ:SkillfulDodge","floor":18,"key":"SMITH"}],"circlet_count":0,"master_deck":["AscendersBane","champ:Strike","champ:Strike","champ:Strike","champ:Defend","champ:Defend+1","champ:Defend","champ:Defend","champ:Execute","champ:Taunt","champ:Endure","champ:ArenaPreparation","champ:DeathBlow","champ:AdrenalArmor+1","champ:FlashCut","champ:Shatter","champ:EnchantShield","champ:SwordSigil+1","champ:Encircle","champ:Circumvent","champ:CrownThrow","champ:SkillfulDodge+1","champ:PreciseThrust","champ:EnchantSword","champ:FocusedDefense","champ:FancyFootwork"],"relics":["champ:ChampionCrown","champ:DuelingGlove","Pantograph","downfall:HeartBlessingRed","Ginger","Philosopher\u0027s Stone","War Paint"],"acts_visited":["Exordium","TheCity"],"potions_floor_usage":[6,23,23],"damage_taken":[{"damage":25,"enemies":"Cultist","floor":2,"turns":4},{"damage":20,"enemies":"2 Louse","floor":3,"turns":3},{"damage":35,"enemies":"downfall:FleeingMerchant","floor":4,"turns":4},{"damage":13,"enemies":"Small Slimes","floor":5,"turns":4},{"damage":35,"enemies":"Gremlin Nob","floor":6,"turns":5},{"damage":11,"enemies":"Exordium Thugs","floor":9,"turns":3},{"damage":18,"enemies":"3 Louse","floor":10,"turns":3},{"damage":31,"enemies":"Large Slime","floor":12,"turns":5},{"damage":17,"enemies":"Blue Slaver","floor":13,"turns":3},{"damage":34,"enemies":"3 Sentries","floor":14,"turns":6},{"damage":18,"enemies":"Red Slaver","floor":15,"turns":3},{"damage":47,"enemies":"IC_STATUS_ARCHETYPE","floor":16,"turns":9},{"damage":87,"enemies":"Shell Parasite","floor":19,"turns":5},{"damage":13,"enemies":"Spheric Guardian","floor":20,"turns":3},{"damage":20,"enemies":"downfall:FleeingMerchant","floor":22,"turns":4},{"damage":42,"enemies":"Slavers","floor":23,"turns":3}],"seed_played":"-1803275421372659671","potions_obtained":[{"floor":5,"key":"AttackPotion"},{"floor":9,"key":"Weak Potion"},{"floor":13,"key":"Regen Potion"}],"is_trial":false,"path_per_floor":["R","M","M","$","M","E","T","R","M","M","R","M","M","E","M","B",null,"R","M","M","?","$","E"],"character_chosen":"THE_CHAMP","items_purchased":["champ:FlashCut","War Paint"],"campfire_rested":2,"item_purchase_floors":[4,22],"current_hp_per_floor":[73,68,58,58,55,40,40,64,63,55,79,78,71,62,54,52,74,74,37,34,22,22,0,0,0],"gold":36,"neow_bonus":"THREE_CARDS","is_daily":false,"chose_seed":false,"campfire_upgraded":1,"win_rate":0.0,"timestamp":1612161936,"path_taken":["R","M","M","$","M","E","T","R","M","M","R","?","M","E","M","BOSS","R","M","M","?","?","E"],"items_purchased_type":["Card","Relic"],"build_version":"2020-12-22","purchased_purges":0,"victory":false,"max_hp_per_floor":[81,81,81,81,81,81,81,81,81,81,81,81,81,81,81,81,81,81,81,81,81,81,81,81,81],"card_choices":[{"not_picked":["champ:GutPunch","champ:TornadoPunch"],"picked":"champ:Endure","floor":0},{"not_picked":["champ:BladeFlurry","champ:CrownThrow"],"picked":"champ:ArenaPreparation","floor":2},{"not_picked":["champ:FalseCounter","champ:EnGarde"],"picked":"champ:DeathBlow","floor":3},{"not_picked":["champ:CrownThrow","champ:GutPunch"],"picked":"champ:AdrenalArmor","floor":4},{"not_picked":["champ:ViciousMockery","champ:ShieldSigil"],"picked":"champ:Shatter","floor":5},{"not_picked":["champ:DefensiveShout","champ:BerserkersShout"],"picked":"champ:EnchantShield","floor":6},{"not_picked":["champ:FocusedDefense","champ:AdrenalArmor"],"picked":"champ:SwordSigil","floor":9},{"not_picked":["champ:RapidStrikes","champ:Haymaker"],"picked":"champ:Encircle","floor":10},{"not_picked":["champ:BladeFlurry","champ:PreciseThrust"],"picked":"champ:Circumvent","floor":12},{"not_picked":["champ:TripleStrike","champ:AdrenalArmor"],"picked":"champ:CrownThrow","floor":13},{"not_picked":["champ:HeartStrike","champ:BerserkersShout"],"picked":"champ:SkillfulDodge","floor":14},{"not_picked":["champ:FalseCounter","champ:Encircle"],"picked":"champ:PreciseThrust","floor":15},{"not_picked":["champ:MurderStrike","champ:ShieldThrow"],"picked":"champ:EnchantSword","floor":16},{"not_picked":["champ:GutPunch","champ:Shatter"],"picked":"champ:FocusedDefense","floor":19},{"not_picked":["champ:FanOfKnives","champ:SwordSigil","champ:ViciousMockery"],"picked":"SKIP","floor":20},{"not_picked":["champ:AdrenalArmor","champ:Encircle"],"picked":"champ:FancyFootwork","floor":22}],"player_experience":1919624,"relics_obtained":[{"floor":6,"key":"champ:DuelingGlove"},{"floor":7,"key":"Pantograph"},{"floor":14,"key":"Ginger"}],"event_choices":[],"is_beta":false,"boss_relics":[{"not_picked":["champ:ChampionCrownUpgraded","Tiny House"],"picked":"Philosopher\u0027s Stone"}],"items_purged_floors":[],"is_endless":false,"potions_floor_spawned":[5,9,13,15,16,19],"killed_by":"Slavers","ascension_level":20}}