{"host":"rb2p2z6v6vieend5","time":1612138220,"event":{"mods":["BaseMod","Block Reminder","Colored Map","DeckTracker","Highlight Path","Minty Spire (QoL Compilation)","Random Character Button","Relic Stats"],"gold_per_floor":[116,34,51,69,81,81,108,108,108,138,154,154,154,119,119,193,193,205,205,205,6,23,51,51,85,85,112,121,121,137,152,152,152,152],"floor_reached":33,"language":"ENG","playtime":1330,"items_purged":[],"score":566,"play_id":"1e2fffbb-0362-44f0-8dd1-bff8883ca9db","local_time":"20210201011020","is_ascension_mode":true,"campfire_choices":[{"data":"Whirlwind","floor":6,"key":"SMITH"},{"data":"Perfected Strike","floor":8,"key":"SMITH"},{"data":"Uppercut","floor":12,"key":"SMITH"},{"data":"Inflame","floor":15,"key":"SMITH"},{"data":"Juggernaut","floor":24,"key":"SMITH"},{"data":"Pommel Strike","floor":32,"key":"SMITH"}],"circlet_count":0,"master_deck":["AscendersBane","Strike_R","Strike_R","Strike_R","Strike_R","Defend_R","Defend_R","Defend_R","Defend_R","Bash+1","Iron Wave","Shrug It Off","Inflame+1","Pommel Strike+1","Whirlwind+1","Pommel Strike+1","Perfected Strike+1","Uppercut+1","Juggernaut+1","Impervious","Writhe"],"relics":["Black Blood","Orichalcum","Self Forming Clay","Blue Candle","The Courier","FaceOfCleric","Mercury Hourglass","Whetstone","Red Mask","CeramicFish","Pantograph","Matryoshka"],"acts_visited":["Exordium","TheCity"],"potions_floor_usage":[16,27,30],"damage_taken":[{"damage":1,"enemies":"Cultist","floor":1,"turns":4},{"damage":7,"enemies":"Jaw Worm","floor":3,"turns":4},{"damage":7,"enemies":"Small Slimes","floor":4,"turns":4},{"damage":18,"enemies":"Exordium Thugs","floor":5,"turns":6},{"damage":27,"enemies":"Lagavulin","floor":7,"turns":6},{"damage":11,"enemies":"3 Sentries","floor":10,"turns":4},{"damage":2,"enemies":"Gremlin Gang","floor":11,"turns":3},{"damage":0,"enemies":"Slime Boss","floor":16,"turns":7},{"damage":6,"enemies":"Chosen","floor":18,"turns":4},{"damage":21,"enemies":"2 Thieves","floor":22,"turns":3},{"damage":28,"enemies":"Gremlin Leader","floor":23,"turns":5},{"damage":15,"enemies":"Masked Bandits","floor":25,"turns":3},{"damage":25,"enemies":"Book of Stabbing","floor":27,"turns":5},{"damage":38,"enemies":"Sentry and Sphere","floor":30,"turns":6},{"damage":16,"enemies":"Centurion and Healer","floor":31,"turns":6},{"damage":64,"enemies":"Automaton","floor":33,"turns":6}],"seed_played":"-5357293915616390999","potions_obtained":[{"floor":3,"key":"DistilledChaos"},{"floor":10,"key":"BloodPotion"},{"floor":16,"key":"DistilledChaos"}],"is_trial":false,"path_per_floor":["M","$","M","M","M","R","E","R","T","E","M","R","?","?","R","B",null,"M","$","?","$","M","E","R","?","T","E","?","$","M","M","R","B"],"character_chosen":"IRONCLAD","items_purchased":["Shrug It Off","Inflame","Mercury Hourglass"],"campfire_rested":0,"item_purchase_floors":[2,2,21],"current_hp_per_floor":[77,77,76,75,63,63,42,42,42,37,41,41,41,61,61,67,77,80,80,80,80,72,57,57,55,55,43,43,43,34,31,31,0,0],"gold":152,"neow_bonus":"REMOVE_CARD","is_daily":false,"chose_seed":false,"campfire_upgraded":6,"win_rate":0.0,"timestamp":1612138220,"path_taken":["M","$","?","M","M","R","E","R","T","E","M","R","?","?","R","BOSS","M","$","?","?","?","E","R","?","T","E","?","?","M","M","R","BOSS"],"items_purchased_type":["Card","Card","Relic"],"build_version":"2020-12-22","purchased_purges":0,"victory":false,"max_hp_per_floor":[80,80,80,80,80,80,80,80,80,80,80,80,80,80,80,80,80,80,80,80,80,81,82,82,83,83,84,84,84,85,86,86,86,86],"relic_stats":{"FaceOfCleric":6,"counters":[16,76],"Self Forming Clay":[96],"Blue Candle":[2],"CeramicFish":9,"Pantograph":25,"Black Blood":129,"Whetstone":["Bash","Pommel Strike"],"Orichalcum":[126],"obtain_stats":[{"Self Forming Clay":9,"Blue Candle":10,"CeramicFish":26,"Black Blood":17,"The Courier":13,"Whetstone":23,"Orichalcum":7,"Burning Blood":0,"Mercury Hourglass":21,"Matryoshka":28,"FaceOfCleric":20,"Pantograph":27,"Red Mask":25},{"Self Forming Clay":5,"Blue Candle":6,"CeramicFish":12,"Black Blood":8,"The Courier":7,"Whetstone":11,"Orichalcum":5,"Burning Blood":0,"Mercury Hourglass":9,"Matryoshka":13,"FaceOfCleric":9,"Pantograph":13,"Red Mask":12},{"Self Forming Clay":24,"Blue Candle":28,"CeramicFish":53,"Black Blood":38,"The Courier":31,"Whetstone":50,"Orichalcum":24,"Burning Blood":0,"Mercury Hourglass":42,"Matryoshka":58,"FaceOfCleric":42,"Pantograph":58,"Red Mask":53}],"Mercury Hourglass":[159]},"card_choices":[{"not_picked":["Body Slam","Thunderclap"],"picked":"Iron Wave","floor":1},{"not_picked":["Clothesline","Heavy Blade"],"picked":"Pommel Strike","floor":3},{"not_picked":["Pommel Strike","True Grit"],"picked":"Whirlwind","floor":4},{"not_picked":["Heavy Blade","Burning Pact"],"picked":"Pommel Strike","floor":5},{"not_picked":["Thunderclap","Clash"],"picked":"Perfected Strike","floor":7},{"not_picked":["Intimidate","Offering"],"picked":"Uppercut","floor":10},{"not_picked":["Heavy Blade","Armaments","Blood for Blood"],"picked":"SKIP","floor":11},{"not_picked":["Berserk","Immolate"],"picked":"Juggernaut","floor":16},{"not_picked":["Rage","Uppercut","Headbutt"],"picked":"SKIP","floor":18},{"not_picked":["Havoc","Cleave+1","Second Wind"],"picked":"SKIP","floor":22},{"not_picked":["Sword Boomerang","Searing Blow"],"picked":"Impervious","floor":23},{"not_picked":["Havoc","Anger","Iron Wave"],"picked":"SKIP","floor":27},{"not_picked":["Clash","Dual Wield","True Grit"],"picked":"SKIP","floor":30},{"not_picked":["Clothesline","Cleave","Twin Strike"],"picked":"SKIP","floor":31}],"player_experience":657838,"relics_obtained":[{"floor":7,"key":"Orichalcum"},{"floor":9,"key":"Self Forming Clay"},{"floor":10,"key":"Blue Candle"},{"floor":23,"key":"Whetstone"},{"floor":25,"key":"Red Mask"},{"floor":26,"key":"CeramicFish"},{"floor":27,"key":"Pantograph"}],"event_choices":[{"damage_healed":0,"gold_gain":0,"player_choice":"Searched \u00272\u0027 times","damage_taken":0,"relics_obtained":["The Courier"],"max_hp_gain":0,"max_hp_loss":0,"event_name":"Dead Adventurer","floor":13,"gold_loss":0},{"damage_healed":20,"gold_gain":0,"player_choice":"Healed","damage_taken":0,"max_hp_gain":0,"max_hp_loss":0,"event_name":"The Cleric","floor":14,"gold_loss":35},{"damage_healed":0,"gold_gain":0,"player_choice":"Trade","damage_taken":0,"relics_obtained":["FaceOfCleric"],"max_hp_gain":0,"max_hp_loss":0,"event_name":"FaceTrader","floor":20,"gold_loss":0},{"damage_healed":0,"gold_gain":0,"player_choice":"Fought Bandits","damage_taken":0,"max_hp_gain":0,"max_hp_loss":0,"event_name":"Masked Bandits","floor":25,"gold_loss":0},{"damage_healed":0,"gold_gain":0,"player_choice":"Opened","damage_taken":0,"relics_obtained":["Matryoshka"],"max_hp_gain":0,"max_hp_loss":0,"event_name":"The Mausoleum","floor":28,"gold_loss":0,"cards_obtained":["Writhe"]}],"is_beta":false,"boss_relics":[{"not_picked":["Sozu","Pandora\u0027s Box"],"picked":"Black Blood"}],"items_purged_floors":[],"is_endless":false,"potions_floor_spawned":[3,10,11,16,18,25],"killed_by":"Automaton","ascension_level":13}}