{"host":"c5j8t0wyh2hvx9ju","time":1612149052,"event":{"mods":["Act Like it!","Astrologer","BaseMod","BetterRewards","Gensokyo","Minty Spire (QoL Compilation)","Prisma Mod","StSLib"],"gold_per_floor":[118,134,147,147,163,163,178,18,68,68,68,93,0,10,10,105,105,123,139,139,139,156,156,156],"floor_reached":23,"language":"JPN","playtime":770,"items_purged":[],"score":375,"play_id":"a47464f3-96b5-4d2b-8c66-de5787c33ebf","local_time":"20210201121052","is_ascension_mode":true,"campfire_choices":[{"data":"Eruption","floor":6,"key":"SMITH"},{"data":"SandsOfTime","floor":10,"key":"SMITH"},{"data":"SandsOfTime","floor":15,"key":"SMITH"}],"circlet_count":0,"master_deck":["Strike_P","Strike_P","Defend_P","Defend_P","Defend_P","Defend_P","Eruption+1","Vigilance","EmptyMind","Meditate","SandsOfTime+1","SandsOfTime+1","Necronomicurse","Scrawl","Halt","Brilliance","WindmillStrike","Gensokyo:FourOfAKind","Gensokyo:FourOfAKind","Gensokyo:FourOfAKind","Gensokyo:FourOfAKind","BowlingBash+1"],"relics":["PureWater","Gensokyo:YoukaiFlower","Necronomicon","Omamori","VioletLotus"],"acts_visited":["Gensokyo:Gensokyo","Gensokyo:Gensokyoer"],"potions_floor_usage":[23,23,23,23],"damage_taken":[{"damage":7,"enemies":"Gensokyo:2_Kodama","floor":1,"turns":3},{"damage":9,"enemies":"Gensokyo:Gryphon","floor":2,"turns":4},{"damage":6,"enemies":"Gensokyo:Python","floor":3,"turns":5},{"damage":15,"enemies":"Gensokyo:CorruptedTreant","floor":5,"turns":3},{"damage":2,"enemies":"Gensokyo:Kitsune","floor":7,"turns":3},{"damage":15,"enemies":"Gensokyo:Mamizou","floor":12,"turns":6},{"damage":0,"enemies":"Gensokyo:VengefulSpirit","floor":14,"turns":2},{"damage":11,"enemies":"Gensokyo:Reimu","floor":16,"turns":4},{"damage":0,"enemies":"Gensokyo:Chomper","floor":18,"turns":3},{"damage":0,"enemies":"Gensokyo:CosmicMonolith","floor":19,"turns":2},{"damage":29,"enemies":"Gensokyo:3_Gloops","floor":22,"turns":5},{"damage":36,"enemies":"Gensokyo:Tenshi","floor":23,"turns":1}],"seed_played":"1264928287832088317","potions_obtained":[{"floor":1,"key":"Explosive Potion"},{"floor":5,"key":"CultistPotion"},{"floor":7,"key":"AttackPotion"},{"floor":16,"key":"EntropicBrew"}],"is_trial":false,"path_per_floor":["M","M","M","?","M","R","M","?","T","R","?","E","?","M","R","B",null,"M","M","?","?","M","E"],"character_chosen":"WATCHER","items_purchased":["EmptyMind","Meditate"],"campfire_rested":0,"item_purchase_floors":[0,0],"current_hp_per_floor":[65,56,50,50,35,35,33,33,33,33,33,18,64,64,64,53,72,72,72,72,51,22,0,0],"gold":156,"neow_bonus":"","is_daily":false,"chose_seed":false,"campfire_upgraded":3,"win_rate":0.0,"timestamp":1612149052,"path_taken":["M","M","M","?","M","R","M","?","T","R","?","E","?","?","R","BOSS","M","M","?","?","?","E"],"items_purchased_type":["Card","Card"],"build_version":"2020-12-22","purchased_purges":0,"victory":false,"max_hp_per_floor":[72,72,72,72,72,72,72,72,72,72,72,72,72,72,72,72,72,72,72,72,51,51,51,51],"card_choices":[{"not_picked":["Wireheading","CrushJoints"],"picked":"SandsOfTime","floor":1},{"not_picked":["Weave","Protect"],"picked":"SandsOfTime","floor":2},{"not_picked":["EmptyFist","Fasting2","FollowUp"],"picked":"SKIP","floor":3},{"not_picked":["Consecrate","LikeWater"],"picked":"SandsOfTime","floor":5},{"not_picked":["CrushJoints","PathToVictory","ClearTheMind"],"picked":"SKIP","floor":7},{"not_picked":["ThirdEye","SashWhip"],"picked":"Scrawl","floor":12},{"not_picked":["JustLucky","Fasting2"],"picked":"Halt","floor":14},{"not_picked":["ConjureBlade","Establishment"],"picked":"Brilliance","floor":16},{"not_picked":["Consecrate","WheelKick","ForeignInfluence"],"picked":"SKIP","floor":18},{"not_picked":["ClearTheMind","WreathOfFlame+1"],"picked":"WindmillStrike","floor":19},{"not_picked":["DeceiveReality","EmptyFist"],"picked":"BowlingBash+1","floor":22}],"player_experience":869627,"relics_obtained":[{"floor":9,"key":"Omamori"},{"floor":12,"key":"Dream Catcher"}],"event_choices":[],"is_beta":false,"boss_relics":[{"not_picked":["Fusion Hammer","Busted Crown"],"picked":"VioletLotus"}],"items_purged_floors":[],"is_endless":false,"potions_floor_spawned":[1,5,7,14,16,19],"killed_by":"Gensokyo:Tenshi","ascension_level":4}}