{"host":"7jl348xfsxr8glry","time":1612170036,"event":{"mods":["AchievementEnabler","BaseMod","Colored Map","Minty Spire (QoL Compilation)","Random Character Button","Unceasing Turn Reminder"],"gold_per_floor":[115,115,126,137,157,191,191,191,214,214,242,242,120,183,183,288,288,288,288],"floor_reached":18,"language":"ENG","playtime":610,"items_purged":["Defend_B"],"score":187,"play_id":"417cc42b-a5d6-40b7-abbf-6890a4a7e90f","local_time":"20210201200036","is_ascension_mode":true,"campfire_choices":[{"floor":7,"key":"REST"},{"floor":12,"key":"REST"},{"floor":15,"key":"REST"}],"circlet_count":0,"master_deck":["Strike_B","Strike_B","Strike_B","Strike_B","Defend_B","Defend_B","Defend_B","Zap","Dualcast","Ball Lightning","Rebound","Storm","Cold Snap","Conserve Battery","Leap","Thunder Strike"],"relics":["Cracked Core","NeowsBlessing","MealTicket","Orichalcum","Lizard Tail","SsserpentHead","CaptainsWheel","SacredBark"],"acts_visited":["Exordium","TheCity"],"potions_floor_usage":[],"damage_taken":[{"damage":0,"enemies":"2 Louse","floor":1,"turns":1},{"damage":0,"enemies":"Cultist","floor":3,"turns":1},{"damage":0,"enemies":"Jaw Worm","floor":4,"turns":1},{"damage":8,"enemies":"Blue Slaver","floor":5,"turns":2},{"damage":39,"enemies":"3 Sentries","floor":6,"turns":8},{"damage":11,"enemies":"Gremlin Nob","floor":11,"turns":5},{"damage":6,"enemies":"Red Slaver","floor":14,"turns":3},{"damage":56,"enemies":"Hexaghost","floor":16,"turns":12},{"damage":132,"enemies":"Shell Parasite","floor":18,"turns":20}],"seed_played":"6972671870246204016","potions_obtained":[{"floor":3,"key":"DistilledChaos"},{"floor":4,"key":"GamblersBrew"}],"is_trial":false,"path_per_floor":["M","?","M","M","M","E","R","?","T","?","E","R","$","M","R","B",null,"M"],"character_chosen":"DEFECT","items_purchased":["Conserve Battery"],"campfire_rested":3,"item_purchase_floors":[13],"current_hp_per_floor":[75,75,75,75,67,28,50,17,17,17,6,28,43,37,59,3,75,0,0],"gold":288,"neow_bonus":"THREE_ENEMY_KILL","is_daily":false,"chose_seed":false,"campfire_upgraded":0,"win_rate":0.0,"timestamp":1612170036,"path_taken":["M","?","M","M","?","E","R","?","T","?","E","R","$","?","R","BOSS","M"],"items_purchased_type":["Card"],"build_version":"2020-12-22","purchased_purges":1,"victory":false,"max_hp_per_floor":[75,75,75,75,75,75,75,75,75,75,75,75,75,75,75,75,75,75,75],"card_choices":[{"not_picked":["Steam","Beam Cell"],"picked":"Ball Lightning","floor":1},{"not_picked":["Stack","Hologram","Barrage"],"picked":"SKIP","floor":3},{"not_picked":["Force Field","Coolheaded","Stack"],"picked":"SKIP","floor":4},{"not_picked":["Gash","Heatsinks"],"picked":"Rebound","floor":5},{"not_picked":["Genetic Algorithm","Rebound"],"picked":"Storm","floor":6},{"not_picked":["Rebound","Hologram"],"picked":"Cold Snap","floor":11},{"not_picked":["Cold Snap","Fission"],"picked":"Leap","floor":14},{"not_picked":["Machine Learning","Buffer"],"picked":"Thunder Strike","floor":16}],"player_experience":202114,"relics_obtained":[{"floor":2,"key":"MealTicket"},{"floor":6,"key":"Orichalcum"},{"floor":11,"key":"CaptainsWheel"}],"event_choices":[{"damage_healed":0,"gold_gain":0,"player_choice":"Relic","damage_taken":0,"max_hp_gain":0,"max_hp_loss":0,"event_name":"Wheel of Change","floor":2,"gold_loss":0},{"damage_healed":0,"gold_gain":0,"player_choice":"Success","damage_taken":33,"relics_obtained":["Lizard Tail"],"max_hp_gain":0,"max_hp_loss":0,"event_name":"Scrap Ooze","floor":8,"gold_loss":0},{"damage_healed":0,"gold_gain":0,"player_choice":"Trade","damage_taken":0,"relics_obtained":["SsserpentHead"],"max_hp_gain":0,"max_hp_loss":0,"event_name":"FaceTrader","floor":10,"gold_loss":0}],"is_beta":false,"boss_relics":[{"not_picked":["Snecko Eye","Busted Crown"],"picked":"SacredBark"}],"items_purged_floors":[13],"is_endless":false,"potions_floor_spawned":[3,4],"killed_by":"Shell Parasite","ascension_level":2}}