{"host":"y89x8uui45kcjy42","time":1612222192,"event":{"mods":["2.2 Compatiblity","BaseMod","CapriCore","Colored Map","Colored Powertips","Custom Start","Friendly Minions","Keyboard Shortcuts","Minty Spire (QoL Compilation)","Relic Stats","Slay the Relics Exporter","StSLib","SuperFastMode","Uncapped"],"gold_per_floor":[361,371,268,268,193,228,228,241,241,273,291,319,329,340,340,415,415,425,425,140,156,172,222,237,237,237],"floor_reached":25,"language":"KOR","playtime":697,"items_purged":["Strike_R"],"score":550,"play_id":"5cd518dd-6603-4623-9fc6-eaaea5ef169e","local_time":"20210202082952","is_ascension_mode":true,"campfire_choices":[{"data":"Uppercut","floor":7,"key":"SMITH"},{"data":"Pommel Strike","floor":15,"key":"SMITH"}],"circlet_count":0,"master_deck":["Defend_R","Defend_R","Bash","Reprogram+1","Uppercut+1","Pommel Strike+1","Shrug It Off","Battle Trance","Pommel Strike","Twin Strike","Berserk","Headbutt","Feed"],"relics":["Black Blood","StrikeDummy","Vajra","Bag of Preparation","Bottled Lightning","Dream Catcher","Sundial"],"acts_visited":["Exordium","TheCity"],"potions_floor_usage":[6,18,18],"damage_taken":[{"damage":5,"enemies":"Small Slimes","floor":1,"turns":4},{"damage":12,"enemies":"2 Louse","floor":2,"turns":2},{"damage":5,"enemies":"Lagavulin","floor":6,"turns":7},{"damage":1,"enemies":"Jaw Worm","floor":8,"turns":2},{"damage":10,"enemies":"3 Sentries","floor":10,"turns":8},{"damage":9,"enemies":"3 Louse","floor":11,"turns":3},{"damage":26,"enemies":"Gremlin Nob","floor":12,"turns":4},{"damage":2,"enemies":"Exordium Wildlife","floor":13,"turns":3},{"damage":0,"enemies":"Large Slime","floor":14,"turns":3},{"damage":0,"enemies":"Slime Boss","floor":16,"turns":4},{"damage":5,"enemies":"Spheric Guardian","floor":18,"turns":4},{"damage":37,"enemies":"2 Thieves","floor":21,"turns":3},{"damage":18,"enemies":"Snake Plant","floor":22,"turns":3},{"damage":55,"enemies":"3 Cultists","floor":24,"turns":6},{"damage":82,"enemies":"Slavers","floor":25,"turns":2}],"seed_played":"-4507544917013082989","potions_obtained":[{"floor":1,"key":"Block Potion"},{"floor":12,"key":"Weak Potion"},{"floor":13,"key":"LiquidBronze"},{"floor":14,"key":"FearPotion"},{"floor":18,"key":"SteroidPotion"},{"floor":21,"key":"Swift Potion"}],"is_trial":false,"path_per_floor":["M","M","$","?","?","E","R","M","T","E","M","E","M","M","R","B",null,"M","?","$","M","M","?","M","E"],"character_chosen":"IRONCLAD","items_purchased":["Shrug It Off","Sundial"],"campfire_rested":0,"item_purchase_floors":[3,20],"current_hp_per_floor":[51,45,45,38,38,39,39,44,44,40,37,17,21,27,27,33,65,72,72,72,47,41,41,75,0,0],"gold":237,"neow_bonus":"TWO_FIFTY_GOLD","is_daily":false,"chose_seed":false,"campfire_upgraded":2,"win_rate":0.0,"timestamp":1612222192,"path_taken":["M","M","$","?","?","E","R","M","T","E","M","E","M","M","R","BOSS","M","?","$","M","M","?","M","E"],"items_purchased_type":["Card","Relic"],"build_version":"2020-12-22","purchased_purges":1,"victory":false,"max_hp_per_floor":[75,75,75,75,75,75,75,75,75,75,75,75,75,75,75,75,75,75,75,75,75,75,75,78,78,78],"relic_stats":{"Dream Catcher":0,"counters":[15,58],"Sundial":[4],"Black Blood":108,"Bag of Preparation":[24],"obtain_stats":[{"Dream Catcher":12,"Sundial":20,"Vajra":0,"Black Blood":17,"Bag of Preparation":6,"Bottled Lightning":10,"StrikeDummy":0,"Burning Blood":0},{"Dream Catcher":7,"Sundial":11,"Vajra":0,"Black Blood":10,"Bag of Preparation":3,"Bottled Lightning":5,"StrikeDummy":0,"Burning Blood":0},{"Dream Catcher":30,"Sundial":44,"Vajra":0,"Black Blood":40,"Bag of Preparation":13,"Bottled Lightning":23,"StrikeDummy":0,"Burning Blood":0}]},"card_choices":[{"not_picked":["Armaments","Anger"],"picked":"Uppercut","floor":1},{"not_picked":["Rupture","Iron Wave"],"picked":"Pommel Strike","floor":2},{"not_picked":["True Grit","Flex","Body Slam"],"picked":"SKIP","floor":6},{"not_picked":["Shrug It Off","Dropkick"],"picked":"Battle Trance","floor":8},{"not_picked":["Metallicize","Havoc","Brutality"],"picked":"SKIP","floor":10},{"not_picked":["Anger","Iron Wave"],"picked":"Pommel Strike","floor":11},{"not_picked":["Thunderclap","Shockwave"],"picked":"Twin Strike","floor":12},{"not_picked":["Twin Strike","Carnage","Clothesline"],"picked":"SKIP","floor":13},{"not_picked":["Battle Trance","Sentinel","Clash"],"picked":"SKIP","floor":14},{"not_picked":["Fiend Fire","Barricade"],"picked":"Berserk","floor":16},{"not_picked":["Dark Embrace","Pommel Strike"],"picked":"Headbutt","floor":18},{"not_picked":["Iron Wave+1","Thunderclap","Twin Strike"],"picked":"SKIP","floor":21},{"not_picked":["Warcry","Pummel"],"picked":"Feed","floor":22},{"not_picked":["Rage","Reckless Charge","Armaments+1"],"picked":"SKIP","floor":24}],"player_experience":676878,"relics_obtained":[{"floor":6,"key":"Bag of Preparation"},{"floor":10,"key":"Bottled Lightning"},{"floor":12,"key":"Dream Catcher"}],"event_choices":[{"cards_removed":["Defend_R"],"damage_healed":0,"gold_gain":0,"player_choice":"Card Removal","damage_taken":7,"max_hp_gain":0,"max_hp_loss":0,"event_name":"Golden Wing","floor":4,"gold_loss":0},{"cards_removed":["Strike_R"],"damage_healed":0,"gold_gain":0,"player_choice":"Card Removal","damage_taken":0,"max_hp_gain":0,"max_hp_loss":0,"event_name":"The Cleric","floor":5,"gold_loss":75},{"cards_removed":["Defend_R"],"damage_healed":0,"gold_gain":0,"player_choice":"Elegance","damage_taken":0,"max_hp_gain":0,"max_hp_loss":0,"event_name":"Back to Basics","floor":19,"gold_loss":0},{"damage_healed":0,"gold_gain":50,"player_choice":"Stole From Cult","damage_taken":0,"max_hp_gain":0,"max_hp_loss":0,"event_name":"Nest","floor":23,"gold_loss":0}],"is_beta":false,"boss_relics":[{"not_picked":["Runic Cube","Velvet Choker"],"picked":"Black Blood"}],"items_purged_floors":[3],"is_endless":false,"potions_floor_spawned":[1,12,13,14,18,21],"killed_by":"Slavers","ascension_level":20}}