{"host":"5raohst9sk3kvp5v","time":1612156150,"event":{"mods":["BaseMod","Colored Powertips","Highlight Path","Minty Spire (QoL Compilation)","Quick Restart","Relic Stats","StSLib"],"gold_per_floor":[112,122,9,25,25,25,52,52,52,52,85,97,112,139,139,215,215,228,153,166,177,177,177,177],"floor_reached":23,"language":"ENG","playtime":1219,"items_purged":["Strike_B"],"score":411,"play_id":"185ee6d4-5151-487e-a509-62e45beab869","local_time":"20210131230910","is_ascension_mode":true,"campfire_choices":[{"data":"Defragment","floor":6.0,"key":"SMITH"},{"data":"Multi-Cast","floor":8.0,"key":"SMITH"},{"data":"Barrage","floor":15.0,"key":"SMITH"}],"circlet_count":0,"master_deck":["AscendersBane","Strike_B","Strike_B","Strike_B","Defend_B","Defend_B","Defend_B","Defend_B","Zap","Dualcast","Cold Snap","Conserve Battery","Defragment+1","Barrage+1","Multi-Cast+1","Machine Learning","Cold Snap","Conserve Battery","Core Surge","Reboot","BootSequence","Darkness"],"relics":["Cracked Core","Pocketwatch","Eternal Feather","Pantograph","Regal Pillow","Nuclear Battery"],"acts_visited":["Exordium","TheCity"],"potions_floor_usage":[23,23],"damage_taken":[{"damage":1.0,"enemies":"Cultist","floor":1.0,"turns":3.0},{"damage":5.0,"enemies":"Jaw Worm","floor":2.0,"turns":3.0},{"damage":3.0,"enemies":"Small Slimes","floor":4.0,"turns":2.0},{"damage":23.0,"enemies":"3 Sentries","floor":7.0,"turns":8.0},{"damage":20.0,"enemies":"Gremlin Nob","floor":11.0,"turns":4.0},{"damage":7.0,"enemies":"2 Fungi Beasts","floor":12.0,"turns":3.0},{"damage":2.0,"enemies":"Exordium Wildlife","floor":13.0,"turns":4.0},{"damage":6.0,"enemies":"3 Sentries","floor":14.0,"turns":9.0},{"damage":23.0,"enemies":"Slime Boss","floor":16.0,"turns":10.0},{"damage":12.0,"enemies":"Shell Parasite","floor":18.0,"turns":7.0},{"damage":16.0,"enemies":"3 Byrds","floor":20.0,"turns":5.0},{"damage":3.0,"enemies":"Cultist and Chosen","floor":21.0,"turns":7.0},{"damage":55,"enemies":"Slavers","floor":23,"turns":9}],"seed_played":"4282923919335175403","potions_obtained":[{"floor":11.0,"key":"PowerPotion"},{"floor":12.0,"key":"Block Potion"},{"floor":18.0,"key":"FearPotion"},{"floor":20.0,"key":"AttackPotion"},{"floor":21.0,"key":"Fire Potion"}],"is_trial":false,"path_per_floor":["M","M","$","M","?","R","E","R","T","?","E","M","M","E","R","B",null,"M","$","M","M","?","E"],"character_chosen":"DEFECT","items_purchased":["Defragment","Barrage"],"campfire_rested":0,"item_purchase_floors":[3,3],"current_hp_per_floor":[45,40,40,37,37,37,14,23,23,81,61,54,52,46,58,58,75,63,63,47,44,44,0,0],"gold":177,"neow_bonus":"ONE_RARE_RELIC","is_daily":false,"chose_seed":false,"campfire_upgraded":3,"win_rate":0.0,"timestamp":1612156150,"path_taken":["M","M","?","M","?","R","E","R","T","?","E","M","?","E","R","BOSS","M","$","M","M","?","E"],"items_purchased_type":["Card","Card"],"build_version":"2020-12-22","purchased_purges":1,"victory":false,"max_hp_per_floor":[71,71,71,71,71,71,71,71,71,81,81,81,81,81,81,81,81,81,81,81,81,81,81,81],"relic_stats":{"Regal Pillow":0,"counters":[13,74],"Pantograph":23,"Eternal Feather":21,"obtain_stats":[{"Regal Pillow":14,"Pantograph":11,"Eternal Feather":7,"Cracked Core":0,"Pocketwatch":0,"Nuclear Battery":17},{"Regal Pillow":8,"Pantograph":5,"Eternal Feather":4,"Cracked Core":0,"Pocketwatch":0,"Nuclear Battery":9},{"Regal Pillow":36,"Pantograph":20,"Eternal Feather":16,"Cracked Core":0,"Pocketwatch":0,"Nuclear Battery":46}],"Pocketwatch":[135]},"card_choices":[{"not_picked":["Compile Driver","Reprogram"],"picked":"Cold Snap","floor":1.0},{"not_picked":["Sweeping Beam","Coolheaded"],"picked":"Conserve Battery","floor":2.0},{"not_picked":["Stack","Rebound"],"picked":"All For One","floor":4.0},{"not_picked":["Cold Snap","Auto Shields"],"picked":"Multi-Cast","floor":7.0},{"not_picked":["Compile Driver","Stack"],"picked":"Machine Learning","floor":11.0},{"not_picked":["Beam Cell","Go for the Eyes"],"picked":"Cold Snap","floor":12.0},{"not_picked":["Gash","Cold Snap"],"picked":"Conserve Battery","floor":13.0},{"not_picked":["Cold Snap","Beam Cell"],"picked":"Core Surge","floor":14.0},{"not_picked":["Thunder Strike","Multi-Cast"],"picked":"Reboot","floor":16.0},{"not_picked":["Gash","Steam","Aggregate"],"picked":"SKIP","floor":18.0},{"not_picked":["Streamline+1","Hologram"],"picked":"BootSequence","floor":20.0},{"not_picked":["Stack","Beam Cell"],"picked":"Darkness","floor":21.0}],"player_experience":1717390,"relics_obtained":[{"floor":7.0,"key":"Eternal Feather"},{"floor":11.0,"key":"Pantograph"},{"floor":14.0,"key":"Regal Pillow"}],"event_choices":[{"damage_healed":0.0,"max_hp_gain":0.0,"max_hp_loss":0.0,"gold_gain":0.0,"event_name":"Shining Light","player_choice":"Ignored","floor":5.0,"gold_loss":0.0,"damage_taken":0.0},{"cards_removed":["All For One"],"damage_healed":48.0,"max_hp_gain":10.0,"max_hp_loss":0.0,"gold_gain":0.0,"event_name":"Bonfire Elementals","player_choice":"Offered Rare","floor":10.0,"gold_loss":0.0,"damage_taken":0.0},{"damage_healed":0,"gold_gain":0,"player_choice":"Ignored","damage_taken":0,"max_hp_gain":0,"max_hp_loss":0,"event_name":"Cursed Tome","floor":22,"gold_loss":0}],"is_beta":false,"boss_relics":[{"not_picked":["Busted Crown","Philosopher\u0027s Stone"],"picked":"Nuclear Battery"}],"items_purged_floors":[19],"is_endless":false,"potions_floor_spawned":[11,12,14,18,20,21],"killed_by":"Slavers","ascension_level":19}}