{"host":"syozzdlzcqop4jia","time":1612222678,"event":{"mods":["BaseMod","Colored Map","Colored Powertips","Minty Spire (QoL Compilation)","Quick Restart"],"gold_per_floor":[119,137,212,222,94,94,158,175,253,253,279,279,54,65,65,167,167,179,190,204,215,215,215,250,267,291,310,310,310,323,423,423,518,518,535,553,553,14,31,59,69,69,69,104,122,172,172,192,192,192],"floor_reached":51,"language":"ENG","playtime":3579,"items_purged":["Strike_R","Strike_R"],"score":962,"play_id":"57c86caf-25b7-4690-b846-b02c6317e960","local_time":"20210202003758","is_ascension_mode":true,"campfire_choices":[{"data":"Perfected Strike","floor":6,"key":"SMITH"},{"floor":12,"key":"REST"},{"data":"Bludgeon","floor":15,"key":"SMITH"},{"data":"Double Tap","floor":23,"key":"SMITH"},{"data":"Inflame","floor":28,"key":"SMITH"},{"data":"Flex","floor":32,"key":"SMITH"},{"data":"Flex","floor":42,"key":"SMITH"},{"data":"Flame Barrier","floor":47,"key":"SMITH"},{"data":"Anger","floor":49,"key":"SMITH"}],"circlet_count":0,"master_deck":["Strike_R","Strike_R","Strike_R","Defend_R","Defend_R","Defend_R","Bash","Hemokinesis","Flex+1","Hemokinesis","Perfected Strike+1","Anger","Clash","Bludgeon+1","Inflame+1","Shrug It Off","Pommel Strike","Twin Strike","Battle Trance","Double Tap+1","Anger+1","Shrug It Off+1","Flex+1","Pummel+1","Cleave+1","Flame Barrier+1","Reaper","Wild Strike+1","Iron Wave+1","Sword Boomerang","Uppercut+1","Headbutt+1","Disarm+1"],"relics":["Burning Blood","Ancient Tea Set","Blood Vial","HornCleat","Eternal Feather","Busted Crown","Bag of Preparation","Toy Ornithopter","CaptainsWheel","Darkstone Periapt","Philosopher\u0027s Stone","Thread and Needle","ClockworkSouvenir","Art of War","Ornamental Fan","Dream Catcher","Shovel"],"acts_visited":["Exordium","TheCity","TheBeyond"],"potions_floor_usage":[31,31,31,40,40,50,50],"damage_taken":[{"damage":8,"enemies":"Small Slimes","floor":1,"turns":4},{"damage":5,"enemies":"2 Louse","floor":2,"turns":2},{"damage":14,"enemies":"Jaw Worm","floor":4,"turns":3},{"damage":26,"enemies":"3 Sentries","floor":7,"turns":8},{"damage":13,"enemies":"3 Louse","floor":8,"turns":3},{"damage":14,"enemies":"Lagavulin","floor":11,"turns":5},{"damage":0,"enemies":"Looter","floor":14,"turns":1},{"damage":0,"enemies":"Slime Boss","floor":16,"turns":5},{"damage":9,"enemies":"Shell Parasite","floor":18,"turns":3},{"damage":0,"enemies":"Chosen","floor":19,"turns":3},{"damage":21,"enemies":"Snake Plant","floor":20,"turns":3},{"damage":2,"enemies":"Sentry and Sphere","floor":21,"turns":3},{"damage":2,"enemies":"Gremlin Leader","floor":24,"turns":3},{"damage":4,"enemies":"3 Cultists","floor":25,"turns":4},{"damage":13,"enemies":"Snake Plant","floor":27,"turns":2},{"damage":2,"enemies":"Sentry and Sphere","floor":30,"turns":3},{"damage":19,"enemies":"Colosseum Slavers","floor":31,"turns":3},{"damage":30,"enemies":"Colosseum Nobs","floor":31,"turns":4},{"damage":39,"enemies":"Collector","floor":33,"turns":5},{"damage":4,"enemies":"Orb Walker","floor":35,"turns":2},{"damage":4,"enemies":"3 Darklings","floor":36,"turns":5},{"damage":2,"enemies":"Jaw Worm Horde","floor":39,"turns":2},{"damage":51,"enemies":"Reptomancer","floor":40,"turns":5},{"damage":2,"enemies":"Transient","floor":41,"turns":5},{"damage":0,"enemies":"Nemesis","floor":44,"turns":3},{"damage":6,"enemies":"Sphere and 2 Shapes","floor":45,"turns":3},{"damage":16,"enemies":"Mind Bloom Boss Battle","floor":46,"turns":4},{"damage":2,"enemies":"Writhing Mass","floor":48,"turns":4},{"damage":52,"enemies":"Awakened One","floor":50,"turns":10}],"seed_played":"-7406974373450690446","potions_obtained":[{"floor":1,"key":"BlessingOfTheForge"},{"floor":4,"key":"EssenceOfSteel"},{"floor":8,"key":"LiquidBronze"},{"floor":30,"key":"Regen Potion"},{"floor":31,"key":"Fire Potion"},{"floor":35,"key":"Ancient Potion"},{"floor":44,"key":"SpeedPotion"},{"floor":45,"key":"Ancient Potion"},{"floor":46,"key":"Regen Potion"}],"is_trial":false,"path_per_floor":["M","M","?","M","$","R","?","M","T","?","E","R","$","M","R","B",null,"M","M","M","M","?","R","E","M","T","M","R","?","M","?","R","B",null,"M","M","?","$","M","E","M","R","T","E","M","?","R","M","R","B",null],"character_chosen":"IRONCLAD","items_purchased":["Perfected Strike","Inflame","Shrug It Off","Pommel Strike","Twin Strike","Thread and Needle","ClockworkSouvenir"],"campfire_rested":1,"item_purchase_floors":[5,13,13,13,13,38,38],"current_hp_per_floor":[78,79,68,60,60,60,40,35,35,35,29,62,62,70,80,80,80,77,80,65,71,71,80,80,80,80,73,80,80,80,58,73,42,80,80,80,80,80,80,45,70,80,80,80,80,77,80,80,80,58],"gold":192,"neow_bonus":"RANDOM_COMMON_RELIC","is_daily":false,"chose_seed":false,"campfire_upgraded":8,"win_rate":0.0,"timestamp":1612222678,"path_taken":["M","M","?","M","$","R","?","M","T","?","E","R","$","M","R","BOSS","M","M","M","M","?","R","E","M","T","M","R","?","?","?","R","BOSS","M","M","?","$","M","E","?","R","T","E","M","?","R","M","R","BOSS"],"items_purchased_type":["Card","Card","Card","Card","Card","Relic","Relic"],"build_version":"2020-12-22","purchased_purges":2,"victory":true,"max_hp_per_floor":[80,80,80,80,80,80,80,80,80,80,80,80,80,80,80,80,80,80,80,80,80,80,80,80,80,80,80,80,80,80,80,80,80,80,80,80,80,80,80,80,80,80,80,80,80,80,80,80,80,80],"card_choices":[{"not_picked":["Warcry","Body Slam"],"picked":"Hemokinesis","floor":1},{"not_picked":["Shrug It Off","Armaments"],"picked":"Flex","floor":2},{"not_picked":["Sentinel","Feel No Pain"],"picked":"Hemokinesis","floor":4},{"not_picked":["Pommel Strike","Bloodletting"],"picked":"Anger","floor":7},{"not_picked":["Metallicize","Havoc"],"picked":"Clash","floor":8},{"not_picked":["True Grit","Iron Wave"],"picked":"Bludgeon","floor":11},{"not_picked":["Flame Barrier","Feel No Pain"],"picked":"Battle Trance","floor":14},{"not_picked":["Barricade","Berserk"],"picked":"Double Tap","floor":16},{"not_picked":[],"picked":"Anger","floor":18},{"not_picked":[],"picked":"Shrug It Off+1","floor":19},{"not_picked":["Rupture"],"picked":"SKIP","floor":20},{"not_picked":[],"picked":"Flex","floor":21},{"not_picked":["Havoc"],"picked":"SKIP","floor":24},{"not_picked":[],"picked":"Cleave+1","floor":25},{"not_picked":["Thunderclap"],"picked":"SKIP","floor":27},{"not_picked":["Body Slam"],"picked":"SKIP","floor":30},{"not_picked":[],"picked":"Reaper","floor":33},{"not_picked":["Clash"],"picked":"SKIP","floor":35},{"not_picked":[],"picked":"Wild Strike+1","floor":36},{"not_picked":[],"picked":"Iron Wave+1","floor":39},{"not_picked":[],"picked":"Sword Boomerang","floor":40},{"not_picked":[],"picked":"Uppercut+1","floor":41},{"not_picked":[],"picked":"Headbutt+1","floor":44},{"not_picked":[],"picked":"Disarm+1","floor":45},{"not_picked":["Body Slam"],"picked":"SKIP","floor":48}],"player_experience":496801,"relics_obtained":[{"floor":7,"key":"Blood Vial"},{"floor":9,"key":"HornCleat"},{"floor":11,"key":"Eternal Feather"},{"floor":24,"key":"Bag of Preparation"},{"floor":26,"key":"Toy Ornithopter"},{"floor":31,"key":"CaptainsWheel"},{"floor":31,"key":"Darkstone Periapt"},{"floor":40,"key":"Art of War"},{"floor":43,"key":"Ornamental Fan"},{"floor":44,"key":"Dream Catcher"},{"floor":46,"key":"Shovel"}],"event_choices":[{"damage_healed":0,"gold_gain":75,"player_choice":"Gather Gold","damage_taken":11,"max_hp_gain":0,"max_hp_loss":0,"event_name":"World of Goop","floor":3,"gold_loss":0},{"damage_healed":0,"gold_gain":30,"player_choice":"Searched \u00272\u0027 times","damage_taken":0,"max_hp_gain":0,"max_hp_loss":0,"event_name":"Dead Adventurer","floor":7,"gold_loss":0},{"damage_healed":0,"gold_gain":0,"player_choice":"Ignored","damage_taken":0,"max_hp_gain":0,"max_hp_loss":0,"event_name":"Golden Idol","floor":10,"gold_loss":0},{"damage_healed":0,"gold_gain":0,"player_choice":"Read","damage_taken":0,"max_hp_gain":0,"max_hp_loss":0,"event_name":"The Library","floor":22,"gold_loss":0,"cards_obtained":["Pummel"]},{"damage_healed":0,"gold_gain":0,"cards_transformed":["Defend_R"],"player_choice":"Transformed","damage_taken":0,"max_hp_gain":0,"max_hp_loss":0,"event_name":"Transmorgrifier","floor":29,"gold_loss":0,"cards_obtained":["Flame Barrier"]},{"damage_healed":0,"gold_gain":0,"player_choice":"Fight","damage_taken":0,"max_hp_gain":0,"max_hp_loss":0,"event_name":"Colosseum","floor":31,"gold_loss":0},{"damage_healed":0,"gold_gain":0,"player_choice":"Fought Nobs","damage_taken":0,"max_hp_gain":0,"max_hp_loss":0,"event_name":"Colosseum","floor":31,"gold_loss":0},{"damage_healed":0,"gold_gain":0,"player_choice":"Forge","damage_taken":0,"max_hp_gain":0,"max_hp_loss":0,"event_name":"Accursed Blacksmith","floor":37,"gold_loss":0,"cards_upgraded":["Pummel"]},{"damage_healed":0,"gold_gain":0,"player_choice":"Fight","damage_taken":0,"max_hp_gain":0,"max_hp_loss":0,"event_name":"MindBloom","floor":46,"gold_loss":0}],"is_beta":false,"boss_relics":[{"not_picked":["Pandora\u0027s Box","Coffee Dripper"],"picked":"Busted Crown"},{"not_picked":["SlaversCollar","Cursed Key"],"picked":"Philosopher\u0027s Stone"}],"items_purged_floors":[5,38],"is_endless":false,"potions_floor_spawned":[1,4,8,18,19,30,31,35,44,45,46,48],"ascension_level":4}}