{"host":"ayh4nqhr0ddw4ozv","time":1612164298,"event":{"mods":["BaseMod","Minty Spire (QoL Compilation)","Relic Stats","Replay The Spire","Robot Space Explorer","StSLib"],"gold_per_floor":[116,136,26,43,57,89,102,102,102,102,102,102,129,129,129,158,158,236,236,250,265,265,297,315,315,1,1,55,66,100,114,114,114,114],"floor_reached":33,"language":"ENG","playtime":2235,"items_purged":["Strike_G"],"score":577,"play_id":"d9c403af-d950-421e-8e1c-581fee23c545","local_time":"20210131232458","is_ascension_mode":true,"campfire_choices":[{"data":"Noxious Fumes","floor":11.0,"key":"SMITH"},{"data":"ReplayTheSpireMod:From All Sides","floor":11.0,"key":"SMITH"},{"data":"Deadly Poison","floor":17.0,"key":"SMITH"},{"data":"Corpse Explosion","floor":17.0,"key":"SMITH"},{"floor":25.0,"key":"REST"},{"floor":27.0,"key":"REST"}],"circlet_count":0,"master_deck":["AscendersBane","Strike_G","Strike_G","Strike_G+1","Strike_G+1","Defend_G","Defend_G","Defend_G","Defend_G","Defend_G","Survivor","Neutralize","Noxious Fumes+1","Bane","ReplayTheSpireMod:From All Sides+1","ReplayTheSpireMod:From All Sides","Deadly Poison+1","Heel Hook","Leg Sweep","Corpse Explosion+1","Tools of the Trade","PiercingWail","Calculated Gamble","Concentrate","Amnesia","Well Laid Plans","Acrobatics","Tactician","ReplayTheSpireMod:Exploit Weakness","Sadistic Nature","ReplayTheSpireMod:Necrosis","Tactician"],"relics":["Ring of the Snake","Nunchaku","Replay:Arrowhead","Prayer Wheel","Tough Bandages","HoveringKite","Gremlin Food","BargainBundle","Bag of Marbles","Torii"],"acts_visited":["Exordium","TheCity"],"potions_floor_usage":[],"damage_taken":[{"damage":12.0,"enemies":"Cultist","floor":1.0,"turns":6.0},{"damage":0.0,"enemies":"Jaw Worm","floor":2.0,"turns":6.0},{"damage":4.0,"enemies":"Small Slimes","floor":4.0,"turns":3.0},{"damage":1.0,"enemies":"Looter","floor":5.0,"turns":4.0},{"damage":26.0,"enemies":"3 Sentries","floor":6.0,"turns":7.0},{"damage":28.0,"enemies":"Gremlin Gang","floor":7.0,"turns":6.0},{"damage":23.0,"enemies":"Lagavulin","floor":13.0,"turns":8.0},{"damage":8.0,"enemies":"Gremlin Nob","floor":16.0,"turns":4.0},{"damage":12.0,"enemies":"The Guardian","floor":18.0,"turns":9.0},{"damage":13.0,"enemies":"Shell Parasite","floor":20.0,"turns":7.0},{"damage":7.0,"enemies":"Chosen","floor":21.0,"turns":6.0},{"damage":19.0,"enemies":"Snecko","floor":23.0,"turns":8.0},{"damage":7.0,"enemies":"Shelled Parasite and Fungi","floor":24.0,"turns":5.0},{"damage":16.0,"enemies":"Centurion and Healer","floor":29.0,"turns":4.0},{"damage":11.0,"enemies":"Slavers","floor":30.0,"turns":3.0},{"damage":15.0,"enemies":"Snake Plant","floor":31.0,"turns":5.0},{"damage":1.0,"enemies":"Colosseum Slavers","floor":32.0,"turns":4.0},{"damage":8,"enemies":"Snecko","floor":33,"turns":3}],"seed_played":"4583717188857666117","potions_obtained":[{"floor":4.0,"key":"FairyPotion"},{"floor":5.0,"key":"Poison Potion"},{"floor":7.0,"key":"Weak Potion"},{"floor":13.0,"key":"Block Potion"},{"floor":16.0,"key":"ColorlessPotion"},{"floor":20.0,"key":"SkillPotion"},{"floor":29.0,"key":"SneckoOil"}],"is_trial":false,"path_per_floor":["M","M","$","M","M","E","M","?","T","?","R","?","E","PTL","PTL","E","R","B",null,"M","M","?","M","M","R","$","R","T","M","E","M","?","M"],"character_chosen":"THE_SILENT","items_purchased":["ReplayTheSpireMod:From All Sides","BargainBundle","Sadistic Nature","LifebloodPotion","Adrenaline Potion"],"campfire_rested":2,"item_purchase_floors":[3,26,26,26,26],"current_hp_per_floor":[53,53,53,49,48,22,21,39,39,63,63,63,40,40,40,32,32,20,57,44,37,37,18,11,31,31,51,51,35,24,9,8,0,0],"gold":114,"neow_bonus":"TEN_PERCENT_HP_BONUS","is_daily":false,"chose_seed":false,"campfire_upgraded":4,"win_rate":0.0,"timestamp":1612164298,"path_taken":["M","M","$","M","?","E","M","?","T","?","R","?","E","PTL","PTL","E","R","BOSS","M","?","?","M","M","R","$","R","T","M","E","M","?","M"],"items_purchased_type":["Card","Relic","Card","Potion","Potion"],"build_version":"2020-12-22","purchased_purges":1,"victory":false,"max_hp_per_floor":[72,72,72,72,72,72,72,72,72,72,72,69,69,69,69,69,69,69,69,69,69,69,69,69,69,69,69,69,69,69,69,69,69,69],"relic_stats":{"Nunchaku":[9],"Tough Bandages":[171],"Torii":7,"counters":[18,98],"HoveringKite":[28],"Prayer Wheel":6,"obtain_stats":[{"Gremlin Food":22,"Nunchaku":6,"Tough Bandages":16,"BargainBundle":26,"Torii":30,"HoveringKite":19,"Prayer Wheel":13,"Bag of Marbles":28,"Replay:Arrowhead":9,"Ring of the Snake":0},{"Gremlin Food":11,"Nunchaku":5,"Tough Bandages":8,"BargainBundle":13,"Torii":15,"HoveringKite":9,"Prayer Wheel":7,"Bag of Marbles":13,"Replay:Arrowhead":6,"Ring of the Snake":0},{"Gremlin Food":66,"Nunchaku":26,"Tough Bandages":44,"BargainBundle":79,"Torii":86,"HoveringKite":53,"Prayer Wheel":40,"Bag of Marbles":79,"Replay:Arrowhead":32,"Ring of the Snake":0}],"Ring of the Snake":[36]},"card_choices":[{"not_picked":["Outmaneuver","ReplayTheSpireMod:Scrap Shanks"],"picked":"Noxious Fumes","floor":1.0},{"not_picked":["Poisoned Stab","Backflip"],"picked":"Bane","floor":2.0},{"not_picked":["Fluid Movement","Acrobatics"],"picked":"Deadly Poison","floor":4.0},{"not_picked":["Terror","Reflex","Sucker Punch"],"picked":"SKIP","floor":5.0},{"not_picked":["Skewer","Setup","Choke"],"picked":"SKIP","floor":6.0},{"not_picked":["Outmaneuver","Deadly Poison"],"picked":"Heel Hook","floor":7.0},{"not_picked":["ReplayTheSpireMod:Shiv Toss","Bane"],"picked":"Leg Sweep","floor":13.0},{"not_picked":["Deadly Poison","Outmaneuver"],"picked":"Corpse Explosion","floor":16.0},{"not_picked":["Doppelganger","ReplayTheSpireMod:Necrosis"],"picked":"Tools of the Trade","floor":18.0},{"not_picked":["Bane","Cloak And Dagger"],"picked":"PiercingWail","floor":20.0},{"not_picked":["Hidden Blade","Predator","Draining Mist"],"picked":"SKIP","floor":20.0},{"not_picked":["Prepared","Dodge and Roll"],"picked":"Calculated Gamble","floor":21.0},{"not_picked":["Quick Slash","Prepared"],"picked":"Concentrate","floor":21.0},{"not_picked":["Backflip","Slice+1"],"picked":"Well Laid Plans","floor":23.0},{"not_picked":["Bane","Cloak And Dagger"],"picked":"Acrobatics","floor":23.0},{"not_picked":["Prepared","Underhanded Strike"],"picked":"Tactician","floor":24.0},{"not_picked":["Dagger Spray+1","Backflip+1"],"picked":"ReplayTheSpireMod:Exploit Weakness","floor":24.0},{"not_picked":["Deadly Poison","Sucker Punch"],"picked":"ReplayTheSpireMod:Necrosis","floor":29.0},{"not_picked":["Endless Agony","Dagger Throw+1"],"picked":"Tactician","floor":29.0},{"not_picked":["Masterful Stab","Cloak And Dagger","Poisoned Stab+1"],"picked":"SKIP","floor":30.0},{"not_picked":["Poisoned Stab","Deadly Poison","Dagger Throw+1"],"picked":"SKIP","floor":31.0},{"not_picked":["Replay:Poison Smokescreen","Flying Knee","Setup"],"picked":"SKIP","floor":31.0}],"player_experience":410718,"relics_obtained":[{"floor":6.0,"key":"Nunchaku"},{"floor":9.0,"key":"Replay:Arrowhead"},{"floor":13.0,"key":"Prayer Wheel"},{"floor":16.0,"key":"Tough Bandages"},{"floor":28.0,"key":"Bag of Marbles"},{"floor":30.0,"key":"Torii"}],"event_choices":[{"damage_healed":18.0,"max_hp_gain":0.0,"max_hp_loss":0.0,"gold_gain":0.0,"event_name":"Mushrooms","player_choice":"Healed and dodged fight","floor":8.0,"gold_loss":0.0,"damage_taken":0.0,"cards_obtained":["Parasite"]},{"damage_healed":24.0,"max_hp_gain":0.0,"max_hp_loss":0.0,"gold_gain":0.0,"event_name":"Big Fish","player_choice":"Banana","floor":10.0,"gold_loss":0.0,"damage_taken":0.0},{"cards_removed":["Parasite"],"damage_healed":0.0,"max_hp_gain":0.0,"max_hp_loss":0.0,"gold_gain":0.0,"event_name":"Purifier","player_choice":"Purged","floor":12.0,"gold_loss":0.0,"damage_taken":0.0},{"damage_healed":0.0,"max_hp_gain":0.0,"max_hp_loss":0.0,"gold_gain":0.0,"event_name":"Colosseum","player_choice":"Fight","floor":32.0,"gold_loss":0.0,"damage_taken":0.0},{"damage_healed":0.0,"max_hp_gain":0.0,"max_hp_loss":0.0,"gold_gain":0.0,"event_name":"Colosseum","player_choice":"Fled From Nobs","floor":32.0,"gold_loss":0.0,"damage_taken":0.0}],"is_beta":false,"boss_relics":[{"not_picked":["Snecko Scales","Runic Dome"],"picked":"HoveringKite"}],"items_purged_floors":[26],"is_endless":false,"potions_floor_spawned":[4,5,7,13,16,20,21,29],"killed_by":"Snecko","ascension_level":17}}