{"host":"cd25ms2o8pjhjp7m","time":1612188424,"event":{"mods":["Aspiration","BaseMod","Bestiary","Better Third Choice","BetterRewards","Conspire","Curses Come First","Friendly Minions","GifTheSpireLib","Hubris","Minty Spire (QoL Compilation)","Rare Cards Sparkle","Relic Stats","Reliquary","Replay The Spire","Robot Space Explorer","StSLib","The Poker Player","Uncapped","[IsaacMod]????","??????REMEMod"],"gold_per_floor":[117,117,117,134,154,154,170,170,170,184,184,204,204,47,47,144,144,162,162,181,241,261,261,271,271,271],"floor_reached":25,"language":"DEU","playtime":1034,"items_purged":[],"score":195,"play_id":"3261b3f6-13c6-4788-8eec-41bcb07917a0","local_time":"20210201150704","is_ascension_mode":false,"campfire_choices":[{"data":"Mayhem","floor":6,"key":"SMITH"},{"data":"Footwork","floor":8,"key":"SMITH"},{"data":"Neutralize","floor":13,"key":"SMITH"},{"floor":15,"key":"REST"},{"floor":23,"key":"REST"}],"circlet_count":0,"master_deck":["Survivor","Neutralize+1","Mayhem+1","Footwork+1","Crippling Poison","Caltrops","Echo Form+1","ReplayTheSpireMod:Necrosis","REME_CopyPotion","hubris:TrickCloak","hubris:Counter","Backflip","ReplayTheSpireMod:Necrosis","Backstab","REME_LeechingPoison","Catalyst","ReplayTheSpireMod:Tripwire","Deadly Poison+1","Setup+1","ReplayTheSpireMod:Speed Training","Backflip"],"relics":["Ring of the Snake","REME_ComplimentaryCards","HushsDoor","Omamori","YumHeart","hubris:Icosahedron","Pandora\u0027s Box","BookofShadows"],"acts_visited":["Exordium","TheCity"],"potions_floor_usage":[16],"damage_taken":[{"damage":0,"enemies":"Jaw Worm","floor":1,"turns":6},{"damage":0,"enemies":"2 Louse","floor":4,"turns":4},{"damage":6,"enemies":"Cultist","floor":5,"turns":6},{"damage":22,"enemies":"Gremlin Gang","floor":7,"turns":6},{"damage":8,"enemies":"Large Slime","floor":10,"turns":5},{"damage":11,"enemies":"Exordium Thugs","floor":12,"turns":6},{"damage":46,"enemies":"Fading Forest","floor":16,"turns":11},{"damage":14,"enemies":"3 Byrds","floor":18,"turns":5},{"damage":7,"enemies":"Spheric Guardian","floor":20,"turns":5},{"damage":46,"enemies":"Centurion and Healer","floor":22,"turns":6},{"damage":56,"enemies":"Sentry and Sphere","floor":24,"turns":8},{"damage":15,"enemies":"Snake Plant","floor":25,"turns":1}],"seed_played":"9149970790941447966","potions_obtained":[{"floor":1,"key":"FearPotion"},{"floor":12,"key":"SpeedPotion"},{"floor":16,"key":"Elixir"},{"floor":18,"key":"Strength Potion"}],"is_trial":false,"path_per_floor":["M","?","?","M","M","R","M","R","T","M","?","M","R","$","R","B",null,"M","?","M","?","M","R","M","M"],"character_chosen":"THE_SILENT","items_purchased":["ReplayTheSpireMod:Necrosis"],"campfire_rested":2,"item_purchase_floors":[14],"current_hp_per_floor":[70,63,63,63,57,57,70,70,70,62,48,37,37,37,58,12,70,56,56,70,70,28,49,14,0,0],"gold":271,"neow_bonus":"RANDOM_COMMON_RELIC","is_daily":false,"chose_seed":false,"campfire_upgraded":3,"win_rate":0.0,"timestamp":1612188424,"path_taken":["M","?","?","M","M","R","M","R","T","M","?","M","R","?","R","BOSS","M","?","?","?","M","R","M","M"],"items_purchased_type":["Card"],"build_version":"2020-12-22","purchased_purges":0,"victory":false,"max_hp_per_floor":[70,70,70,70,70,70,70,70,70,70,70,70,70,70,70,70,70,70,70,70,70,70,70,70,70,70],"relic_stats":{"counters":[12,69],"Pandora\u0027s Box":["REME_CopyPotion","hubris:TrickCloak","hubris:Counter","Backflip","ReplayTheSpireMod:Necrosis","Backstab","REME_LeechingPoison","Catalyst","ReplayTheSpireMod:Tripwire"],"obtain_stats":[{"KeepersGift":0,"YumHeart":0,"BookofShadows":21,"hubris:Icosahedron":3,"Pandora\u0027s Box":17,"Omamori":0,"HushsDoor":0,"Ring of the Snake":0,"REME_ComplimentaryCards":0},{"KeepersGift":0,"YumHeart":0,"BookofShadows":9,"hubris:Icosahedron":1,"Pandora\u0027s Box":7,"Omamori":0,"HushsDoor":0,"Ring of the Snake":0,"REME_ComplimentaryCards":0},{"KeepersGift":0,"YumHeart":0,"BookofShadows":54,"hubris:Icosahedron":6,"Pandora\u0027s Box":44,"Omamori":0,"HushsDoor":0,"Ring of the Snake":0,"REME_ComplimentaryCards":0}],"Ring of the Snake":[24]},"card_choices":[{"not_picked":[],"picked":"Bomb","floor":0},{"not_picked":["hubris:Sniper","Bomb"],"picked":"Footwork","floor":1},{"not_picked":["Slice","Eviscerate"],"picked":"Crippling Poison","floor":4},{"not_picked":["Backflip","Underhanded Strike","Flying Knee"],"picked":"SKIP","floor":5},{"not_picked":["PiercingWail","Reflex"],"picked":"Caltrops","floor":7},{"not_picked":["Hidden Blade","Dagger Spray","Outmaneuver"],"picked":"SKIP","floor":10},{"not_picked":["Distraction","Outmaneuver","Backstab"],"picked":"SKIP","floor":12},{"not_picked":["Expertise","Poisoned Stab+1"],"picked":"Deadly Poison+1","floor":18},{"not_picked":["hubris:Sniper+1","Reflex"],"picked":"Setup+1","floor":20},{"not_picked":["Sucker Punch+1","Setup+1"],"picked":"ReplayTheSpireMod:Speed Training","floor":21},{"not_picked":["Slice","hubris:Sniper"],"picked":"Backflip","floor":22},{"not_picked":["Flying Knee+1","Blade Dance+1","Flechettes+1"],"picked":"SKIP","floor":24}],"player_experience":456701,"relics_obtained":[{"floor":21,"key":"BookofShadows"}],"event_choices":[{"cards_removed":["Strike_G"],"damage_healed":0,"gold_gain":0,"player_choice":"Card Removal","damage_taken":7,"max_hp_gain":0,"max_hp_loss":0,"event_name":"Golden Wing","floor":2,"gold_loss":0},{"damage_healed":0,"gold_gain":0,"player_choice":"Card ","damage_taken":14,"max_hp_gain":0,"max_hp_loss":0,"event_name":"betterThird:BetterScrap","floor":11,"gold_loss":0,"cards_obtained":["Echo Form"]}],"is_beta":false,"boss_relics":[{"not_picked":["WristBlade","Fusion Hammer"],"picked":"Pandora\u0027s Box"},{"not_picked":[]}],"items_purged_floors":[],"is_endless":false,"potions_floor_spawned":[1,12,16,18,20],"killed_by":"Snake Plant","ascension_level":0}}