{"host":"d52brwsy6af8zvaq","time":1612213387,"event":{"mods":["AchievementEnabler","BaseMod","Bestiary","Highlight Path","Minty Spire (QoL Compilation)","Quick Restart","Relic Stats","ojb\u0027s Better Paths Mod"],"gold_per_floor":[13,13,26,42,60,60,70,41,41,74,88,88,88],"floor_reached":12,"language":"ENG","playtime":1624,"items_purged":[],"score":164,"play_id":"cb5bf03a-fa15-4c99-89ec-47e8d3c58515","local_time":"20210201140307","is_ascension_mode":true,"campfire_choices":[{"data":"Footwork","floor":6.0,"key":"SMITH"}],"circlet_count":0,"master_deck":["AscendersBane","Strike_G","Strike_G","Strike_G","Strike_G","Defend_G","Defend_G","Defend_G","Defend_G","Defend_G","Survivor","Neutralize","Blade Dance","All Out Attack","Cloak And Dagger","Footwork+1","Poisoned Stab","Blur","Prepared","PiercingWail","Crippling Poison"],"relics":["Ring of the Snake","The Specimen","Matryoshka","Mummified Hand"],"acts_visited":["Exordium"],"potions_floor_usage":[10],"damage_taken":[{"damage":1.0,"enemies":"Cultist","floor":1.0,"turns":4.0},{"damage":0.0,"enemies":"Jaw Worm","floor":3.0,"turns":5.0},{"damage":2.0,"enemies":"2 Louse","floor":4.0,"turns":2.0},{"damage":2.0,"enemies":"Large Slime","floor":5.0,"turns":8.0},{"damage":0.0,"enemies":"Exordium Wildlife","floor":7.0,"turns":5.0},{"damage":46,"enemies":"3 Sentries","floor":10,"turns":17},{"damage":0,"enemies":"Red Slaver","floor":11,"turns":5},{"damage":41,"enemies":"Gremlin Nob","floor":12,"turns":4}],"seed_played":"-3418971182015465162","potions_obtained":[{"floor":3.0,"key":"Regen Potion"},{"floor":10,"key":"Dexterity Potion"}],"is_trial":false,"path_per_floor":["M","?","M","M","M","R","M","$","T","E","M","E"],"character_chosen":"THE_SILENT","items_purchased":["Prepared"],"campfire_rested":0,"item_purchase_floors":[8],"current_hp_per_floor":[58,58,58,56,54,54,54,54,54,22,22,0,0],"gold":88,"neow_bonus":"ONE_RARE_RELIC","is_daily":false,"chose_seed":false,"campfire_upgraded":1,"win_rate":0.0,"timestamp":1612213387,"path_taken":["M","?","M","M","M","R","M","$","T","E","M","E"],"items_purchased_type":["Card"],"build_version":"2020-12-22","purchased_purges":0,"victory":false,"max_hp_per_floor":[66,66,66,66,66,66,66,66,66,66,66,66,66],"relic_stats":{"counters":[8,50],"Mummified Hand":[2],"obtain_stats":[{"Matryoshka":9,"The Specimen":0,"Mummified Hand":10,"Ring of the Snake":0},{"Matryoshka":5,"The Specimen":0,"Mummified Hand":6,"Ring of the Snake":0},{"Matryoshka":24,"The Specimen":0,"Mummified Hand":41,"Ring of the Snake":0}],"Ring of the Snake":[16]},"card_choices":[{"not_picked":["Underhanded Strike","Quick Slash"],"picked":"Blade Dance","floor":1.0},{"not_picked":["PiercingWail","Distraction"],"picked":"Cloak And Dagger","floor":3.0},{"not_picked":["Quick Slash","Dagger Throw"],"picked":"Footwork","floor":4.0},{"not_picked":["Dagger Throw","A Thousand Cuts"],"picked":"Poisoned Stab","floor":5.0},{"not_picked":["Prepared","Acrobatics"],"picked":"Blur","floor":7.0},{"not_picked":["Dagger Spray","Riddle With Holes"],"picked":"PiercingWail","floor":10},{"not_picked":["Dagger Spray","Prepared"],"picked":"Crippling Poison","floor":11}],"player_experience":2103516,"relics_obtained":[{"floor":9.0,"key":"Matryoshka"},{"floor":10,"key":"Mummified Hand"}],"event_choices":[{"damage_healed":0.0,"max_hp_gain":0.0,"max_hp_loss":0.0,"gold_gain":0.0,"cards_transformed":["Strike_G"],"event_name":"Living Wall","player_choice":"Change","floor":2.0,"gold_loss":0.0,"damage_taken":0.0,"cards_obtained":["All Out Attack"]}],"is_beta":false,"boss_relics":[],"items_purged_floors":[],"is_endless":false,"potions_floor_spawned":[3,10],"killed_by":"Gremlin Nob","ascension_level":20}}