{"host":"y9jgkjnf95sujozk","time":1612199087,"event":{"mods":["2.2 Compatiblity","AchievementEnabler","Act Like it!","BaseMod","BetterRewards","Block Reminder","Colored Map","Colored Powertips","Friendly Minions","Gensokyo","GifTheSpireLib","Hallownest","Hermit","Highlight Path","HololiveMod","Hubris","Infinite Spire","Jorbs\u0027s Wanderer Trilogy","Koishi","Marisa（霧雨　魔理沙）","Minty Spire (QoL Compilation)","Quick Restart","Random Character Button","Rare Cards Sparkle","Reimu（博??梦）","Remilia（蕾米莉?）","Replay The Spire","Shop Mod","StSLib","SuperFastMode","The Bug Knight","The Cursed","The Disciple","The Hierophant","The Jungle","The Poker Player","The Runesmith","The Senshi","The Servant 0.9.4"],"gold_per_floor":[117,129,129,154,154,82,82,82,82,110,110,110,123,137,137,238,238,257,277,277,292,2,2,2],"floor_reached":23,"language":"ENG","playtime":614,"items_purged":["Injury"],"score":389,"play_id":"98ab9e88-1759-4dad-94e6-b79d8647e0e4","local_time":"20210201180447","is_ascension_mode":true,"campfire_choices":[{"floor":7,"key":"REST"},{"floor":12,"key":"REST"},{"floor":15,"key":"REST"}],"circlet_count":0,"master_deck":["Strike_S","Strike_S","Strike_S","Strike_S","Defend_S","Defend_S","Defend_S","Defend_S","KidneyShot","Exchange","Spin","Unruled","DoubleEdge","ReplayTheSpireMod:Black Plague","Defy","Unruled","WasteNot","Unruled","Rearm","TheWorld","TheCursedMod:Dregs","hubris:Lust","Gensokyo:AllTheWorldsEvil","Defy","DualDimension","Starlight","DoubleEdge","Mind Blast"],"relics":["Uniform","Orichalcum","Replay:Wax Seal","Ancient Tea Set","hubris:DeckOfHolding","infinitespire:EmpoweringShard","Replay:Ancient Bell","Nunchaku","Kunai","Mango","theJungle:WildMango","Sling"],"acts_visited":["Exordium","Gensokyo:Gensokyo"],"potions_floor_usage":[1,6,21,21],"damage_taken":[{"damage":0,"enemies":"Gensokyo:2_Kodama","floor":1,"turns":2},{"damage":0,"enemies":"Gensokyo:Python","floor":2,"turns":4},{"damage":5,"enemies":"Gensokyo:Mamizou","floor":6,"turns":6},{"damage":0,"enemies":"Gensokyo:Cirno","floor":10,"turns":4},{"damage":2,"enemies":"Gensokyo:Gryphon","floor":13,"turns":3},{"damage":6,"enemies":"Gensokyo:VengefulSpirit","floor":14,"turns":3},{"damage":8,"enemies":"Gensokyo:Reimu","floor":16,"turns":9},{"damage":31,"enemies":"theJungle:Flameango_and_Byrd","floor":18,"turns":5},{"damage":5,"enemies":"theJungle:5_Spyders","floor":19,"turns":8},{"damage":52,"enemies":"theJungle:2_Snecko_Cultists","floor":21,"turns":6},{"damage":24,"enemies":"theJungle:Cassacara","floor":23,"turns":2}],"seed_played":"7900012161738326813","potions_obtained":[{"floor":1,"key":"Fruit Juice"},{"floor":2,"key":"Weak Potion"},{"floor":16,"key":"SkillPotion"},{"floor":19,"key":"Swift Potion"}],"is_trial":false,"path_per_floor":["M","M","?","$","?","E","R","?","T","E","$","R","M","M","R","B",null,"M","M","?","M","$","E"],"character_chosen":"THE_SERVANT","items_purchased":["Spin","Orichalcum","DoubleEdge","Sling","Mind Blast"],"campfire_rested":3,"item_purchase_floors":[0,0,22,22,22],"current_hp_per_floor":[70,70,70,70,53,48,69,69,69,69,69,70,68,62,70,62,84,53,48,62,10,10,0,0],"gold":2,"neow_bonus":"","is_daily":false,"chose_seed":false,"campfire_upgraded":0,"win_rate":0.0,"timestamp":1612199087,"path_taken":["M","M","?","$","?","E","R","?","T","E","?","R","M","?","R","BOSS","M","M","?","M","$","E"],"items_purchased_type":["Card","Relic","Card","Relic","Card"],"build_version":"2020-12-22","purchased_purges":1,"victory":false,"max_hp_per_floor":[70,70,70,70,70,70,70,70,70,70,70,70,70,70,70,70,84,84,84,98,98,98,98,98],"card_choices":[{"not_picked":["Revamp","BottledTime"],"picked":"Unruled","floor":1},{"not_picked":["Alleviate","SilverBlades"],"picked":"DoubleEdge","floor":2},{"not_picked":["infinitespire:UltimateForm","hubris:Rewind"],"picked":"ReplayTheSpireMod:Black Plague","floor":5},{"not_picked":["Starlight","Replace"],"picked":"Defy","floor":6},{"not_picked":["Deny","BottledTime"],"picked":"WasteNot","floor":10},{"not_picked":["BestPractice","TimeWarp"],"picked":"Unruled","floor":13},{"not_picked":["TimeWarp","GearUp"],"picked":"Rearm","floor":14},{"not_picked":["Solidify","KillingDoll"],"picked":"TheWorld","floor":16},{"not_picked":["Hallucinations","hubris:Lust"],"picked":"TheCursedMod:Dregs","floor":17},{"not_picked":["Looming Evil","stsjorbsmod:Amnesia"],"picked":"hubris:Lust","floor":17},{"not_picked":["ReplayTheSpireMod:Faulty Equipment","hubris:Sloth"],"picked":"Gensokyo:AllTheWorldsEvil","floor":17},{"not_picked":["Moondial","Luminosity"],"picked":"Defy","floor":18},{"not_picked":["RealityMarble","Shuttle"],"picked":"DualDimension","floor":19},{"not_picked":["MurderousAura","Replace"],"picked":"Starlight","floor":21}],"player_experience":124504,"relics_obtained":[{"floor":6,"key":"Ancient Tea Set"},{"floor":9,"key":"hubris:DeckOfHolding"},{"floor":10,"key":"infinitespire:EmpoweringShard"}],"event_choices":[],"is_beta":false,"boss_relics":[{"not_picked":["Hololive_ChaosS","Honey Jar"],"picked":"Replay:Ancient Bell"},{"not_picked":["theSenshi:SailorFukuRelic","Blue Doll"],"picked":"Nunchaku"},{"not_picked":["Replay:Accelerometer","Blue Candle"],"picked":"Kunai"},{"not_picked":["infinitespire:Magic Flask","hubris:Potato"],"picked":"Mango"}],"items_purged_floors":[4],"is_endless":false,"potions_floor_spawned":[1,2,16,19],"killed_by":"theJungle:Cassacara","ascension_level":1}}