{"host":"qrlp59d4kykmw4mt","time":1612157915,"event":{"mods":["Act Like it!","BaseMod","Colored Map","Downfall","Friendly Minions","Highlight Path","Minty Spire (QoL Compilation)","Permanent Neow","Random Character Button","Rare Cards Sparkle","SacredBarkPlus","StSLib","SuperFastMode","everything is the same but u backflip on backflip"],"gold_per_floor":[99,115,115,23,38,72,72,222,239,239,264,281,293,306,325,430,430,230,241,0,15,31,131,155,170,170,185,85,95,113,143,156,253,253,253,267,5,17,162,172,197,197,217,242,242,273,273,292,303,303,303,303,303,303],"floor_reached":52,"language":"ENG","playtime":2714,"items_purged":["downfall:Icky","bronze:Strike","bronze:Strike"],"score":762,"play_id":"f9c7870e-040a-47e2-a4fc-6b5949d47918","local_time":"20210201003835","is_ascension_mode":true,"campfire_choices":[{"data":"bronze:Replicate","floor":1.0,"key":"SMITH"},{"data":"bronze:InfiniteBeams","floor":18,"key":"SMITH"},{"floor":26,"key":"RECALL"},{"data":"bronze:Verify","floor":28,"key":"SMITH"},{"data":"bronze:DelayedGuard","floor":35,"key":"SMITH"},{"data":"bronze:Repulsor","floor":42,"key":"SMITH"},{"floor":45,"key":"REST"}],"circlet_count":0,"master_deck":["bronze:Strike","bronze:Strike","bronze:Defend","bronze:Defend","bronze:Defend","bronze:Defend","bronze:Replicate+1","bronze:Goto+1","bronze:DelayedSlice+1","bronze:InfiniteBeams+1","bronze:Virus","bronze:Verify+1","bronze:DelayedSlice","bronze:FollowUp+1","bronze:DelayedGuard+1","bronze:Return+1","bronze:Repulsor+1","bronze:FollowUp+1","bronze:BronzeOrb+1","bronze:DelayedGuard+1"],"relics":["bronze:BronzeCore","Gremlin Horn","Torii","Black Star","downfall:HeartBlessingGreen","downfall:HeartBlessingBlue","Blood Vial","Toy Ornithopter","downfall:HeartBlessingRed","Matryoshka","Molten Egg 2","bronze:MakeshiftBattery","Vajra","Pantograph","Bag of Marbles","Ginger","The Courier","CeramicFish","Bronze Scales"],"acts_visited":["Exordium","TheCity","TheBeyond","TheEnding"],"potions_floor_usage":[16,16,31,32,33,33,40,46],"damage_taken":[{"damage":1.0,"enemies":"Jaw Worm","floor":2.0,"turns":3.0},{"damage":0.0,"enemies":"downfall:FleeingMerchant","floor":4.0,"turns":4.0},{"damage":0.0,"enemies":"Cultist","floor":5.0,"turns":2.0},{"damage":4.0,"enemies":"3 Sentries","floor":6.0,"turns":6.0},{"damage":0.0,"enemies":"Small Slimes","floor":9.0,"turns":2.0},{"damage":16.0,"enemies":"Lagavulin","floor":11.0,"turns":6.0},{"damage":7.0,"enemies":"Blue Slaver","floor":12.0,"turns":3.0},{"damage":9.0,"enemies":"Red Slaver","floor":13.0,"turns":4.0},{"damage":1.0,"enemies":"3 Louse","floor":14.0,"turns":2.0},{"damage":3.0,"enemies":"Lots of Slimes","floor":15.0,"turns":3.0},{"damage":10,"enemies":"WA_ARCHETYPE_RETAIN","floor":16,"turns":7},{"damage":10,"enemies":"Chosen","floor":19,"turns":4},{"damage":5,"enemies":"downfall:FleeingMerchant","floor":20,"turns":4},{"damage":2,"enemies":"Cultist and Chosen","floor":21,"turns":3},{"damage":0,"enemies":"Snecko","floor":22,"turns":4},{"damage":44,"enemies":"Snake Plant","floor":25,"turns":6},{"damage":3,"enemies":"Cultist and Chosen","floor":27,"turns":4},{"damage":10,"enemies":"Snecko","floor":29,"turns":5},{"damage":16,"enemies":"Snake Plant","floor":30,"turns":4},{"damage":6,"enemies":"Gremlin Leader","floor":31,"turns":4},{"damage":1,"enemies":"Shelled Parasite and Fungi","floor":32,"turns":5},{"damage":1,"enemies":"SI_MIRROR_ARCHETYPE","floor":33,"turns":6},{"damage":7,"enemies":"Orb Walker","floor":36,"turns":3},{"damage":2,"enemies":"downfall:FleeingMerchant","floor":37,"turns":4},{"damage":1,"enemies":"3 Darklings","floor":38,"turns":6},{"damage":3,"enemies":"downfall:FleeingMerchant","floor":39,"turns":3},{"damage":33,"enemies":"4 Shapes","floor":40,"turns":4},{"damage":8,"enemies":"Jaw Worm Horde","floor":43,"turns":4},{"damage":20,"enemies":"Nemesis","floor":44,"turns":7},{"damage":14,"enemies":"Reptomancer","floor":46,"turns":5},{"damage":10,"enemies":"Transient","floor":48,"turns":5},{"damage":1,"enemies":"Maw","floor":49,"turns":5},{"damage":32,"enemies":"DF_ARCHETYPE_ORBS","floor":50,"turns":8},{"damage":94,"enemies":"downfall:CharBossMerchant","floor":52,"turns":8}],"seed_played":"-5655741752272736978","potions_obtained":[{"floor":2.0,"key":"Explosive Potion"},{"floor":6.0,"key":"Weak Potion"},{"floor":12.0,"key":"Weak Potion"},{"floor":13.0,"key":"SpeedPotion"},{"floor":21,"key":"AttackPotion"},{"floor":22,"key":"DistilledChaos"},{"floor":25,"key":"Block Potion"},{"floor":32,"key":"Weak Potion"},{"floor":33,"key":"Dexterity Potion"},{"floor":36,"key":"Fire Potion"},{"floor":40,"key":"Explosive Potion"},{"floor":43,"key":"ColorlessPotion"},{"floor":46,"key":"bronze:CleanCodePotion"}],"is_trial":false,"path_per_floor":["R","M","?","$","M","E","T","?","M","?","E","M","M","M","M","B",null,"R","M","$","M","M","?","T","M","R","M","R","M","M","E","M","B",null,"R","M","$","M","$","M","T","R","M","E","R","E","?","M","M","B",null,"E"],"character_chosen":"THE_AUTOMATON","items_purchased":["bronze:InfiniteBeams","Blood Vial","Vajra","bronze:Repulsor"],"campfire_rested":1,"item_purchase_floors":[4,20,37,39],"current_hp_per_floor":[70,69,69,69,69,65,65,65,65,65,49,42,33,32,29,19,70,80,70,65,65,67,67,67,25,25,24,24,16,2,3,9,20,80,80,73,73,74,73,47,47,47,41,23,47,40,70,60,61,38,70,0,0,0],"gold":303,"neow_bonus":"UPGRADE_CARD","is_daily":false,"chose_seed":false,"campfire_upgraded":5,"win_rate":0.0,"timestamp":1612157915,"path_taken":["R","M","?","$","?","E","T","?","M","?","E","?","M","M","M","BOSS","R","M","$","M","M","?","T","M","R","M","R","M","?","E","M","BOSS","R","M","$","M","?","M","T","R","M","E","R","E","?","M","M","BOSS","E"],"items_purchased_type":["Card","Relic","Relic","Card"],"build_version":"2020-12-22","purchased_purges":3,"victory":false,"max_hp_per_floor":[70,70,70,70,70,70,70,70,70,70,70,70,70,70,70,70,70,80,80,80,80,80,80,80,80,80,80,80,80,80,80,80,80,80,80,80,80,80,80,80,80,80,80,80,80,80,70,70,70,70,70,70,70,70],"card_choices":[{"not_picked":["bronze:Frontload","bronze:Iterate"],"picked":"bronze:DelayedSlice","floor":2.0},{"not_picked":["bronze:BugBarrage","bronze:Separator","bronze:Deprecate"],"picked":"SKIP","floor":4.0},{"not_picked":["bronze:BuggyMess","bronze:RecursiveStrike","bronze:Branch"],"picked":"SKIP","floor":5.0},{"not_picked":["bronze:ClassDefault","bronze:OilSpill","bronze:BurnOut"],"picked":"SKIP","floor":6.0},{"not_picked":["bronze:WhirlingStrike","bronze:BitShift","bronze:ChildClass"],"picked":"SKIP","floor":9.0},{"not_picked":["bronze:Flail","bronze:CutThrough","bronze:Repair"],"picked":"SKIP","floor":11.0},{"not_picked":["bronze:FineTuning","bronze:Branch","bronze:Overheat"],"picked":"SKIP","floor":12.0},{"not_picked":["bronze:Fortify","bronze:Allocate","bronze:WhirlingStrike"],"picked":"SKIP","floor":13.0},{"not_picked":["bronze:Turbo","bronze:Shell","bronze:Iterate"],"picked":"SKIP","floor":14.0},{"not_picked":["bronze:CleanCode","bronze:Boost","bronze:CloningBeam"],"picked":"SKIP","floor":15.0},{"not_picked":["bronze:Mutator","bronze:InfiniteLoop"],"picked":"bronze:Verify","floor":16},{"not_picked":["bronze:Shield","bronze:Overheat","bronze:MaxOutput"],"picked":"SKIP","floor":19},{"not_picked":["bronze:FineTuning+1","bronze:TinkerersToolbox"],"picked":"bronze:DelayedSlice","floor":20},{"not_picked":["bronze:Turbo+1","bronze:Frontload+1","bronze:Overheat"],"picked":"SKIP","floor":21},{"not_picked":["bronze:Backtrace+1","bronze:CutThrough"],"picked":"bronze:FollowUp+1","floor":22},{"not_picked":["bronze:MaxOutput","bronze:CutThrough","bronze:Turbo"],"picked":"SKIP","floor":25},{"not_picked":["bronze:ChildClass+1","bronze:Overheat","bronze:ForLoop+1"],"picked":"SKIP","floor":27},{"not_picked":["bronze:BitShift","bronze:WildBeam","bronze:InfiniteBeams"],"picked":"SKIP","floor":29},{"not_picked":["bronze:Frontload","bronze:ShipIt","bronze:Iterate"],"picked":"SKIP","floor":30},{"not_picked":["bronze:Safeguard","bronze:Frontload","bronze:Optimize"],"picked":"SKIP","floor":31},{"not_picked":["bronze:Invalidate","bronze:Allocate"],"picked":"bronze:DelayedGuard","floor":32},{"not_picked":["bronze:CutThrough+1","bronze:Turbo+1"],"picked":"bronze:Return+1","floor":36},{"not_picked":["bronze:CloningBeam+1","bronze:Flail+1","bronze:ChosenStrike+1"],"picked":"SKIP","floor":37},{"not_picked":["bronze:WildBeam+1","bronze:WhirlingStrike+1","bronze:CutThrough+1"],"picked":"SKIP","floor":38},{"not_picked":["bronze:Philosophize","bronze:Frontload","bronze:WildBeam+1"],"picked":"SKIP","floor":39},{"not_picked":["bronze:Turbo+1","bronze:Repair+1"],"picked":"bronze:FollowUp+1","floor":40},{"not_picked":["bronze:Branch+1","bronze:BugBarrage+1"],"picked":"bronze:BronzeOrb+1","floor":43},{"not_picked":["bronze:WildBeam+1","bronze:ItsAFeature","bronze:ChildClass+1"],"picked":"SKIP","floor":44},{"not_picked":["bronze:Turbo","bronze:CutThrough+1","bronze:OilSpill+1"],"picked":"SKIP","floor":46},{"not_picked":["bronze:OilSpill+1","bronze:Constructor+1"],"picked":"bronze:DelayedGuard+1","floor":48},{"not_picked":["bronze:Constructor+1","bronze:Deprecate","bronze:Iterate+1"],"picked":"SKIP","floor":49}],"player_experience":310495,"relics_obtained":[{"floor":6.0,"key":"Gremlin Horn"},{"floor":11.0,"key":"Torii"},{"floor":24,"key":"Toy Ornithopter"},{"floor":31,"key":"Matryoshka"},{"floor":31,"key":"Molten Egg 2"},{"floor":41,"key":"Pantograph"},{"floor":41,"key":"Bag of Marbles"},{"floor":44,"key":"Ginger"},{"floor":44,"key":"The Courier"},{"floor":46,"key":"CeramicFish"},{"floor":46,"key":"Bronze Scales"}],"event_choices":[],"is_beta":false,"boss_relics":[{"not_picked":["Coffee Dripper","Tiny House"],"picked":"Black Star"},{"not_picked":["Cursed Key","Velvet Choker"],"picked":"bronze:MakeshiftBattery"}],"items_purged_floors":[20,37,39],"is_endless":false,"potions_floor_spawned":[2,6,12,13,14,21,22,25,32,33,36,40,43,46,48],"killed_by":"downfall:CharBossMerchant","ascension_level":1}}