{"host":"qjy62f5erwny7xxh","time":1612219503,"event":{"mods":["2.2 Compatiblity","AchievementEnabler","BaseMod","Colored Powertips","Curses Come First","DeckTracker","Downfall","Minty Spire (QoL Compilation)","StSLib"],"gold_per_floor":[99,109,109,119,29,47,47,47,80,106,144,176,205,242,275,393,405,317,349,374,397,394,506,518,579,584,615,646,658,658,658],"floor_reached":29,"language":"ENG","playtime":3044,"items_purged":["Pain"],"score":286,"play_id":"7961da2f-c7d1-4765-ad0f-7cd63545c4a8","local_time":"20210201224503","is_ascension_mode":true,"campfire_choices":[{"data":"hexamod:VolcanoVisage","floor":1,"key":"SMITH"},{"floor":8,"key":"REST"},{"floor":18,"key":"RECALL"}],"circlet_count":0,"master_deck":["hexamod:Strike","hexamod:Strike","hexamod:Strike","hexamod:Strike","hexamod:Defend","hexamod:Defend","hexamod:Defend","hexamod:Defend","hexamod:Sear","hexamod:Float","hexamod:VolcanoVisage+1","hexamod:ThirdSeal","hexamod:FourthSeal","hexamod:Again","hexamod:FlamesFromBeyond","hexamod:HeatCrush","hexamod:ShieldOfDarkness","hexamod:GhostShield","hexamod:ShieldOfDarkness","hexamod:GhostflameBarrier","hexamod:GhostShield","hexamod:BurningTouch","hexamod:PowerFromBeyond","hexamod:FirstSeal","hexamod:UnleashSpirits","hexamod:SecondSeal","hexamod:FourthSeal","hexamod:GhostflameBarrier","hexamod:TimeOfNeed","hexamod:Firestarter+1","hexamod:RadiantFlame","hexamod:FourthSeal","hexamod:FirstSeal","hexamod:HeatShield+1","hexamod:ChargedBarrage"],"relics":["hexamod:SpiritBrand","WarpedTongs","MawBank","Pantograph","Dream Catcher","SacredBark","downfall:HeartBlessingGreen","MealTicket","Bag of Marbles"],"acts_visited":["Exordium","TheCity"],"potions_floor_usage":[5,9,11,14,14,14,14,16,16,20,21,21,26,26,27,27,28,28,29,29],"damage_taken":[{"damage":2,"enemies":"Small Slimes","floor":2,"turns":4},{"damage":2,"enemies":"Cultist","floor":4,"turns":4},{"damage":7,"enemies":"downfall:FleeingMerchant","floor":5,"turns":4},{"damage":1,"enemies":"Jaw Worm","floor":6,"turns":3},{"damage":8,"enemies":"Lagavulin","floor":9,"turns":6},{"damage":8,"enemies":"Large Slime","floor":10,"turns":3},{"damage":12,"enemies":"Gremlin Nob","floor":11,"turns":4},{"damage":1,"enemies":"Blue Slaver","floor":12,"turns":3},{"damage":0,"enemies":"3 Louse","floor":13,"turns":3},{"damage":3,"enemies":"Lagavulin","floor":14,"turns":6},{"damage":0,"enemies":"Exordium Wildlife","floor":15,"turns":4},{"damage":31,"enemies":"WA_ARCHETYPE_RETAIN","floor":16,"turns":9},{"damage":6,"enemies":"3 Byrds","floor":19,"turns":5},{"damage":5,"enemies":"Chosen","floor":20,"turns":3},{"damage":7,"enemies":"Shelled Parasite and Fungi","floor":21,"turns":6},{"damage":0,"enemies":"downfall:FleeingMerchant","floor":22,"turns":4},{"damage":2,"enemies":"downfall:FleeingMerchant","floor":26,"turns":4},{"damage":8,"enemies":"Cultist and Chosen","floor":27,"turns":6},{"damage":23,"enemies":"3 Cultists","floor":28,"turns":7},{"damage":54,"enemies":"Gremlin Leader","floor":29,"turns":4}],"seed_played":"-4764844351695463199","potions_obtained":[{"floor":2,"key":"champ:CounterPotion"},{"floor":4,"key":"DistilledChaos"},{"floor":5,"key":"Energy Potion"},{"floor":6,"key":"EntropicBrew"},{"floor":9,"key":"Fire Potion"},{"floor":11,"key":"LiquidBronze"},{"floor":14,"key":"Energy Potion"},{"floor":16,"key":"Slimebound:ThreeZeroPotion"},{"floor":16,"key":"CultistPotion"},{"floor":20,"key":"Dexterity Potion"},{"floor":21,"key":"hexamod:InfernoChargePotion"},{"floor":21,"key":"Fruit Juice"},{"floor":21,"key":"EssenceOfSteel"},{"floor":26,"key":"DuplicationPotion"},{"floor":26,"key":"Slimebound:ThreeZeroPotion"},{"floor":27,"key":"SneckoOil"},{"floor":27,"key":"PowerPotion"},{"floor":28,"key":"BlessingOfTheForge"},{"floor":28,"key":"PowerPotion"}],"is_trial":false,"path_per_floor":["R","M","?","M","$","M","T","R","E","M","E","M","M","E","M","B",null,"R","M","M","M","$","?","T","T","$","M","M","E"],"character_chosen":"THE_SPIRIT","items_purchased":[],"campfire_rested":1,"item_purchase_floors":[],"current_hp_per_floor":[70,68,68,66,59,58,58,70,62,54,42,41,41,45,52,39,70,70,64,66,76,80,80,80,80,78,70,54,0,0,0],"gold":658,"neow_bonus":"ONE_RANDOM_RARE_CARD","is_daily":false,"chose_seed":false,"campfire_upgraded":1,"win_rate":0.0,"timestamp":1612219503,"path_taken":["R","M","?","M","$","?","T","R","E","M","E","M","M","E","M","BOSS","R","M","M","M","$","?","T","?","$","M","M","E"],"items_purchased_type":[],"build_version":"2020-12-22","purchased_purges":1,"victory":false,"max_hp_per_floor":[70,70,70,70,70,70,70,70,70,70,70,70,70,70,70,70,70,70,70,70,80,80,80,80,80,80,80,80,80,80,80],"card_choices":[{"not_picked":["hexamod:Incineration","hexamod:BacktrackSmack"],"picked":"hexamod:ThirdSeal","floor":2},{"not_picked":["hexamod:InspiringFlames","hexamod:Firestarter"],"picked":"hexamod:FourthSeal","floor":4},{"not_picked":["hexamod:CatchUp","hexamod:ShieldOfDarkness"],"picked":"hexamod:Again","floor":5},{"not_picked":["hexamod:RecurringNightmare","hexamod:EmpoweredFlame"],"picked":"hexamod:FlamesFromBeyond","floor":5},{"not_picked":["hexamod:GhostOfSpirePast","hexamod:RecurringNightmare"],"picked":"hexamod:HeatCrush","floor":6},{"not_picked":["hexamod:ThermalTransfer","hexamod:NightmareStrike"],"picked":"hexamod:ShieldOfDarkness","floor":6},{"not_picked":["hexamod:ShieldOfDarkness","hexamod:SpectralAdrenaline"],"picked":"hexamod:GhostShield","floor":9},{"not_picked":["hexamod:Incineration","hexamod:RetreatToShadows"],"picked":"hexamod:ShieldOfDarkness","floor":9},{"not_picked":["hexamod:Toasty","hexamod:ShieldOfDarkness"],"picked":"hexamod:GhostflameBarrier","floor":10},{"not_picked":["hexamod:TimeWarp","hexamod:SuperheatedStrike"],"picked":"hexamod:GhostShield","floor":11},{"not_picked":["hexamod:HauntingEcho","hexamod:GhostShield"],"picked":"hexamod:BurningTouch","floor":11},{"not_picked":["hexamod:BacktrackSmack","hexamod:HeatMetal"],"picked":"hexamod:PowerFromBeyond","floor":12},{"not_picked":["hexamod:SpectersWail","hexamod:SecondSeal"],"picked":"hexamod:FirstSeal","floor":13},{"not_picked":["hexamod:Firestarter","hexamod:ThermalTransfer","hexamod:ShieldOfDarkness"],"picked":"SKIP","floor":13},{"not_picked":["hexamod:FastForward","hexamod:Firestarter"],"picked":"hexamod:UnleashSpirits","floor":14},{"not_picked":["hexamod:ThirdSeal","hexamod:ShieldOfDarkness"],"picked":"hexamod:SecondSeal","floor":14},{"not_picked":["hexamod:AdvancingGuard","hexamod:FastForward"],"picked":"hexamod:FourthSeal","floor":15},{"not_picked":["hexamod:EtherealExpedition","hexamod:SkipABeat"],"picked":"hexamod:GhostflameBarrier","floor":15},{"not_picked":["hexamod:GhostOfSpirePresent","hexamod:UnleashSpirits"],"picked":"hexamod:TimeOfNeed","floor":16},{"not_picked":["hexamod:Again","hexamod:SwordOfDarkness+1"],"picked":"hexamod:Firestarter+1","floor":19},{"not_picked":["hexamod:BacktrackSmack+1","hexamod:Firestarter"],"picked":"hexamod:RadiantFlame","floor":19},{"not_picked":["hexamod:Firestarter","hexamod:ShieldOfDarkness"],"picked":"hexamod:FourthSeal","floor":20},{"not_picked":["hexamod:CatchUp","hexamod:NecessarySacrifice","hexamod:SuperheatedStrike"],"picked":"SKIP","floor":20},{"not_picked":["hexamod:SpectralSpark","hexamod:ShieldOfDarkness","hexamod:Firestarter"],"picked":"SKIP","floor":21},{"not_picked":["hexamod:TurnItUp","hexamod:GhostLash"],"picked":"hexamod:FirstSeal","floor":22},{"not_picked":["hexamod:SwordOfDarkness","hexamod:DynamicBlow"],"picked":"hexamod:HeatShield+1","floor":22},{"not_picked":["hexamod:RetreatToShadows","hexamod:EtherealExpedition+1"],"picked":"hexamod:ChargedBarrage","floor":26},{"not_picked":["hexamod:Incineration","hexamod:AdvancingGuard","hexamod:SuperheatedStrike"],"picked":"SKIP","floor":27},{"not_picked":["hexamod:RetreatToShadows","hexamod:StepThrough","hexamod:GhostflameBarrier"],"picked":"SKIP","floor":28}],"player_experience":1138384,"relics_obtained":[{"floor":9,"key":"MawBank"},{"floor":11,"key":"Pantograph"},{"floor":14,"key":"Dream Catcher"},{"floor":24,"key":"MealTicket"},{"floor":25,"key":"Bag of Marbles"}],"event_choices":[{"damage_healed":0,"gold_gain":0,"player_choice":"Rummage","damage_taken":0,"relics_obtained":["WarpedTongs"],"max_hp_gain":0,"max_hp_loss":0,"event_name":"Accursed Blacksmith","floor":3,"gold_loss":0,"cards_obtained":["Pain"]}],"is_beta":false,"boss_relics":[{"not_picked":["Calling Bell","Empty Cage"],"picked":"SacredBark"}],"items_purged_floors":[5],"is_endless":false,"potions_floor_spawned":[2,4,10,13,14,27,28],"killed_by":"Gremlin Leader","ascension_level":1}}