{"host":"zzt62b52bnjak13n","time":1612171579,"event":{"mods":["BaseMod","Better Third Choice","Curses Come First","Downfall","Minty Spire (QoL Compilation)","Quick Restart","Relic Stats","Reliquary","Replay The Spire","Spire Arcade","StSLib","TheSurvivalist"],"gold_per_floor":[115,12,12,87,37,37,49,80,80,103,120,135,135,146,146,247,247,212,212,228,27,39,39,81,81,133,133,53,53,153,73,73,171,171,88,105,30,30,81,81,95,95,95,120,35,68,68,68,68,68],"floor_reached":51,"language":"ENG","playtime":9604,"items_purged":["survmod:RobFromTheRich","survmod:Strike"],"score":928,"play_id":"e33a76c7-96be-4713-9f52-41f2f232ee65","local_time":"20210201102619","is_ascension_mode":false,"campfire_choices":[{"data":"survmod:GoForFace","floor":6,"key":"SMITH"},{"data":"survmod:HiddenTactic","floor":13,"key":"SMITH"},{"floor":15,"key":"DIG"},{"data":"survmod:VersatileOffense","floor":23,"key":"SMITH"},{"data":"ReplayUltimateDefense","floor":25,"key":"SMITH"},{"data":"survmod:Defend","floor":27,"key":"SMITH"},{"data":"survmod:DuckAndFlare","floor":40,"key":"SMITH"},{"data":"survmod:MarkedShot","floor":47,"key":"SMITH"},{"data":"survmod:MarkedShot","floor":49,"key":"SMITH"}],"circlet_count":0,"master_deck":["survmod:Defend","survmod:Defend","survmod:Defend","survmod:Defend","survmod:VersatileOffense+1","survmod:Sprint","survmod:FlareQuiver","survmod:GoForFace+1","survmod:NockAnArrow","survmod:VersatileDefense","survmod:TacticalManeuver","ReplayTheSpireMod:Splinters","Doubt","AbeCurse","survmod:TacticalManeuver","survmod:MarkedShot+1","Sickly","ReplayTheSpireMod:IOU","ReplayUltimateDefense+1","survmod:MarkTrap","survmod:SkillfulManeuver","survmod:PiercingShot","survmod:SkillfulManeuver","survmod:MarkedShot+1","downfall:Haunted","downfall:Haunted","Voices","Injury","survmod:DuckAndFlare+1","survmod:PiercingShot","downfall:Bewildered","survmod:ExpertSniper","survmod:FlashbangShot+1","ReplayTheSpireMod:IOU","survmod:MarkedShot","survmod:BearTrap","survmod:MarkTrap","Magnetism","survmod:DuckAndFlare+1","survmod:MarkTrap","survmod:FlareQuiver+1"],"relics":["survmod:InnateMutation","NeowsBlessing","Replay:Wax Seal","ReplayTheSpireMod:Ring of Collecting","Ring of Panic","ReplayFunnel","Ring of Misfortune","Nunchaku","Ring of Fury","Regal Pillow","Replay:Rubber Ducky","Replay:Ancient Bell","ReplayTheSpireMod:TigerMarble","Replay:Ringing Soul","Replay:PocketPolymizer","Simple Rune","ReplayTheSpireMod:CursedCoin","Shuriken","Omamori","survmod:Longbow","Ring of Hypnosis","Oddly Smooth Stone","Darkstone Periapt","sneckomod:BabySnecko","Replay:Grab Bag","reliquary:Craggleroot","reliquary:RedCape","Black Star","reliquary:RosewoodLute","ReplayTheSpireMod:Ring of Exchange","Strawberry","Blue Doll","Question Card","Gremlin Food","ReplayTheSpireMod:Ring of Challenge","reliquary:WeakTea"],"acts_visited":["Exordium","TheCity","TheBeyond"],"potions_floor_usage":[12,16,18,45,46,50],"damage_taken":[{"damage":0,"enemies":"2 Louse","floor":1,"turns":1},{"damage":0,"enemies":"Small Slimes","floor":7,"turns":2},{"damage":0,"enemies":"Replay:BlueRogue","floor":8,"turns":1},{"damage":2,"enemies":"Cultist","floor":11,"turns":3},{"damage":7,"enemies":"Lots of Slimes","floor":12,"turns":4},{"damage":0,"enemies":"Gremlin Gang","floor":14,"turns":6},{"damage":0,"enemies":"Hexaghost","floor":16,"turns":15},{"damage":0,"enemies":"2 Thieves","floor":18,"turns":5},{"damage":0,"enemies":"Chosen","floor":20,"turns":6},{"damage":0,"enemies":"Centurion and Healer","floor":22,"turns":7},{"damage":0,"enemies":"3 Cultists","floor":28,"turns":6},{"damage":0,"enemies":"Shelled Parasite and Fungi","floor":31,"turns":6},{"damage":0,"enemies":"Automaton","floor":33,"turns":7},{"damage":0,"enemies":"3 Shapes","floor":35,"turns":5},{"damage":0,"enemies":"Orb Walker","floor":36,"turns":3},{"damage":0,"enemies":"Sphere and 2 Shapes","floor":41,"turns":4},{"damage":0,"enemies":"Nemesis","floor":44,"turns":9},{"damage":0,"enemies":"Jaw Worm Horde","floor":45,"turns":4},{"damage":0,"enemies":"Giant Head","floor":46,"turns":10},{"damage":0,"enemies":"Replay:Hell Engine","floor":50,"turns":8}],"seed_played":"3624226566028226108","potions_obtained":[{"floor":8,"key":"bronze:BurnAndBuffPotion"},{"floor":11,"key":"champ:CounterPotion"},{"floor":12,"key":"BlessingOfTheForge"},{"floor":18,"key":"SpeedPotion"},{"floor":28,"key":"LiquidBronze"},{"floor":31,"key":"DuplicationPotion"},{"floor":45,"key":"Energy Potion"},{"floor":46,"key":"DistilledChaos"}],"is_trial":false,"path_per_floor":["M","$","?","?","?","R","M","E","T","T","M","M","R","M","R","B",null,"M","?","M","$","M","R","$","R","T","R","M","?","?","M","R","B",null,"M","M","$","?","$","R","M","?","T","E","M","E","R","T","R","B",null],"character_chosen":"THE_SURVIVOR","items_purchased":["survmod:GoForFace","Replay:Wax Seal","ReplayTheSpireMod:CursedCoin","Shuriken","survmod:GoForFace","ReplayUltimateDefense","Omamori","survmod:Longbow","survmod:MarkedShot"],"campfire_rested":0,"item_purchase_floors":[2,2,21,21,21,21,24,24,39],"current_hp_per_floor":[50,50,50,39,39,39,39,39,39,39,37,30,30,30,30,30,53,56,56,59,62,65,68,71,74,74,77,80,80,107,110,119,122,122,122,125,125,125,140,143,146,149,149,159,162,165,165,165,165,165],"gold":68,"neow_bonus":"THREE_ENEMY_KILL","is_daily":false,"chose_seed":false,"campfire_upgraded":8,"win_rate":0.0,"timestamp":1612171579,"path_taken":["M","$","?","?","?","R","M","E","T","?","M","M","R","M","R","BOSS","M","?","?","?","M","R","$","R","T","R","?","?","?","M","R","BOSS","M","M","$","?","$","R","M","?","T","E","?","E","R","?","R","BOSS"],"items_purchased_type":["Card","Relic","Relic","Relic","Card","Card","Relic","Relic","Card"],"build_version":"2020-12-22","purchased_purges":2,"victory":true,"max_hp_per_floor":[50,50,50,50,50,50,50,50,50,50,50,50,50,50,50,50,53,56,56,59,62,65,68,71,74,74,77,80,80,107,110,119,122,122,122,125,125,125,140,143,146,149,149,159,162,165,165,165,165,165],"relic_stats":{"Darkstone Periapt":42,"Nunchaku":[15],"Regal Pillow":0,"counters":[20,110],"Shuriken":[10],"Black Star":2,"Question Card":0,"obtain_stats":[{"ReplayFunnel":8,"Darkstone Periapt":30,"ReplayTheSpireMod:Ring of Exchange":43,"Regal Pillow":10,"Replay:PocketPolymizer":17,"Blue Doll":44,"reliquary:RedCape":34,"Replay:Rubber Ducky":15,"Replay:Ringing Soul":17,"Nunchaku":9,"Strawberry":44,"survmod:InnateMutation":0,"Replay:Wax Seal":2,"Ring of Panic":3,"Gremlin Food":46,"NeowsBlessing":0,"Ring of Hypnosis":26,"ReplayTheSpireMod:CursedCoin":21,"Replay:Grab Bag":34,"Oddly Smooth Stone":26,"Replay:Ancient Bell":17,"Omamori":24,"reliquary:WeakTea":48,"reliquary:RosewoodLute":43,"Question Card":46,"sneckomod:BabySnecko":32,"survmod:Longbow":24,"Shuriken":21,"ReplayTheSpireMod:Ring of Collecting":3,"Ring of Misfortune":9,"reliquary:Craggleroot":34,"Ring of Fury":10,"Simple Rune":19,"ReplayTheSpireMod:TigerMarble":17,"Black Star":34,"ReplayTheSpireMod:Ring of Challenge":48},{"ReplayFunnel":3,"Darkstone Periapt":11,"ReplayTheSpireMod:Ring of Exchange":16,"Regal Pillow":3,"Replay:PocketPolymizer":7,"Blue Doll":17,"reliquary:RedCape":13,"Replay:Rubber Ducky":6,"Replay:Ringing Soul":7,"Nunchaku":3,"Strawberry":17,"survmod:InnateMutation":0,"Replay:Wax Seal":1,"Ring of Panic":1,"Gremlin Food":19,"NeowsBlessing":0,"Ring of Hypnosis":10,"ReplayTheSpireMod:CursedCoin":9,"Replay:Grab Bag":13,"Oddly Smooth Stone":10,"Replay:Ancient Bell":7,"Omamori":10,"reliquary:WeakTea":19,"reliquary:RosewoodLute":16,"Question Card":19,"sneckomod:BabySnecko":12,"survmod:Longbow":10,"Shuriken":9,"ReplayTheSpireMod:Ring of Collecting":1,"Ring of Misfortune":3,"reliquary:Craggleroot":13,"Ring of Fury":3,"Simple Rune":8,"ReplayTheSpireMod:TigerMarble":7,"Black Star":13,"ReplayTheSpireMod:Ring of Challenge":19},{"ReplayFunnel":4,"Darkstone Periapt":55,"ReplayTheSpireMod:Ring of Exchange":79,"Regal Pillow":4,"Replay:PocketPolymizer":32,"Blue Doll":88,"reliquary:RedCape":68,"Replay:Rubber Ducky":17,"Replay:Ringing Soul":32,"Nunchaku":4,"Strawberry":88,"survmod:InnateMutation":0,"Replay:Wax Seal":1,"Ring of Panic":1,"Gremlin Food":102,"NeowsBlessing":0,"Ring of Hypnosis":49,"ReplayTheSpireMod:CursedCoin":43,"Replay:Grab Bag":68,"Oddly Smooth Stone":49,"Replay:Ancient Bell":32,"Omamori":49,"reliquary:WeakTea":102,"reliquary:RosewoodLute":79,"Question Card":102,"sneckomod:BabySnecko":61,"survmod:Longbow":49,"Shuriken":43,"ReplayTheSpireMod:Ring of Collecting":1,"Ring of Misfortune":4,"reliquary:Craggleroot":68,"Ring of Fury":4,"Simple Rune":37,"ReplayTheSpireMod:TigerMarble":32,"Black Star":68,"ReplayTheSpireMod:Ring of Challenge":102}]},"card_choices":[{"not_picked":["survmod:FindCover","survmod:SwiftKick"],"picked":"survmod:FlareQuiver","floor":1},{"not_picked":["survmod:BearTrap","survmod:HiddenTactic"],"picked":"survmod:QuickDash","floor":7},{"not_picked":["survmod:DuckAndFlare","survmod:Camouflage"],"picked":"survmod:NockAnArrow","floor":8},{"not_picked":["survmod:MarkTrap","survmod:FindCover"],"picked":"survmod:VersatileDefense","floor":11},{"not_picked":["survmod:PenetratingShot","survmod:FlashbangShot"],"picked":"survmod:HiddenTactic","floor":12},{"not_picked":["survmod:WalledOffTraps","survmod:SkillfulManeuver"],"picked":"survmod:TacticalManeuver","floor":14},{"not_picked":["Decay","Pain"],"picked":"ReplayTheSpireMod:Splinters","floor":17},{"not_picked":["Normality","Hallucinations"],"picked":"Doubt","floor":17},{"not_picked":["Looming Evil","downfall:Aged"],"picked":"AbeCurse","floor":17},{"not_picked":["survmod:SkillfulManeuver","survmod:TwinShot"],"picked":"survmod:TacticalManeuver","floor":18},{"not_picked":["survmod:LongShot+1","survmod:HiddenTactic"],"picked":"survmod:MarkedShot","floor":20},{"not_picked":["survmod:ExplosiveTrap","survmod:FlashbangShot"],"picked":"survmod:MarkTrap","floor":22},{"not_picked":["survmod:UnfortunateEscape","survmod:MarkTrap+1"],"picked":"survmod:MarkedShot","floor":28},{"not_picked":["survmod:QuickDash","survmod:TrickShot"],"picked":"survmod:DuckAndFlare","floor":31},{"not_picked":["survmod:MutantForm","survmod:Decoy"],"picked":"survmod:ExpertSniper","floor":33},{"not_picked":["survmod:GoForFace+1","survmod:BearTrap","survmod:SwiftKick+1"],"picked":"SKIP","floor":35},{"not_picked":["survmod:TwinShot+1","survmod:FlashbangTrap+1"],"picked":"survmod:FlashbangShot+1","floor":36},{"not_picked":["survmod:FlashbangTrap","survmod:TacticalManeuver+1"],"picked":"survmod:MarkTrap","floor":41},{"not_picked":["Poisoned Strike","Good Instincts"],"picked":"Magnetism","floor":42},{"not_picked":["survmod:PinningSnipe","survmod:TwinShot"],"picked":"survmod:DuckAndFlare+1","floor":44},{"not_picked":["survmod:UnfortunateEscape","survmod:SkillfulManeuver"],"picked":"survmod:MarkTrap","floor":45},{"not_picked":["survmod:ExplosiveTrap","survmod:FenceTrap+1"],"picked":"survmod:FlareQuiver+1","floor":46}],"player_experience":175443,"relics_obtained":[{"floor":3,"key":"ReplayTheSpireMod:Ring of Collecting"},{"floor":3,"key":"Ring of Panic"},{"floor":8,"key":"ReplayFunnel"},{"floor":9,"key":"Ring of Misfortune"},{"floor":9,"key":"Nunchaku"},{"floor":10,"key":"Ring of Fury"},{"floor":10,"key":"Regal Pillow"},{"floor":15,"key":"Replay:Rubber Ducky"},{"floor":26,"key":"Ring of Hypnosis"},{"floor":26,"key":"Oddly Smooth Stone"},{"floor":43,"key":"reliquary:RosewoodLute"},{"floor":43,"key":"ReplayTheSpireMod:Ring of Exchange"},{"floor":44,"key":"Strawberry"},{"floor":44,"key":"Blue Doll"},{"floor":46,"key":"Question Card"},{"floor":46,"key":"Gremlin Food"},{"floor":48,"key":"ReplayTheSpireMod:Ring of Challenge"},{"floor":48,"key":"reliquary:WeakTea"}],"event_choices":[{"damage_healed":0,"gold_gain":75,"player_choice":"Gold","damage_taken":11,"max_hp_gain":0,"max_hp_loss":0,"event_name":"betterThird:BetterGoop","floor":4,"gold_loss":0},{"cards_removed":["downfall:Icky"],"damage_healed":0,"gold_gain":0,"player_choice":"Card Removal","damage_taken":0,"max_hp_gain":0,"max_hp_loss":0,"event_name":"The Cleric","floor":5,"gold_loss":50},{"cards_removed":["survmod:HiddenTactic"],"damage_healed":0,"gold_gain":0,"player_choice":"Gave Card","damage_taken":0,"relics_obtained":["Simple Rune"],"max_hp_gain":0,"max_hp_loss":0,"event_name":"WeMeetAgain","floor":19,"gold_loss":0},{"damage_healed":0,"gold_gain":0,"player_choice":"Ignored","damage_taken":0,"max_hp_gain":0,"max_hp_loss":0,"event_name":"Ghosts","floor":29,"gold_loss":0},{"damage_healed":0,"gold_gain":0,"player_choice":"Memory 1","damage_taken":0,"max_hp_gain":0,"max_hp_loss":0,"event_name":"SensoryStone","floor":38,"gold_loss":0},{"damage_healed":0,"gold_gain":0,"player_choice":"Random: Blue","damage_taken":0,"max_hp_gain":0,"max_hp_loss":0,"event_name":"betterThird:BetterPortal","floor":42,"gold_loss":0},{"damage_healed":0,"gold_gain":0,"player_choice":"Memory 1","damage_taken":0,"max_hp_gain":0,"max_hp_loss":0,"event_name":"SensoryStone","floor":42,"gold_loss":0}],"is_beta":false,"boss_relics":[{"not_picked":["Replay:Wanted Poster","Honey Jar"],"picked":"Replay:Ancient Bell"},{"not_picked":["reliquary:Aerogel","reliquary:TatteredRug"],"picked":"ReplayTheSpireMod:TigerMarble"},{"not_picked":["Replay:WaspNest","reliquary:NewFriend"],"picked":"Replay:Ringing Soul"},{"not_picked":["Pocketwatch","Dead Branch"],"picked":"Replay:PocketPolymizer"},{"not_picked":["Snecko Eye","Runic Pyramid"],"picked":"Replay:Grab Bag"},{"not_picked":["Runic Dome","Abe\u0027s Treasure"],"picked":"reliquary:Craggleroot"},{"not_picked":["Coffee Dripper","reliquary:WritOfMandamus"],"picked":"reliquary:RedCape"},{"not_picked":["Empty Cage","Ring of Chaos"],"picked":"Black Star"}],"items_purged_floors":[37,39],"is_endless":false,"potions_floor_spawned":[8,11,12,18,28,31,33,44,45,46],"ascension_level":0}}