{"host":"6gnv7me3tk2udb7q","time":1612209382,"event":{"mods":["BaseMod","Bestiary","Colored Map","Minty Spire (QoL Compilation)"],"gold_per_floor":[18,18,37,48,48,48,77,94,175,175,175,175,191,209,209,311,311,325,325,336,349,349,349],"floor_reached":22,"language":"ENG","playtime":1520,"items_purged":[],"score":282,"play_id":"1cb75f73-c355-4323-8bc4-b15ee6d2ca54","local_time":"20210201145622","is_ascension_mode":true,"campfire_choices":[{"data":"Dagger Throw","floor":6,"key":"SMITH"},{"data":"Dodge and Roll","floor":10,"key":"SMITH"},{"data":"Survivor","floor":12,"key":"SMITH"},{"floor":15,"key":"REST"}],"circlet_count":0,"master_deck":["AscendersBane","Survivor+1","Neutralize+1","Dagger Throw+1","Well Laid Plans","Dodge and Roll+1","Flechettes","Corpse Explosion","Setup","Glass Knife","Finisher","Eviscerate","Night Terror","Calculated Gamble","Calculated Gamble","Distraction","Bullet Time","Poisoned Stab+1","Dagger Spray","Dash"],"relics":["Ring of the Snake","Thread and Needle","StoneCalendar","Centennial Puzzle","Pandora\u0027s Box"],"acts_visited":["Exordium","TheCity"],"potions_floor_usage":[16,16],"damage_taken":[{"damage":0,"enemies":"2 Louse","floor":1,"turns":3},{"damage":1,"enemies":"Jaw Worm","floor":3,"turns":7},{"damage":0,"enemies":"Cultist","floor":4,"turns":3},{"damage":15,"enemies":"Lagavulin","floor":7,"turns":7},{"damage":0,"enemies":"2 Fungi Beasts","floor":8,"turns":5},{"damage":0,"enemies":"Gremlin Gang","floor":13,"turns":6},{"damage":0,"enemies":"Looter","floor":14,"turns":4},{"damage":18,"enemies":"Hexaghost","floor":16,"turns":10},{"damage":2,"enemies":"Shell Parasite","floor":18,"turns":3},{"damage":26,"enemies":"3 Byrds","floor":20,"turns":3},{"damage":21,"enemies":"Shelled Parasite and Fungi","floor":21,"turns":4},{"damage":13,"enemies":"Chosen and Byrds","floor":22,"turns":4}],"seed_played":"6381709041141459821","potions_obtained":[{"floor":4,"key":"LiquidBronze"},{"floor":8,"key":"Dexterity Potion"},{"floor":13,"key":"Poison Potion"},{"floor":20,"key":"SpeedPotion"},{"floor":21,"key":"EssenceOfSteel"}],"is_trial":false,"path_per_floor":["M","?","M","M","?","R","E","M","T","R","?","R","M","M","R","B",null,"M","?","M","M","M"],"character_chosen":"THE_SILENT","items_purchased":[],"campfire_rested":1,"item_purchase_floors":[],"current_hp_per_floor":[63,63,62,62,44,44,29,29,29,29,29,29,29,29,50,32,61,59,59,33,12,0,0],"gold":349,"neow_bonus":"ONE_RARE_RELIC","is_daily":false,"chose_seed":false,"campfire_upgraded":3,"win_rate":0.0,"timestamp":1612209382,"path_taken":["M","?","M","M","?","R","E","M","T","R","?","R","M","?","R","BOSS","M","?","M","?","M"],"items_purchased_type":[],"build_version":"2020-12-22","purchased_purges":0,"victory":false,"max_hp_per_floor":[70,70,70,70,70,70,70,70,70,70,70,70,70,70,70,70,70,70,70,70,70,70,70],"card_choices":[{"not_picked":["Sucker Punch","Prepared","Slice"],"picked":"SKIP","floor":1},{"not_picked":["Sucker Punch","Finisher"],"picked":"Dagger Throw","floor":3},{"not_picked":["Outmaneuver","Expertise"],"picked":"Well Laid Plans","floor":4},{"not_picked":["Bullet Time","Noxious Fumes"],"picked":"Dodge and Roll","floor":7},{"not_picked":["Sucker Punch","Prepared","Cloak And Dagger"],"picked":"SKIP","floor":8},{"not_picked":["Bane","Riddle With Holes"],"picked":"Flechettes","floor":13},{"not_picked":["Deadly Poison","Doppelganger","Bane"],"picked":"SKIP","floor":14},{"not_picked":["Tools of the Trade","After Image"],"picked":"Corpse Explosion","floor":16},{"not_picked":["Cloak And Dagger","Dagger Throw+1"],"picked":"Poisoned Stab+1","floor":18},{"not_picked":["Slice","Outmaneuver+1"],"picked":"Dash","floor":20},{"not_picked":["Accuracy","Calculated Gamble+1","Cloak And Dagger"],"picked":"SKIP","floor":21}],"player_experience":698385,"relics_obtained":[{"floor":7,"key":"Centennial Puzzle"}],"event_choices":[{"damage_healed":0,"gold_gain":0,"player_choice":"Grow","damage_taken":0,"max_hp_gain":0,"max_hp_loss":0,"event_name":"Living Wall","floor":2,"gold_loss":0,"cards_upgraded":["Neutralize"]},{"damage_healed":0,"gold_gain":0,"player_choice":"Success","damage_taken":18,"relics_obtained":["StoneCalendar"],"max_hp_gain":0,"max_hp_loss":0,"event_name":"Scrap Ooze","floor":5,"gold_loss":0},{"damage_healed":0,"gold_gain":0,"player_choice":"Bought 0 Potions","damage_taken":0,"max_hp_gain":0,"max_hp_loss":0,"event_name":"The Woman in Blue","floor":11,"gold_loss":0},{"damage_healed":0,"gold_gain":0,"cards_transformed":["Calculated Gamble"],"player_choice":"Transformed","damage_taken":0,"max_hp_gain":0,"max_hp_loss":0,"event_name":"Transmorgrifier","floor":19,"gold_loss":0,"cards_obtained":["Dagger Spray"]}],"is_beta":false,"boss_relics":[{"not_picked":["Tiny House","Cursed Key"],"picked":"Pandora\u0027s Box"}],"items_purged_floors":[],"is_endless":false,"potions_floor_spawned":[4,8,13,14,20,21],"killed_by":"Chosen and Byrds","ascension_level":10}}