{"host":"sav7uxregyirlf69","time":1612184183,"event":{"mods":["AchievementEnabler","BaseMod","Colored Map","DeckTracker","Keyboard Shortcuts","Minty Spire (QoL Compilation)","READ ME - Guardian Mod","StSLib","SuperFastMode"],"gold_per_floor":[215,234,234,284,297,297,297,327,351,9,9,39,49,49,49,49,49],"floor_reached":16,"language":"KOR","playtime":208,"items_purged":["Strike_R"],"score":216,"play_id":"4ef5f13b-f39d-464a-9420-7b69a11b71a5","local_time":"20210201215623","is_ascension_mode":true,"campfire_choices":[{"data":"Rampage","floor":6,"key":"SMITH"},{"data":"Blood for Blood","floor":11,"key":"SMITH"},{"data":"Evolve","floor":15,"key":"SMITH"}],"circlet_count":0,"master_deck":["AscendersBane","Strike_R","Strike_R","Strike_R","Strike_R","Defend_R","Defend_R","Defend_R","Defend_R","Bash","Pommel Strike","Pommel Strike","Rampage+1","Blood for Blood+1","Burning Pact","Battle Trance","Evolve+1","Shrug It Off"],"relics":["Burning Blood","Bag of Marbles","MawBank","ClockworkSouvenir","Dead Branch","Bird Faced Urn"],"acts_visited":["Exordium"],"potions_floor_usage":[],"damage_taken":[{"damage":11,"enemies":"Small Slimes","floor":1,"turns":5},{"damage":1,"enemies":"2 Louse","floor":2,"turns":2},{"damage":1,"enemies":"Cultist","floor":5,"turns":3},{"damage":8,"enemies":"Gremlin Nob","floor":8,"turns":3},{"damage":30,"enemies":"Lagavulin","floor":12,"turns":6},{"damage":13,"enemies":"2 Fungi Beasts","floor":13,"turns":3},{"damage":45,"enemies":"Hexaghost","floor":16,"turns":7}],"seed_played":"-6916780284226264403","potions_obtained":[{"floor":1,"key":"SneckoOil"},{"floor":8,"key":"ColorlessPotion"}],"is_trial":false,"path_per_floor":["M","M","?","?","M","R","?","E","T","$","R","E","M","?","R","B"],"character_chosen":"IRONCLAD","items_purchased":["Burning Pact","ClockworkSouvenir","Battle Trance"],"campfire_rested":0,"item_purchase_floors":[10,10,10],"current_hp_per_floor":[63,68,68,68,73,73,78,76,76,76,76,52,45,40,40,0,0],"gold":49,"neow_bonus":"HUNDRED_GOLD","is_daily":false,"chose_seed":false,"campfire_upgraded":3,"win_rate":0.0,"timestamp":1612184183,"path_taken":["M","M","?","?","?","R","?","E","T","?","R","E","M","?","R","BOSS"],"items_purchased_type":["Card","Relic","Card"],"build_version":"2020-12-22","purchased_purges":1,"victory":false,"max_hp_per_floor":[75,75,75,75,75,75,80,80,80,80,80,80,80,80,80,80,80],"card_choices":[{"not_picked":["Dual Wield","Inflame"],"picked":"Pommel Strike","floor":1},{"not_picked":["Flame Barrier","Armaments"],"picked":"Pommel Strike","floor":2},{"not_picked":["Iron Wave","Heavy Blade"],"picked":"Rampage","floor":5},{"not_picked":["Headbutt","Wild Strike"],"picked":"Blood for Blood","floor":8},{"not_picked":["Disarm","Second Wind"],"picked":"Evolve","floor":12},{"not_picked":["Clothesline","Spot Weakness"],"picked":"Shrug It Off","floor":13}],"player_experience":1454501,"relics_obtained":[{"floor":8,"key":"Bag of Marbles"},{"floor":9,"key":"MawBank"},{"floor":12,"key":"Dead Branch"}],"event_choices":[{"damage_healed":0,"gold_gain":0,"player_choice":"Ignored","damage_taken":0,"max_hp_gain":0,"max_hp_loss":0,"event_name":"Liars Game","floor":3,"gold_loss":0},{"damage_healed":0,"gold_gain":50,"player_choice":"Pray","damage_taken":0,"max_hp_gain":0,"max_hp_loss":0,"event_name":"Golden Shrine","floor":4,"gold_loss":0},{"damage_healed":0,"gold_gain":0,"player_choice":"Donut","damage_taken":0,"max_hp_gain":5,"max_hp_loss":0,"event_name":"Big Fish","floor":7,"gold_loss":0},{"damage_healed":0,"gold_gain":0,"player_choice":"Success","damage_taken":5,"relics_obtained":["Bird Faced Urn"],"max_hp_gain":0,"max_hp_loss":0,"event_name":"Scrap Ooze","floor":14,"gold_loss":0}],"is_beta":false,"boss_relics":[],"items_purged_floors":[10],"is_endless":false,"potions_floor_spawned":[1,8],"killed_by":"Hexaghost","ascension_level":20}}