{"host":"8is2j71l4wmybkoi","time":1612181288,"event":{"mods":["AchievementEnabler","BaseMod","Colored Map","Minty Spire (QoL Compilation)","Rare Cards Sparkle","StSLib","SuperFastMode"],"gold_per_floor":[115,127,127,142,161,161,161,161],"floor_reached":7,"language":"KOR","playtime":194,"items_purged":[],"score":75,"play_id":"2c4b7b65-804f-44c2-98c0-ca40cfd53cd9","local_time":"20210201210808","is_ascension_mode":true,"campfire_choices":[{"data":"Aggregate","floor":6.0,"key":"SMITH"}],"circlet_count":0,"master_deck":["AscendersBane","Strike_B","Strike_B","Strike_B","Strike_B","Defend_B","Defend_B","Defend_B","Defend_B","Zap","Dualcast","Finesse","Turbo","Echo Form","Aggregate+1"],"relics":["Cracked Core","Question Card"],"acts_visited":["Exordium"],"potions_floor_usage":[7],"damage_taken":[{"damage":3.0,"enemies":"Small Slimes","floor":1.0,"turns":3.0},{"damage":1.0,"enemies":"2 Louse","floor":2.0,"turns":3.0},{"damage":5.0,"enemies":"Jaw Worm","floor":4.0,"turns":3.0},{"damage":14.0,"enemies":"Blue Slaver","floor":5.0,"turns":4.0},{"damage":54,"enemies":"Gremlin Nob","floor":7,"turns":4}],"seed_played":"-1869825536442011072","potions_obtained":[{"floor":5.0,"key":"SteroidPotion"}],"is_trial":false,"path_per_floor":["M","M","?","M","M","R","E"],"character_chosen":"DEFECT","items_purchased":[],"campfire_rested":0,"item_purchase_floors":[],"current_hp_per_floor":[61,60,55,50,36,36,0,0],"gold":161,"neow_bonus":"RANDOM_COLORLESS","is_daily":false,"chose_seed":false,"campfire_upgraded":1,"win_rate":0.0,"timestamp":1612181288,"path_taken":["M","M","?","M","M","R","E"],"items_purchased_type":[],"build_version":"2020-12-22","purchased_purges":0,"victory":false,"max_hp_per_floor":[71,71,71,71,71,71,71,71],"card_choices":[{"not_picked":["Deep Breath","Discovery"],"picked":"Finesse","floor":0.0},{"not_picked":["Redo","Double Energy"],"picked":"Turbo","floor":1.0},{"not_picked":["Reprogram","Darkness","Turbo"],"picked":"SKIP","floor":2.0},{"not_picked":["Reprogram","Darkness","Turbo"],"picked":"SKIP","floor":2.0},{"not_picked":["Rebound","Gash","Chaos"],"picked":"Echo Form","floor":4.0},{"not_picked":["Sweeping Beam","Rebound","Ball Lightning"],"picked":"Aggregate","floor":5.0}],"player_experience":915919,"relics_obtained":[],"event_choices":[{"damage_healed":0.0,"max_hp_gain":0.0,"max_hp_loss":0.0,"gold_gain":0.0,"event_name":"Scrap Ooze","player_choice":"Success","floor":3.0,"gold_loss":0.0,"damage_taken":5.0,"relics_obtained":["Question Card"]}],"is_beta":false,"boss_relics":[],"items_purged_floors":[],"is_endless":false,"potions_floor_spawned":[5],"killed_by":"Gremlin Nob","ascension_level":15}}