{"host":"d5i1qeb9dejicw1z","time":1612146789,"event":{"mods":["AchievementEnabler","BaseMod","Better Note","BetterRewards","Evolution","Gold Saver","Minty Spire (QoL Compilation)","Permanent Neow","Relic Filter Mod","Reliquary","StSLib"],"gold_per_floor":[329,6,6,6,30,63,63,63,63],"floor_reached":8,"language":"ENG","playtime":352,"items_purged":[],"score":130,"play_id":"b398858d-ca3a-472d-932a-4547374fcbfe","local_time":"20210131183309","is_ascension_mode":true,"campfire_choices":[{"floor":7,"key":"REST"}],"circlet_count":0,"master_deck":["AscendersBane","Rebound","Rebound","Conserve Battery","Conserve Battery","Conserve Battery+1","Conserve Battery","Zap","Dualcast","Defragment+1","Chill"],"relics":["Cracked Core","EVO:Axolotl","Membership Card","reliquary:Buckler","Golden Idol","reliquary:TuningFork"],"acts_visited":["Exordium"],"potions_floor_usage":[8,8],"damage_taken":[{"damage":1,"enemies":"2 Louse","floor":1,"turns":2},{"damage":0,"enemies":"Jaw Worm","floor":5,"turns":3},{"damage":32,"enemies":"3 Sentries","floor":6,"turns":13},{"damage":27,"enemies":"Gremlin Nob","floor":8,"turns":3}],"seed_played":"-1076563681239688219","potions_obtained":[{"floor":1,"key":"PotionOfCapacity"},{"floor":6,"key":"LiquidBronze"}],"is_trial":false,"path_per_floor":["M","$","?","?","M","E","R","E"],"character_chosen":"DEFECT","items_purchased":["Defragment","Membership Card","reliquary:Buckler"],"campfire_rested":1,"item_purchase_floors":[2,2,2],"current_hp_per_floor":[67,67,41,34,34,2,24,0,0],"gold":63,"neow_bonus":"REMOVE_CARD","is_daily":false,"chose_seed":false,"campfire_upgraded":0,"win_rate":0.0,"timestamp":1612146789,"path_taken":["M","$","?","?","M","E","R","E"],"items_purchased_type":["Card","Relic","Relic"],"build_version":"2020-12-22","purchased_purges":0,"victory":false,"max_hp_per_floor":[75,75,75,75,75,75,75,75,75],"card_choices":[{"not_picked":["Static Discharge","Recycle","Streamline"],"picked":"SKIP","floor":1},{"not_picked":["Redo","Beam Cell","Recycle"],"picked":"SKIP","floor":5},{"not_picked":["Streamline","Compile Driver"],"picked":"Chill","floor":6}],"player_experience":1211808,"relics_obtained":[{"floor":6,"key":"reliquary:TuningFork"}],"event_choices":[{"damage_healed":0,"gold_gain":0,"player_choice":"Take Damage","damage_taken":26,"relics_obtained":["Golden Idol"],"max_hp_gain":0,"max_hp_loss":0,"event_name":"Golden Idol","floor":3,"gold_loss":0},{"cards_removed":["Rebound"],"damage_healed":0,"gold_gain":0,"player_choice":"Card Removal","damage_taken":7,"max_hp_gain":0,"max_hp_loss":0,"event_name":"Golden Wing","floor":4,"gold_loss":0}],"is_beta":false,"boss_relics":[],"items_purged_floors":[],"is_endless":false,"potions_floor_spawned":[1,6],"killed_by":"Gremlin Nob","ascension_level":19}}