{"host":"hxex1q8lhnh7wpd4","time":1612190594,"event":{"mods":["100% Spire Juice","BaseMod","CapriCore","Hermit","Koishi","Lobotomy","Minty Spire (QoL Compilation)","Replay The Spire","StSLib","The Bug Knight","The Cursed","The Dragon Tamer","The Gatherer","The Hierophant","The Immortal","The Poker Player","The Runesmith"],"gold_per_floor":[109,41,56,69,76,111,111,132,158,170,195,195,195,370,370,373,373,390,315,315,15,25,25,58,58,58,58,72,103,115,135,135,235,235,245,245,258,271,271,271,303,303,303,303,303,228,228,240,240,240],"floor_reached":51,"language":"KOR","playtime":3136,"items_purged":["Anger"],"score":1201,"play_id":"910e75e1-5ca0-41e9-a303-32a7ced390d9","local_time":"20210201234314","is_ascension_mode":true,"campfire_choices":[{"data":"ReplayReversal","floor":13.0,"key":"SMITH"},{"floor":15.0,"key":"DIG"},{"floor":23.0,"key":"DIG"},{"floor":25.0,"key":"DIG"},{"floor":27.0,"key":"DIG"},{"floor":32.0,"key":"DIG"},{"floor":40.0,"key":"DIG"},{"floor":47.0,"key":"DIG"},{"floor":49,"key":"DIG"}],"circlet_count":0,"master_deck":["Defend_R","Defend_R","Defend_R","ReplayReversal+1","Metallicize","Cleave","Metallicize","Shrug It Off","Survivor+1","Neutralize","Demon Form","True Grit+1","Armaments+1","Barricade","Anger","PanicButton+1","Body Slam","Shrug It Off+1","Madness+1","Madness+1","Shrug It Off+1"],"relics":["Burning Blood","ReplayTheSpireMod:CursedCoin","King of Hearts","Anchor","Pen Nib","Toxic Egg 2","Blue Doll","Kintsugi","Shovel","Pear","Counterbalance","Quantum Egg","Pet Ghost","HornCleat","Blue Candle","Empty Cage","Divine Protection","Torii","Chameleon Ring","Art of War","Replay:WaspNest","HollowMod:LifeEnderRelic"],"acts_visited":["Exordium","TheCity","TheBeyond"],"potions_floor_usage":[48,50,50],"damage_taken":[{"damage":10.0,"enemies":"Cultist","floor":1.0,"turns":4.0},{"damage":6.0,"enemies":"Jaw Worm","floor":3.0,"turns":5.0},{"damage":2.0,"enemies":"2 Louse","floor":4.0,"turns":3.0},{"damage":18.0,"enemies":"HollowMod:MossKnight","floor":6.0,"turns":8.0},{"damage":1.0,"enemies":"Exordium Thugs","floor":10.0,"turns":6.0},{"damage":9.0,"enemies":"Gremlin Nob","floor":11.0,"turns":6.0},{"damage":18.0,"enemies":"Slime Boss","floor":16.0,"turns":14.0},{"damage":7.0,"enemies":"Spheric Guardian","floor":18.0,"turns":6.0},{"damage":1.0,"enemies":"Shell Parasite","floor":22.0,"turns":7.0},{"damage":10.0,"enemies":"Gremlin Leader","floor":24.0,"turns":9.0},{"damage":16.0,"enemies":"Sentry and Sphere","floor":28.0,"turns":7.0},{"damage":1.0,"enemies":"Replay:Snechameleon","floor":29.0,"turns":9.0},{"damage":4.0,"enemies":"Snake Plant","floor":30.0,"turns":5.0},{"damage":6.0,"enemies":"Cultist and Chosen","floor":31.0,"turns":10.0},{"damage":5.0,"enemies":"Pondfish","floor":33.0,"turns":11.0},{"damage":0.0,"enemies":"3 Shapes","floor":35.0,"turns":9.0},{"damage":21.0,"enemies":"3 Darklings","floor":37.0,"turns":8.0},{"damage":0.0,"enemies":"Jaw Worm Horde","floor":38.0,"turns":6.0},{"damage":7.0,"enemies":"HollowMod:StalkingDevout","floor":41.0,"turns":10.0},{"damage":0,"enemies":"Writhing Mass","floor":48,"turns":5},{"damage":0,"enemies":"Donu and Deca","floor":50,"turns":8}],"seed_played":"1075434102321557808","potions_obtained":[{"floor":1.0,"key":"BlessingOfTheForge"},{"floor":4.0,"key":"ColorlessPotion"},{"floor":6.0,"key":"GamblersBrew"},{"floor":8.0,"key":"ColorlessPotion"},{"floor":22.0,"key":"LifebloodPotion"},{"floor":29.0,"key":"SpeedPotion"},{"floor":31.0,"key":"Ancient Potion"},{"floor":33.0,"key":"Dexterity Potion"},{"floor":35.0,"key":"Dexterity Potion"},{"floor":48,"key":"BlessingOfTheForge"}],"is_trial":false,"path_per_floor":["M","$","M","M","$","E","?","?","T","M","E","?","R","?","R","B",null,"M","?","?","$","M","R","E","R","T","R","M","E","M","M","R","B",null,"M","?","M","M","?","R","E","T","T","?","$","$","R","M","R","B",null],"character_chosen":"IRONCLAD","items_purchased":["Metallicize","ReplayTheSpireMod:CursedCoin","King of Hearts","Shovel"],"campfire_rested":0,"item_purchase_floors":[2,5,5,21],"current_hp_per_floor":[76,76,76,80,80,68,61,41,41,46,43,43,43,43,43,31,80,79,79,79,79,80,90,86,86,86,86,76,81,83,83,83,84,90,90,90,75,81,81,81,80,80,80,69,69,69,69,75,75,81],"gold":240,"neow_bonus":"REMOVE_CARD","is_daily":false,"chose_seed":false,"campfire_upgraded":1,"win_rate":0.0,"timestamp":1612190594,"path_taken":["M","$","M","M","?","E","?","?","T","?","E","?","R","?","R","BOSS","M","?","?","$","M","R","E","R","T","R","M","E","M","M","R","BOSS","M","?","?","M","?","R","E","?","T","?","?","$","R","?","R","BOSS"],"items_purchased_type":["Card","Relic","Relic","Relic"],"build_version":"2020-12-22","purchased_purges":1,"victory":true,"max_hp_per_floor":[80,80,80,80,80,80,80,80,80,80,80,80,80,80,80,80,80,80,80,80,80,80,90,90,90,90,90,90,90,90,90,90,90,90,90,90,90,90,90,90,90,90,90,90,90,90,90,90,90,90],"card_choices":[{"not_picked":["Wild Strike","Carnage"],"picked":"ReplayReversal","floor":1.0},{"not_picked":["Replay:Undeath\u0027s Touch","Heavy Blade"],"picked":"Anger","floor":3.0},{"not_picked":["Perfected Strike","Heavy Blade"],"picked":"Cleave","floor":4.0},{"not_picked":["Wild Strike","Thunderclap","Immolate"],"picked":"SKIP","floor":6.0},{"not_picked":["ReplayTheSpireMod:Limb From Limb","Heavy Blade"],"picked":"Metallicize","floor":8.0},{"not_picked":["Run Through","Pommel Strike"],"picked":"Shrug It Off","floor":10.0},{"not_picked":["Run Through","Bludgeon","Headbutt"],"picked":"SKIP","floor":11.0},{"not_picked":["Corruption","Fiend Fire"],"picked":"Demon Form","floor":16.0},{"not_picked":["Thunderclap","Cleave"],"picked":"True Grit+1","floor":18.0},{"not_picked":["Disarm+1","Reckless Charge"],"picked":"Armaments+1","floor":22.0},{"not_picked":["Replay:Undeath\u0027s Touch","Clash","Bloodletting+1"],"picked":"SKIP","floor":24.0},{"not_picked":["Heavy Blade","Inflame","Replay:Many Hands+1"],"picked":"SKIP","floor":28.0},{"not_picked":["Clash","Sever Soul","Headbutt"],"picked":"SKIP","floor":29.0},{"not_picked":["Wild Strike+1","Clash","Headbutt+1"],"picked":"SKIP","floor":30.0},{"not_picked":["Headbutt","Cleave","Pummel+1"],"picked":"SKIP","floor":31.0},{"not_picked":["Reaper","Limit Break+1"],"picked":"Barricade","floor":33.0},{"not_picked":["ReplayTheSpireMod:Strike From Hell+1","Infernal Blade+1","Armaments+1"],"picked":"SKIP","floor":35.0},{"not_picked":["Sword Boomerang+1","Anger"],"picked":"Body Slam","floor":37.0},{"not_picked":["Wild Strike+1","Power Through+1","Rage+1"],"picked":"SKIP","floor":38.0},{"not_picked":["Havoc+1","Clothesline"],"picked":"Shrug It Off+1","floor":41.0},{"not_picked":["Sword Boomerang+1","Flex+1"],"picked":"Shrug It Off+1","floor":48}],"player_experience":200266,"relics_obtained":[{"floor":6.0,"key":"Anchor"},{"floor":9.0,"key":"Pen Nib"},{"floor":11.0,"key":"Toxic Egg 2"},{"floor":15.0,"key":"Blue Doll"},{"floor":23.0,"key":"Pear"},{"floor":24.0,"key":"Counterbalance"},{"floor":25.0,"key":"Quantum Egg"},{"floor":27.0,"key":"Pet Ghost"},{"floor":29.0,"key":"HornCleat"},{"floor":32.0,"key":"Blue Candle"},{"floor":40.0,"key":"Divine Protection"},{"floor":41.0,"key":"Torii"},{"floor":42.0,"key":"Chameleon Ring"},{"floor":43.0,"key":"Art of War"},{"floor":47.0,"key":"Replay:WaspNest"},{"floor":49,"key":"HollowMod:LifeEnderRelic"}],"event_choices":[{"cards_removed":["Strike_R"],"damage_healed":0.0,"max_hp_gain":0.0,"max_hp_loss":0.0,"gold_gain":0.0,"event_name":"Golden Wing","player_choice":"Card Removal","floor":7.0,"gold_loss":0.0,"damage_taken":7.0},{"damage_healed":0.0,"max_hp_gain":0.0,"max_hp_loss":0.0,"gold_gain":175.0,"event_name":"Liars Game","player_choice":"AGREE","floor":14.0,"gold_loss":0.0,"damage_taken":0.0,"cards_obtained":["Doubt"]},{"cards_removed":["Doubt"],"damage_healed":0.0,"max_hp_gain":0.0,"max_hp_loss":0.0,"gold_gain":0.0,"event_name":"Beggar","player_choice":"Gave Gold","floor":19.0,"gold_loss":75.0,"damage_taken":0.0},{"damage_healed":0.0,"max_hp_gain":0.0,"max_hp_loss":0.0,"gold_gain":0.0,"event_name":"Vampires","player_choice":"Ignored","floor":20.0,"gold_loss":0.0,"damage_taken":0.0},{"damage_healed":0.0,"max_hp_gain":0.0,"max_hp_loss":0.0,"gold_gain":0.0,"event_name":"Match and Keep!","player_choice":"2 cards matched","floor":36.0,"gold_loss":0.0,"damage_taken":0.0,"cards_obtained":["Anger","PanicButton"]},{"damage_healed":0.0,"max_hp_gain":0.0,"max_hp_loss":0.0,"gold_gain":0.0,"event_name":"Tomb of Lord Red Mask","player_choice":"Ignored","floor":39.0,"gold_loss":0.0,"damage_taken":0.0},{"damage_healed":0.0,"max_hp_gain":0.0,"max_hp_loss":0.0,"gold_gain":0.0,"event_name":"Winding Halls","player_choice":"Embrace Madness","floor":44.0,"gold_loss":0.0,"damage_taken":11.0,"cards_obtained":["Madness","Madness"]}],"is_beta":false,"boss_relics":[{"not_picked":["Snecko Eye","Velvet Choker"],"picked":"Kintsugi"},{"not_picked":["Runic Cube","Painkiller Herb"],"picked":"Empty Cage"}],"items_purged_floors":[46],"is_endless":false,"potions_floor_spawned":[1,4,6,22,29,31,33,35,48],"ascension_level":1}}