{"host":"y0avvqzsetgmdwfn","time":1612162480,"event":{"mods":["AchievementEnabler","BaseMod","Better Third Choice","Downfall","Minty Spire (QoL Compilation)","Red Circlet Mod","Reliquary","Replay The Spire","Spicy Shops","StSLib"],"gold_per_floor":[99,117,133,133,133,165,165,165,192,192,192,192,205,305,321,416,416,416,434,35,35,35,48,48,63,90,202,249,276,288,330,357,473,485,497,527,553,581,603,515,575,619,641,685,728,754,41,41,58,58],"floor_reached":51,"language":"ENG","playtime":3632,"items_purged":[],"score":1046,"play_id":"6703b0d4-be92-4824-a014-7026e38bce0c","local_time":"20210201145440","is_ascension_mode":true,"campfire_choices":[{"floor":1.0,"key":"DIG"},{"data":"champ:Strike","floor":8.0,"key":"PURGE"},{"data":"champ:Defend","floor":10.0,"key":"PURGE"},{"data":"downfall:Malfunctioning","floor":12.0,"key":"PURGE"},{"data":"champ:Strike","floor":18.0,"key":"PURGE"},{"data":"champ:StanceDance","floor":30.0,"key":"SMITH"},{"floor":35.0,"key":"RECALL"},{"data":"champ:EndlessRage","floor":40.0,"key":"SMITH"}],"circlet_count":0,"master_deck":["champ:Strike","champ:Strike+1","champ:Defend+1","champ:Defend","champ:Execute","champ:Taunt","champ:Haymaker","champ:AdrenalArmor+1","champ:CheapShot+1","champ:BerserkersShout","champ:ShieldWall","champ:StanceDance+1","champ:Improvising+1","champ:HeartStrike","champ:ShieldSigil+1","champ:StanceDance+1","champ:VampiricStrike+1","champ:Lariat","champ:SetATrap+1","champ:SwordSigil+1","champ:BerserkerStyle+1","champ:DefensiveStyle+1","champ:EnchantSword+1","champ:Endure","champ:FanOfKnives","champ:EndlessRage+1","champ:ShieldThrow+1","champ:CrookedStrike","champ:ShieldSlam+1","champ:RisingSlash+1","champ:StrikeOfGenius+1","expansioncontent:DashGenerateEvil+1","Madness+1","champ:RecklessLeap+1","champ:DefensiveStyle+1"],"relics":["bronze:MakeshiftBattery","Peace Pipe","ReplayTheSpireMod:Ring of Addiction","White Beast Statue","Toy Ornithopter","Ring of Fangs","Golden Egg","Lizard Tail","reliquary:PurpleTingedLeaf","CloakClasp","SlaversCollar","Lee\u0027s Waffle","Ice Cream","Torii","MawBank","Potion Belt","Bird Faced Urn","reliquary:TridentHead","expansioncontent:StudyCardRelic","downfall:HeartBlessingRed","TungstenRod","Bag of Preparation","Turnip","reliquary:PartyBalloon","reliquary:Stiletto"],"acts_visited":["Exordium","TheCity","TheBeyond"],"potions_floor_usage":[46,47,49,50,50],"damage_taken":[{"damage":10.0,"enemies":"Cultist","floor":2.0,"turns":3.0},{"damage":11.0,"enemies":"Jaw Worm","floor":3.0,"turns":3.0},{"damage":39.0,"enemies":"Gremlin Nob","floor":6.0,"turns":4.0},{"damage":55.0,"enemies":"Lagavulin","floor":9.0,"turns":8.0},{"damage":28.0,"enemies":"Small Slimes","floor":13.0,"turns":4.0},{"damage":53.0,"enemies":"Small Slimes","floor":14.0,"turns":6.0},{"damage":18.0,"enemies":"3 Louse","floor":15.0,"turns":3.0},{"damage":84.0,"enemies":"DF_ARCHETYPE_STREAMLINE","floor":16.0,"turns":8.0},{"damage":76.0,"enemies":"3 Byrds","floor":19.0,"turns":6.0},{"damage":25.0,"enemies":"downfall:FleeingMerchant","floor":20.0,"turns":5.0},{"damage":67.0,"enemies":"Chosen","floor":23.0,"turns":5.0},{"damage":61.0,"enemies":"Snecko","floor":25.0,"turns":4.0},{"damage":75.0,"enemies":"Gremlin Leader","floor":26.0,"turns":4.0},{"damage":119.0,"enemies":"downfall:LadyInBlue","floor":27.0,"turns":7.0},{"damage":93.0,"enemies":"Slavers","floor":28.0,"turns":4.0},{"damage":62.0,"enemies":"Chosen and Byrds","floor":29.0,"turns":4.0},{"damage":112.0,"enemies":"Gremlin Leader","floor":31.0,"turns":5.0},{"damage":63.0,"enemies":"Sentry and Sphere","floor":32.0,"turns":3.0},{"damage":111.0,"enemies":"WA_ARCHETYPE_CALM","floor":33.0,"turns":6.0},{"damage":104.0,"enemies":"3 Darklings","floor":36.0,"turns":4.0},{"damage":35.0,"enemies":"Orb Walker","floor":37.0,"turns":3.0},{"damage":118.0,"enemies":"Transient","floor":38.0,"turns":5.0},{"damage":76.0,"enemies":"Maw","floor":39.0,"turns":6.0},{"damage":51.0,"enemies":"Giant Head","floor":42.0,"turns":8.0},{"damage":39.0,"enemies":"3 Darklings","floor":43.0,"turns":5.0},{"damage":39.0,"enemies":"R_Hoarder","floor":44.0,"turns":6.0},{"damage":52,"enemies":"4 Shapes","floor":46,"turns":2},{"damage":85,"enemies":"downfall:FleeingMerchant","floor":47,"turns":5},{"damage":94,"enemies":"Jaw Worm Horde","floor":49,"turns":2},{"damage":156,"enemies":"IC_BLOCK_ARCHETYPE","floor":50,"turns":7}],"seed_played":"-3962741518570187117","potions_obtained":[{"floor":2.0,"key":"champ:OpenerPotion"},{"floor":4.0,"key":"champ:UltimateStancePotion"},{"floor":4.0,"key":"Explosive Potion"},{"floor":4.0,"key":"Energy Potion"},{"floor":6.0,"key":"EssenceOfSteel"},{"floor":9.0,"key":"hexamod:SoulburnPotion"},{"floor":13.0,"key":"BlessingOfTheForge"},{"floor":14.0,"key":"Explosive Potion"},{"floor":15.0,"key":"hexamod:SoulburnPotion"},{"floor":16.0,"key":"sneckomod:MuddlingPotion"},{"floor":19.0,"key":"ColorlessPotion"},{"floor":20.0,"key":"Guardian:BlockOnCardUsePotion"},{"floor":23.0,"key":"Swift Potion"},{"floor":25.0,"key":"Weak Potion"},{"floor":26.0,"key":"FearPotion"},{"floor":27.0,"key":"Fruit Juice"},{"floor":27.0,"key":"champ:TechniquePotion"},{"floor":27.0,"key":"Fruit Juice"},{"floor":27.0,"key":"Explosive Potion"},{"floor":28.0,"key":"PowerPotion"},{"floor":29.0,"key":"Ancient Potion"},{"floor":31.0,"key":"FearPotion"},{"floor":32.0,"key":"Flashbang"},{"floor":33.0,"key":"Elixir"},{"floor":36.0,"key":"Strength Potion"},{"floor":37.0,"key":"SteroidPotion"},{"floor":38.0,"key":"Milkshake"},{"floor":39.0,"key":"FairyPotion"},{"floor":42.0,"key":"Guardian:BlockOnCardUsePotion"},{"floor":43.0,"key":"SkillPotion"},{"floor":44.0,"key":"sneckomod:MuddlingPotion"},{"floor":46,"key":"bronze:BurnAndBuffPotion"},{"floor":47,"key":"Slimebound:ThreeZeroPotion"},{"floor":49,"key":"Doom Potion"}],"is_trial":false,"path_per_floor":["R","M","M","?","?","E","T","R","E","R","?","R","M","?","M","B",null,"R","M","$","?","?","M","T","M","E","?","E","M","R","E","M","B",null,"R","M","M","M","M","R","T","E","M","E","?","M","$","?","M","B",null],"character_chosen":"THE_CHAMP","items_purchased":["Lee\u0027s Waffle","Ice Cream","reliquary:PartyBalloon","reliquary:Stiletto","expansioncontent:DashGenerateEvil","Madness","champ:RecklessLeap"],"campfire_rested":0,"item_purchase_floors":[20,20,47,47,47,47,47],"current_hp_per_floor":[90,90,89,89,89,90,90,90,90,90,90,90,85,81,84,50,88,88,78,93,93,75,69,69,73,79,95,93,101,101,102,103,103,103,103,108,107,108,105,105,105,108,108,108,82,107,108,108,108,105],"gold":58,"neow_bonus":"BOSS_RELIC","is_daily":false,"chose_seed":false,"campfire_upgraded":2,"win_rate":0.0,"timestamp":1612162480,"path_taken":["R","M","M","?","?","E","T","R","E","R","?","R","M","?","M","BOSS","R","M","$","?","?","M","T","M","E","?","E","?","R","E","M","BOSS","R","M","M","M","M","R","T","E","M","E","?","M","$","?","M","BOSS"],"items_purchased_type":["Relic","Relic","Relic","Relic","Card","Card","Card"],"build_version":"2020-12-22","purchased_purges":0,"victory":true,"max_hp_per_floor":[90,90,90,90,90,90,90,90,90,90,90,90,88,88,88,88,88,88,88,93,93,98,98,98,98,98,103,103,103,103,103,103,103,103,103,108,108,108,108,108,108,108,108,108,108,108,108,108,108,108],"card_choices":[{"not_picked":["champ:Parry","champ:BladeFlurry"],"picked":"champ:Haymaker","floor":2.0},{"not_picked":["champ:Circumvent","champ:DefensiveShout"],"picked":"champ:AdrenalArmor","floor":3.0},{"not_picked":["champ:PreciseThrust","champ:BerserkersShout"],"picked":"champ:CheapShot","floor":6.0},{"not_picked":["champ:Backstep","champ:BladeFlurry"],"picked":"champ:BerserkersShout","floor":9.0},{"not_picked":["champ:BladeFlurry","champ:CalledShot"],"picked":"champ:ShieldWall","floor":13.0},{"not_picked":["champ:BladeFlurry","champ:GutPunch"],"picked":"champ:EnGarde","floor":14.0},{"not_picked":["champ:DefensiveStyle","champ:EnGarde"],"picked":"champ:StanceDance","floor":15.0},{"not_picked":["champ:HoldFirm","champ:DancingMaster"],"picked":"champ:Improvising","floor":16.0},{"not_picked":["champ:FancyFootwork","champ:RapidStrikes"],"picked":"champ:HeartStrike","floor":19.0},{"not_picked":["champ:GutPunch","champ:BerserkersShout"],"picked":"champ:ShieldSigil+1","floor":20.0},{"not_picked":["champ:FancyFootwork+1","champ:BladeFlurry"],"picked":"champ:StanceDance+1","floor":23.0},{"not_picked":["champ:HeartStrike","champ:FlashCut+1"],"picked":"champ:VampiricStrike","floor":25.0},{"not_picked":["champ:BringItOn","champ:FancyFootwork"],"picked":"champ:Lariat","floor":26.0},{"not_picked":["champ:StanceDance","champ:Haymaker"],"picked":"champ:SetATrap+1","floor":27.0},{"not_picked":["champ:BerserkerStyle","champ:BerserkersShout"],"picked":"champ:SwordSigil+1","floor":28.0},{"not_picked":["champ:StanceDance","champ:EnGarde","champ:BladeFlurry"],"picked":"SKIP","floor":29.0},{"not_picked":["champ:ArenaPreparation","champ:DeathBlow"],"picked":"champ:BerserkerStyle+1","floor":31.0},{"not_picked":["champ:DefensiveShout","champ:Backstep+1"],"picked":"champ:DefensiveStyle+1","floor":32.0},{"not_picked":["champ:VampiricStrike","champ:SteelEdge"],"picked":"champ:EnchantSword","floor":33.0},{"not_picked":["champ:ShieldSigil","champ:RapidStrikes+1"],"picked":"champ:Endure","floor":36.0},{"not_picked":["champ:BerserkersShout+1","champ:Backstep+1"],"picked":"champ:FanOfKnives","floor":37.0},{"not_picked":["champ:FanOfKnives+1","champ:PerfectedStrike"],"picked":"champ:EndlessRage","floor":38.0},{"not_picked":["champ:SkillfulDodge","champ:TornadoPunch"],"picked":"champ:ShieldThrow","floor":39.0},{"not_picked":["champ:DefensiveShout","champ:Shatter+1"],"picked":"champ:CrookedStrike","floor":42.0},{"not_picked":["champ:PreciseThrust+1","champ:FlashCut+1"],"picked":"champ:ShieldSlam+1","floor":43.0},{"not_picked":["champ:TornadoPunch","champ:Backstep","champ:ShieldSlam"],"picked":"SKIP","floor":44.0},{"not_picked":["champ:PerfectedStrike","champ:CrookedStrike+1"],"picked":"champ:RisingSlash+1","floor":45.0},{"not_picked":["champ:EnGarde+1","champ:CrownThrow+1","champ:BladeFlurry+1"],"picked":"SKIP","floor":46},{"not_picked":["champ:GladiatorStyle","champ:ShieldSigil+1"],"picked":"champ:StrikeOfGenius","floor":47},{"not_picked":["champ:EnragedBash+1","champ:CrookedStrike"],"picked":"champ:DefensiveStyle+1","floor":49}],"player_experience":1999518,"relics_obtained":[{"floor":1.0,"key":"Peace Pipe"},{"floor":4.0,"key":"ReplayTheSpireMod:Ring of Addiction"},{"floor":4.0,"key":"White Beast Statue"},{"floor":4.0,"key":"Toy Ornithopter"},{"floor":4.0,"key":"Ring of Fangs"},{"floor":6.0,"key":"Golden Egg"},{"floor":7.0,"key":"Lizard Tail"},{"floor":9.0,"key":"reliquary:PurpleTingedLeaf"},{"floor":14.0,"key":"CloakClasp"},{"floor":24.0,"key":"Torii"},{"floor":26.0,"key":"MawBank"},{"floor":27.0,"key":"Potion Belt"},{"floor":28.0,"key":"Bird Faced Urn"},{"floor":31.0,"key":"reliquary:TridentHead"},{"floor":42.0,"key":"TungstenRod"},{"floor":44.0,"key":"Bag of Preparation"},{"floor":45.0,"key":"Turnip"}],"event_choices":[{"cards_removed":["champ:EnGarde"],"damage_healed":0,"gold_gain":0,"player_choice":"Removed Skill","damage_taken":0,"max_hp_gain":0,"max_hp_loss":0,"event_name":"Falling","floor":48,"gold_loss":0}],"is_beta":false,"boss_relics":[{"not_picked":["Snecko Eye","Pandora\u0027s Box"],"picked":"SlaversCollar"},{"not_picked":["Painkiller Herb","ReplayTheSpireMod:DimensionalGlitch"],"picked":"expansioncontent:StudyCardRelic"}],"items_purged_floors":[],"is_endless":false,"potions_floor_spawned":[2,6,9,13,14,15,16,19,20,23,25,26,27,28,29,31,32,33,36,37,38,39,42,43,44,46,47,49],"ascension_level":1}}