{"host":"u7lm8z2rvb4dg2oo","time":1612159817,"event":{"mods":["AchievementEnabler","BaseMod","Bestiary","Block Reminder","Colored Map","Colored Powertips","Curses Come First","DeckTracker","Googly Eyes","Highlight Path","Minty Spire (QoL Compilation)","Quick Restart","StSLib"],"gold_per_floor":[117,117,117,117,138,138,159,178,201,240,240,263,298,323,323,447,447,461,486,260,276,296,296,296,331,331,331,256,276,30,45,45,173,173,186,206,231,231,149,189,189,213,240,240,47,83,83,104,104,104],"floor_reached":51,"language":"ENG","playtime":3050,"items_purged":["Strike_G","Strike_G"],"score":1209,"play_id":"011af9b8-d5e0-47cf-bf4c-5e1f02bec242","local_time":"20210201011017","is_ascension_mode":true,"campfire_choices":[{"data":"Accuracy","floor":6.0,"key":"SMITH"},{"floor":11.0,"key":"REST"},{"floor":15.0,"key":"REST"},{"data":"Wraith Form v2","floor":23.0,"key":"SMITH"},{"data":"Accuracy","floor":27.0,"key":"SMITH"},{"data":"Burst","floor":32.0,"key":"SMITH"},{"floor":41.0,"key":"REST"},{"data":"Cloak And Dagger","floor":44,"key":"SMITH"},{"floor":47,"key":"REST"},{"data":"A Thousand Cuts","floor":49,"key":"SMITH"}],"circlet_count":0,"master_deck":["AscendersBane","Strike_G","Defend_G","Defend_G","Defend_G","Defend_G","Defend_G","Survivor","Neutralize","Caltrops","Accuracy+1","Burst+1","Blade Dance","Wraith Form v2+1","Cloak And Dagger","Poisoned Stab","Accuracy+1","Malaise","Blade Dance","Well Laid Plans+1","Cloak And Dagger+1","Catalyst","Caltrops","Leg Sweep","After Image","Cloak And Dagger+1","PiercingWail+1","Footwork","Finisher+1","A Thousand Cuts+1"],"relics":["Ring of the Serpent","Pocketwatch","Golden Idol","Toy Ornithopter","Oddly Smooth Stone","Blood Vial","Ancient Tea Set","Cursed Key","Omamori","MutagenicStrength","Bag of Preparation","Centennial Puzzle","Orichalcum","Snake Skull","Vajra","Bronze Scales","CaptainsWheel"],"acts_visited":["Exordium","TheCity","TheBeyond"],"potions_floor_usage":[48,50],"damage_taken":[{"damage":0.0,"enemies":"2 Louse","floor":1.0,"turns":3.0},{"damage":0.0,"enemies":"Jaw Worm","floor":2.0,"turns":4.0},{"damage":2.0,"enemies":"Cultist","floor":5.0,"turns":5.0},{"damage":1.0,"enemies":"Exordium Thugs","floor":7.0,"turns":3.0},{"damage":8.0,"enemies":"Blue Slaver","floor":8.0,"turns":4.0},{"damage":16.0,"enemies":"3 Sentries","floor":10.0,"turns":7.0},{"damage":25.0,"enemies":"Exordium Wildlife","floor":12.0,"turns":6.0},{"damage":1.0,"enemies":"Lagavulin","floor":13.0,"turns":5.0},{"damage":8.0,"enemies":"Hexaghost","floor":16.0,"turns":9.0},{"damage":24.0,"enemies":"Chosen","floor":18.0,"turns":5.0},{"damage":3.0,"enemies":"3 Byrds","floor":19.0,"turns":5.0},{"damage":10.0,"enemies":"Snecko","floor":21.0,"turns":6.0},{"damage":0.0,"enemies":"Centurion and Healer","floor":22.0,"turns":6.0},{"damage":0.0,"enemies":"Book of Stabbing","floor":25.0,"turns":5.0},{"damage":12.0,"enemies":"3 Cultists","floor":29.0,"turns":3.0},{"damage":4.0,"enemies":"Shelled Parasite and Fungi","floor":31.0,"turns":2.0},{"damage":23.0,"enemies":"Collector","floor":33.0,"turns":9.0},{"damage":0.0,"enemies":"Orb Walker","floor":35.0,"turns":1.0},{"damage":2.0,"enemies":"3 Shapes","floor":36.0,"turns":5.0},{"damage":11.0,"enemies":"Spire Growth","floor":37.0,"turns":5.0},{"damage":33.0,"enemies":"Reptomancer","floor":40.0,"turns":7.0},{"damage":29,"enemies":"Jaw Worm Horde","floor":42,"turns":4},{"damage":0,"enemies":"Giant Head","floor":46,"turns":5},{"damage":5,"enemies":"Sphere and 2 Shapes","floor":48,"turns":3},{"damage":47,"enemies":"Awakened One","floor":50,"turns":8}],"seed_played":"-467627586903186761","potions_obtained":[{"floor":1.0,"key":"SneckoOil"},{"floor":5.0,"key":"Strength Potion"},{"floor":12.0,"key":"SteroidPotion"},{"floor":13.0,"key":"DistilledChaos"},{"floor":18.0,"key":"SpeedPotion"},{"floor":25.0,"key":"Strength Potion"},{"floor":29.0,"key":"Fire Potion"},{"floor":36.0,"key":"Energy Potion"},{"floor":37.0,"key":"Fruit Juice"},{"floor":42,"key":"SkillPotion"}],"is_trial":false,"path_per_floor":["M","M","?","?","M","R","M","M","T","E","R","M","E","T","R","B",null,"M","M","$","M","M","R","?","E","T","R","?","M","$","M","R","B",null,"M","M","M","?","$","E","R","M","T","R","$","E","R","M","R","B",null],"character_chosen":"THE_SILENT","items_purchased":["Omamori","Orichalcum","Footwork","Bronze Scales","Block Potion"],"campfire_rested":4,"item_purchase_floors":[20,30,39,45,45],"current_hp_per_floor":[63,63,48,48,46,46,45,37,37,21,39,14,13,13,31,30,55,33,32,32,24,26,26,26,38,38,38,38,33,33,36,36,15,51,53,53,59,59,59,28,47,20,20,20,20,22,41,43,43,3],"gold":104,"neow_bonus":"ONE_RARE_RELIC","is_daily":false,"chose_seed":false,"campfire_upgraded":6,"win_rate":0.0,"timestamp":1612159817,"path_taken":["M","M","?","?","M","R","M","M","T","E","R","?","E","?","R","BOSS","M","M","$","M","M","R","?","E","T","R","?","?","$","M","R","BOSS","M","?","M","?","$","E","R","M","T","R","$","E","R","M","R","BOSS"],"items_purchased_type":["Relic","Relic","Card","Relic","Potion"],"build_version":"2020-12-22","purchased_purges":2,"victory":true,"max_hp_per_floor":[63,63,63,63,63,63,63,63,63,63,63,63,63,63,63,63,63,63,63,63,63,63,63,63,63,63,63,63,63,63,63,63,63,63,63,63,68,65,65,65,65,65,65,65,65,65,65,65,65,65],"card_choices":[{"not_picked":["Setup","Acrobatics"],"picked":"Caltrops","floor":1.0},{"not_picked":["Deflect","Blade Dance"],"picked":"Accuracy","floor":2.0},{"not_picked":["Caltrops","PiercingWail"],"picked":"Blade Dance","floor":5.0},{"not_picked":["Skewer","Underhanded Strike"],"picked":"Wraith Form v2","floor":7.0},{"not_picked":["Dagger Throw","Deflect","Night Terror"],"picked":"SKIP","floor":8.0},{"not_picked":["Endless Agony","Deflect"],"picked":"Cloak And Dagger","floor":10.0},{"not_picked":["Expertise","Deflect"],"picked":"Poisoned Stab","floor":12.0},{"not_picked":["Blur","Tools of the Trade"],"picked":"Accuracy","floor":13.0},{"not_picked":["Phantasmal Killer","Envenom"],"picked":"Malaise","floor":16.0},{"not_picked":["Dodge and Roll+1","Dagger Throw"],"picked":"Blade Dance","floor":18.0},{"not_picked":["Backstab","Sucker Punch"],"picked":"Well Laid Plans+1","floor":19.0},{"not_picked":["Dash","Deflect"],"picked":"Cloak And Dagger","floor":21.0},{"not_picked":["Cloak And Dagger","Calculated Gamble"],"picked":"Catalyst","floor":22.0},{"not_picked":["All Out Attack","Cloak And Dagger"],"picked":"Caltrops","floor":25.0},{"not_picked":["Calculated Gamble","Setup"],"picked":"Leg Sweep","floor":29.0},{"not_picked":["Sucker Punch","Acrobatics","Predator"],"picked":"SKIP","floor":31.0},{"not_picked":["Night Terror","Glass Knife"],"picked":"After Image","floor":33.0},{"not_picked":["Bane+1","Prepared"],"picked":"Cloak And Dagger+1","floor":35.0},{"not_picked":["Slice+1","Flying Knee","Expertise+1"],"picked":"SKIP","floor":36.0},{"not_picked":["Cloak And Dagger","Outmaneuver+1"],"picked":"PiercingWail+1","floor":37.0},{"not_picked":["Doppelganger","Bane"],"picked":"Finisher+1","floor":40.0},{"not_picked":["Leg Sweep+1","Prepared","Dagger Throw+1"],"picked":"SKIP","floor":42},{"not_picked":["Footwork","Outmaneuver+1"],"picked":"A Thousand Cuts","floor":46},{"not_picked":["Outmaneuver+1","Quick Slash+1","PiercingWail"],"picked":"SKIP","floor":48}],"player_experience":1060802,"relics_obtained":[{"floor":9.0,"key":"Toy Ornithopter"},{"floor":10.0,"key":"Oddly Smooth Stone"},{"floor":13.0,"key":"Blood Vial"},{"floor":14.0,"key":"Ancient Tea Set"},{"floor":25.0,"key":"Bag of Preparation"},{"floor":26.0,"key":"Centennial Puzzle"},{"floor":40.0,"key":"Snake Skull"},{"floor":43,"key":"Vajra"},{"floor":46,"key":"CaptainsWheel"}],"event_choices":[{"damage_healed":0.0,"max_hp_gain":0.0,"max_hp_loss":0.0,"gold_gain":0.0,"event_name":"Golden Idol","player_choice":"Take Damage","floor":3.0,"gold_loss":0.0,"damage_taken":15.0,"relics_obtained":["Golden Idol"]},{"damage_healed":0.0,"max_hp_gain":0.0,"max_hp_loss":0.0,"gold_gain":0.0,"cards_transformed":["Strike_G"],"event_name":"Transmorgrifier","player_choice":"Transformed","floor":4.0,"gold_loss":0.0,"damage_taken":0.0,"cards_obtained":["Burst"]},{"damage_healed":0.0,"max_hp_gain":0.0,"max_hp_loss":0.0,"gold_gain":0.0,"event_name":"Drug Dealer","player_choice":"Inject Mutagens","floor":24.0,"gold_loss":0.0,"damage_taken":0.0,"relics_obtained":["MutagenicStrength"]},{"cards_removed":["Strike_G"],"damage_healed":0.0,"max_hp_gain":0.0,"max_hp_loss":0.0,"gold_gain":0.0,"event_name":"Beggar","player_choice":"Gave Gold","floor":28.0,"gold_loss":75.0,"damage_taken":0.0},{"damage_healed":0.0,"max_hp_gain":0.0,"max_hp_loss":3.0,"gold_gain":0.0,"event_name":"Winding Halls","player_choice":"Max HP","floor":38.0,"gold_loss":0.0,"damage_taken":0.0}],"is_beta":false,"boss_relics":[{"not_picked":["Busted Crown","HoveringKite"],"picked":"Cursed Key"},{"not_picked":["Snecko Eye","Coffee Dripper"],"picked":"Ring of the Serpent"}],"items_purged_floors":[20,30],"is_endless":false,"potions_floor_spawned":[1,5,12,13,18,25,29,36,37,42,46],"ascension_level":11}}