{"host":"thn8o1tmql8xszd5","time":1612153104,"event":{"mods":["2.2 Compatiblity","AchievementEnabler","BaseMod","Bestiary","Block Reminder","Colored Map","DeckTracker","Fox Events","Highlight Path","Minty Spire (QoL Compilation)","Permanent Neow","Quick Restart","Random Character Button","Relic Sorter","Relic Stats","Reliquary","Spire Arcade","StSLib","The Blue Laboratory","The Marked"],"gold_per_floor":[13,13,25,43,43,78,78,91,91,105,132,36,54,64,64,168,168,188,287,287,306,306,306,331,331,356,374,374,374,394,412,412,517,517,530,530,541,559,608,608,274,301,373,373,388,403,434,450,450,450],"floor_reached":51,"language":"ENG","playtime":2363,"items_purged":["theMarked:SoldierOfQuellstein+1"],"score":816,"play_id":"44ba70ee-0229-4a07-9f62-bd2fd2c92354","local_time":"20210131231824","is_ascension_mode":false,"campfire_choices":[{"data":"theMarked:BindingBlade","floor":7,"key":"SMITH"},{"data":"theMarked:Seal","floor":15,"key":"SMITH"},{"data":"theMarked:Panic","floor":23,"key":"SMITH"},{"floor":25,"key":"REST"},{"data":"theMarked:TheMission","floor":29,"key":"SMITH"},{"data":"theMarked:BanishingWave","floor":32,"key":"SMITH"},{"data":"1","floor":40,"key":"LIFT"},{"floor":49,"key":"REST"}],"circlet_count":0,"master_deck":["theMarked:Defend","theMarked:Defend","theMarked:Defend","theMarked:BindingBlade+1","theMarked:Heritage","theMarked:WardOff","theMarked:BanishingStrike","theMarked:Seal+1","theMarked:Memento","theMarked:BanishingWave+1","theMarked:WardOff","theMarked:BindingBlade","theMarked:Panic+1","Bite","Bite","Bite","Bite","Bite","theMarked:TheMission+1","theMarked:Frustration+1","theMarked:Levitate","Mayhem","theMarked:StartUp","theMarked:TwofoldDefense","theMarked:WardOff"],"relics":["theMarked:ArtifactOfAir","Torii","reliquary:IridiumChain","reliquary:FeatherDuster","theMarked:Eyepatch","Pen Nib","PreservedInsect","Snecko Eye","Girya","Bag of Marbles","The Courier","Nunchaku"],"acts_visited":["Exordium","TheCity","TheBeyond"],"potions_floor_usage":[6,11,14,30,33,38,39,42,46,50,50],"damage_taken":[{"damage":1,"enemies":"2 Louse","floor":1,"turns":2},{"damage":4,"enemies":"Jaw Worm","floor":3,"turns":4},{"damage":1,"enemies":"Cultist","floor":4,"turns":3},{"damage":14,"enemies":"Lagavulin","floor":6,"turns":6},{"damage":8,"enemies":"Red Slaver","floor":8,"turns":4},{"damage":15,"enemies":"Exordium Thugs","floor":10,"turns":5},{"damage":15,"enemies":"Gremlin Nob","floor":11,"turns":4},{"damage":1,"enemies":"Blue Slaver","floor":13,"turns":3},{"damage":0,"enemies":"Exordium Wildlife","floor":14,"turns":2},{"damage":1,"enemies":"Hexaghost","floor":16,"turns":9},{"damage":10,"enemies":"Spheric Guardian","floor":18,"turns":4},{"damage":13,"enemies":"3 Byrds","floor":21,"turns":4},{"damage":29,"enemies":"Slavers","floor":24,"turns":5},{"damage":0,"enemies":"Centurion and Healer","floor":27,"turns":4},{"damage":1,"enemies":"Snake Plant","floor":30,"turns":2},{"damage":2,"enemies":"3 Cultists","floor":31,"turns":4},{"damage":36,"enemies":"Collector","floor":33,"turns":10},{"damage":0,"enemies":"Orb Walker","floor":35,"turns":1},{"damage":6,"enemies":"3 Darklings","floor":37,"turns":2},{"damage":7,"enemies":"Sphere and 2 Shapes","floor":38,"turns":3},{"damage":15,"enemies":"2 Orb Walkers","floor":39,"turns":2},{"damage":0,"enemies":"Giant Head","floor":42,"turns":5},{"damage":9,"enemies":"Writhing Mass","floor":45,"turns":4},{"damage":6,"enemies":"Transient","floor":46,"turns":5},{"damage":0,"enemies":"Nemesis","floor":47,"turns":3},{"damage":0,"enemies":"Jaw Worm Horde","floor":48,"turns":3},{"damage":57,"enemies":"Awakened One","floor":50,"turns":7}],"seed_played":"1232994817484281271","potions_obtained":[{"floor":4,"key":"SteroidPotion"},{"floor":5,"key":"FairyPotion"},{"floor":5,"key":"Block Potion"},{"floor":6,"key":"Swift Potion"},{"floor":8,"key":"Explosive Potion"},{"floor":24,"key":"DuplicationPotion"},{"floor":28,"key":"foxEvents:VialedCaress"},{"floor":31,"key":"Energy Potion"},{"floor":37,"key":"LiquidMemories"},{"floor":39,"key":"blueLaboratory:SavagePotion"},{"floor":42,"key":"blueLaboratory:HeartbeatPotion"},{"floor":45,"key":"Weak Potion"},{"floor":46,"key":"blueLaboratory:NullPotion"}],"is_trial":false,"path_per_floor":["M","?","M","M","?","E","R","M","T","M","E","$","M","M","R","B",null,"M","?","?","M","?","R","E","R","T","M","?","R","M","M","R","B",null,"M","?","M","M","?","R","$","E","T","?","M","M","E","M","R","B",null],"character_chosen":"THE_DEFAULT","items_purchased":["theMarked:Memento","Fire Potion","Mayhem","theMarked:StartUp","theMarked:TwofoldDefense"],"campfire_rested":2,"item_purchase_floors":[12,12,41,41,41],"current_hp_per_floor":[69,69,65,64,64,50,50,42,42,27,12,12,11,11,11,10,70,60,60,47,34,34,34,9,24,24,28,28,28,43,44,44,18,44,44,44,40,35,22,22,22,28,28,28,23,19,27,35,44,11],"gold":450,"neow_bonus":"THREE_RARE_CARDS","is_daily":false,"chose_seed":false,"campfire_upgraded":5,"win_rate":0.0,"timestamp":1612153104,"path_taken":["M","?","M","M","?","E","R","M","T","?","E","?","M","M","R","BOSS","M","?","?","?","?","R","E","R","T","M","?","R","M","M","R","BOSS","M","?","M","M","?","R","$","E","T","?","?","M","E","M","R","BOSS"],"items_purchased_type":["Card","Potion","Card","Card","Card"],"build_version":"2020-12-22","purchased_purges":1,"victory":true,"max_hp_per_floor":[70,70,70,70,70,70,70,70,70,70,70,70,70,70,70,70,70,70,70,75,75,52,52,52,52,52,52,44,44,44,44,44,44,44,44,44,44,44,44,44,44,44,44,44,44,44,44,44,44,44],"relic_stats":{"Nunchaku":[2],"Torii":23,"counters":[27,110],"Snecko Eye":[69,53,74,82],"Pen Nib":[9],"PreservedInsect":172,"obtain_stats":[{"theMarked:ArtifactOfAir":0,"reliquary:FeatherDuster":11,"Girya":39,"Nunchaku":47,"Torii":6,"Snecko Eye":34,"Pen Nib":24,"PreservedInsect":26,"The Courier":43,"Bag of Marbles":42,"reliquary:IridiumChain":9,"theMarked:Eyepatch":17},{"theMarked:ArtifactOfAir":0,"reliquary:FeatherDuster":7,"Girya":21,"Nunchaku":25,"Torii":4,"Snecko Eye":17,"Pen Nib":13,"PreservedInsect":13,"The Courier":22,"Bag of Marbles":22,"reliquary:IridiumChain":5,"theMarked:Eyepatch":10},{"theMarked:ArtifactOfAir":0,"reliquary:FeatherDuster":28,"Girya":83,"Nunchaku":100,"Torii":15,"Snecko Eye":75,"Pen Nib":55,"PreservedInsect":55,"The Courier":88,"Bag of Marbles":88,"reliquary:IridiumChain":19,"theMarked:Eyepatch":42}]},"card_choices":[{"not_picked":["theMarked:ThrowWeapon","theMarked:TurnInvisible"],"picked":"theMarked:BindingBlade","floor":0},{"not_picked":["theMarked:Memento","theMarked:Frustration"],"picked":"theMarked:Heritage","floor":1},{"not_picked":["theMarked:TunnelVision","theMarked:Electrocute","theMarked:Opportunist"],"picked":"SKIP","floor":3},{"not_picked":["theMarked:EmpowerWeapon","theMarked:Frustration"],"picked":"theMarked:WardOff","floor":4},{"not_picked":["theMarked:Improvise","theMarked:Overcharge"],"picked":"theMarked:BanishingStrike","floor":6},{"not_picked":["theMarked:ResourceFulStrike","theMarked:Frustration"],"picked":"theMarked:EmpowerWeapon","floor":8},{"not_picked":["theMarked:Frustration","theMarked:RepellingDischarge"],"picked":"theMarked:Seal","floor":10},{"not_picked":["theMarked:TwofoldDefense","theMarked:Convert","theMarked:PowerFlow"],"picked":"SKIP","floor":11},{"not_picked":["theMarked:EnhanceMovement","theMarked:Frustration"],"picked":"theMarked:BanishingWave","floor":13},{"not_picked":["theMarked:SwordAndMagic","theMarked:ResourceFulStrike"],"picked":"theMarked:WardOff","floor":14},{"not_picked":["theMarked:Toughness","theMarked:Vacuum"],"picked":"theMarked:BindingBlade","floor":16},{"not_picked":["theMarked:Electrocute+1","theMarked:TakeCover","theMarked:Improvise+1"],"picked":"SKIP","floor":18},{"not_picked":["theMarked:SelfDefenseTraining","theMarked:TunnelVision"],"picked":"theMarked:Panic","floor":21},{"not_picked":["theMarked:Overthink","theMarked:Toughness"],"picked":"theMarked:TheMission","floor":24},{"not_picked":["theMarked:TwofoldDefense","theMarked:EmpowerWeapon+1","theMarked:Frustration+1"],"picked":"SKIP","floor":27},{"not_picked":["theMarked:TwofoldDefense","theMarked:EmpowerWeapon+1"],"picked":"theMarked:Frustration+1","floor":27},{"not_picked":["theMarked:TwofoldDefense+1","theMarked:ShockingTouch","theMarked:GodGivenPower"],"picked":"SKIP","floor":30},{"not_picked":["theMarked:TwofoldDefense","theMarked:Maelstrom","theMarked:ChainLightning"],"picked":"SKIP","floor":31},{"not_picked":["theMarked:UnarmedFury","theMarked:TurnInvisible"],"picked":"theMarked:Levitate","floor":33},{"not_picked":["theMarked:BanishingStrike+1","theMarked:TheMission+1","theMarked:LightningStrikesTwice+1"],"picked":"SKIP","floor":35},{"not_picked":["theMarked:TakeCover","theMarked:Maelstrom","theMarked:HeightenedSenses"],"picked":"SKIP","floor":37},{"not_picked":["theMarked:ChainLightning","theMarked:Maelstrom+1","theMarked:TwofoldDefense"],"picked":"SKIP","floor":38},{"not_picked":["theMarked:Standoff+1","theMarked:RepellingDischarge","theMarked:Polarize+1"],"picked":"SKIP","floor":42},{"not_picked":["theMarked:Aftermath+1","theMarked:ResourceFulStrike+1","theMarked:Opportunist+1"],"picked":"SKIP","floor":45},{"not_picked":["theMarked:ResourceFulStrike+1","theMarked:Parkour+1","theMarked:Aftermath"],"picked":"SKIP","floor":46},{"not_picked":["theMarked:LightningStrikesTwice","theMarked:Parry+1","theMarked:Improvise+1"],"picked":"SKIP","floor":47},{"not_picked":["theMarked:Aftermath+1","theMarked:Generate","theMarked:ThrowWeapon"],"picked":"SKIP","floor":48}],"player_experience":448366,"relics_obtained":[{"floor":6,"key":"Torii"},{"floor":9,"key":"reliquary:IridiumChain"},{"floor":11,"key":"reliquary:FeatherDuster"},{"floor":24,"key":"Pen Nib"},{"floor":26,"key":"PreservedInsect"},{"floor":39,"key":"Girya"},{"floor":42,"key":"Bag of Marbles"},{"floor":43,"key":"The Courier"},{"floor":47,"key":"Nunchaku"}],"event_choices":[{"damage_healed":0,"gold_gain":0,"player_choice":"Grow","damage_taken":0,"max_hp_gain":0,"max_hp_loss":0,"event_name":"Living Wall","floor":2,"gold_loss":0,"cards_upgraded":["theMarked:SoldierOfQuellstein"]},{"damage_healed":0,"gold_gain":0,"player_choice":"Got Potions","damage_taken":0,"max_hp_gain":0,"max_hp_loss":0,"event_name":"Lab","floor":5,"gold_loss":0},{"damage_healed":0,"gold_gain":99,"player_choice":"Stole From Cult","damage_taken":0,"max_hp_gain":0,"max_hp_loss":0,"event_name":"Nest","floor":19,"gold_loss":0},{"damage_healed":0,"gold_gain":0,"player_choice":"Shed Blood","damage_taken":18,"max_hp_gain":5,"max_hp_loss":0,"event_name":"Forgotten Altar","floor":20,"gold_loss":0},{"damage_healed":0,"gold_gain":0,"player_choice":"Became a vampire","damage_taken":0,"max_hp_gain":0,"max_hp_loss":23,"event_name":"Vampires","floor":22,"gold_loss":0,"cards_obtained":["Bite","Bite","Bite","Bite","Bite"]},{"damage_healed":0,"gold_gain":0,"player_choice":"Fight","damage_taken":0,"max_hp_gain":0,"max_hp_loss":0,"event_name":"Mysterious Sphere","floor":39,"gold_loss":0},{"damage_healed":0,"gold_gain":0,"cards_transformed":["theMarked:Defend"],"player_choice":"Transformed","damage_taken":0,"max_hp_gain":0,"max_hp_loss":0,"event_name":"Transmorgrifier","floor":44,"gold_loss":0,"cards_obtained":["theMarked:WardOff"]}],"is_beta":false,"boss_relics":[{"not_picked":["Coffee Dripper","Runic Dome"],"picked":"theMarked:Eyepatch"},{"not_picked":["Fusion Hammer","Velvet Choker"],"picked":"Snecko Eye"}],"items_purged_floors":[41],"is_endless":false,"potions_floor_spawned":[4,6,8,13,24,31,37,39,42,45,46],"ascension_level":0}}