{"host":"u7y9frlpoazak2mn","time":1612214910,"event":{"mods":["AchievementEnabler","Act Like it!","Alarm Clock","Aspiration","Astrologer","BaseMod","Beaked The Cultist","Better Altar","Better Match","Better Note","Better Sensory Stone","Better Skull","Better Third Choice","CCEM2","Chen","Colored Map","Colored Powertips","Conspire","Curses Come First","Dark Map","Displayed Cursed Tome","Energized Spire","Friendly Minions","Gensokyo","GifTheSpireLib","Glutton Mod","Halation","Hallownest","Hermit","Hubris","Infinite Spire","Jedi Mod","Koishi","Marisa????????","Mimic Mod","Minty Spire (QoL Compilation)","Pale of the Ancients","Prisma Mod","Quick Restart","Random Character Button","Rare Cards Sparkle","Relic Stats","Reliquary","Remilia??????","Replay The Spire","Retaliation","Spicy Shops","Spikes Relics","StS++","StSLib","Stuff the Spire","The Administrix","The Blue Laboratory","The Bug Knight","The Construct","The Cursed","The Druid","The Forsaken","The Juggle","The Jungle","The Marked","The Servant 0.9.4","Waifu the Spire","Wandering Minibosses","Wide Potions","Yuri Mod"],"gold_per_floor":[109,22,22,38,135,135,60,60,85,85,96,115,115,15,15,15,15],"floor_reached":16,"language":"ENG","playtime":865,"items_purged":["Strike_P","theForsaken:PlagueCurse"],"score":88,"play_id":"d2d613f7-ca4e-40fe-aa57-2dea9648e549","local_time":"20210201162830","is_ascension_mode":false,"campfire_choices":[{"data":"Judgement","floor":6,"key":"SMITH"},{"floor":8,"key":"REST"},{"data":"Vigilance","floor":10,"key":"SMITH"},{"data":"Eruption","floor":15,"key":"SMITH"}],"circlet_count":0,"master_deck":["Strike_P","Strike_P","Strike_P","Defend_P","Defend_P","Defend_P","Defend_P","Eruption+1","Vigilance+1","WaveOfTheHand","Gash","Redo+1","StSpp:Fierceness","Judgement+1","FIFO Queue"],"relics":["aspiration:DefectSkillbook","Hallownest:DreamNailRelic","reliquary:RosewoodLute","CCEMRelics:SpiritsEdge","theForsaken:PlagueMask"],"acts_visited":["Exordium"],"potions_floor_usage":[],"damage_taken":[{"damage":2,"enemies":"Hallownest:monsterHuskGuard","floor":1,"turns":3},{"damage":0,"enemies":"Hallownest:monsterHuskWarrior","floor":4,"turns":3},{"damage":0,"enemies":"2_ Uuma","floor":11,"turns":3},{"damage":4,"enemies":"Hallownest:1_Ooma_and_2_Uuma","floor":12,"turns":7},{"damage":110,"enemies":"Hallownest:BossHornet","floor":16,"turns":5}],"seed_played":"-7528433157608892240","potions_obtained":[{"floor":12,"key":"FearPotion"}],"is_trial":false,"path_per_floor":["M","$","?","M","?","R","$","R","T","R","M","M","?","$","R","B"],"character_chosen":"WATCHER","items_purchased":["Gash","Redo+1"],"campfire_rested":1,"item_purchase_floors":[2,2],"current_hp_per_floor":[70,70,70,70,42,42,42,63,63,63,63,59,59,59,59,0,0],"gold":15,"neow_bonus":"BOSS_RELIC","is_daily":false,"chose_seed":false,"campfire_upgraded":3,"win_rate":0.0,"timestamp":1612214910,"path_taken":["M","$","?","?","?","R","$","R","T","R","M","M","?","$","R","BOSS"],"items_purchased_type":["Card","Card"],"build_version":"2020-12-22","purchased_purges":2,"victory":false,"max_hp_per_floor":[72,72,72,72,72,72,72,72,72,72,72,72,72,72,72,72,72],"relic_stats":{"counters":[5,21],"obtain_stats":[{"aspiration:DefectSkillbook":0,"Hallownest:DreamNailRelic":3,"PureWater":0,"reliquary:RosewoodLute":5,"theForsaken:PlagueMask":13,"CCEMRelics:SpiritsEdge":9},{"aspiration:DefectSkillbook":0,"Hallownest:DreamNailRelic":1,"PureWater":0,"reliquary:RosewoodLute":2,"theForsaken:PlagueMask":4,"CCEMRelics:SpiritsEdge":2},{"aspiration:DefectSkillbook":0,"Hallownest:DreamNailRelic":3,"PureWater":0,"reliquary:RosewoodLute":6,"theForsaken:PlagueMask":16,"CCEMRelics:SpiritsEdge":6}]},"card_choices":[{"not_picked":["EmptyBody","Ball Lightning","FIFO Queue"],"picked":"WaveOfTheHand","floor":1},{"not_picked":["Replay:AtTheReady","Leap","Rebound"],"picked":"StSpp:Fierceness","floor":4},{"not_picked":["Fasting2","aspiration:Polymerization","Chaos"],"picked":"Judgement","floor":5},{"not_picked":["Conserve Battery","Reprogram","Conclude","Compile Driver"],"picked":"SKIP","floor":11},{"not_picked":["Turbo","Conserve Battery","Replay:BluntJabs"],"picked":"FIFO Queue","floor":12}],"player_experience":364673,"relics_obtained":[{"floor":5,"key":"reliquary:RosewoodLute"},{"floor":9,"key":"CCEMRelics:SpiritsEdge"}],"event_choices":[{"damage_healed":0,"gold_gain":0,"player_choice":"Obtain Plague Curse","damage_taken":0,"max_hp_gain":0,"max_hp_loss":0,"event_name":"Plague Doctor","floor":13,"gold_loss":0,"cards_obtained":["theForsaken:PlagueCurse"]}],"is_beta":false,"boss_relics":[],"items_purged_floors":[7,14],"is_endless":false,"potions_floor_spawned":[12],"killed_by":"Hallownest:BossHornet","ascension_level":0}}