{"host":"y3h3n3f7seyagppx","time":1612148961,"event":{"mods":["AlwaysNeverKeys","BaseMod","Better Vampires","Colored Powertips","DeckTracker","Emptier Cage","Minty Spire (QoL Compilation)","Permanent Neow","Quick Restart","Rare Cards Sparkle","Relic Sorter","Relic Stats","StSLib","Transform Curses"],"gold_per_floor":[218,218,1,11,31,31,61,31,31,31,48,48,82,93,93,164,164,179,193,209,228,9,42,42,42,112,112,143,158,191,201,201,201,201],"floor_reached":33,"language":"ENG","playtime":2357,"items_purged":[],"score":684,"play_id":"564fc191-7947-4087-8cf8-fdff0b944f7e","local_time":"20210131220921","is_ascension_mode":true,"campfire_choices":[{"data":"Bash","floor":6.0,"key":"SMITH"},{"data":"Clothesline","floor":10.0,"key":"SMITH"},{"data":"Flame Barrier","floor":12.0,"key":"SMITH"},{"data":"Shrug It Off","floor":15.0,"key":"SMITH"},{"floor":27.0,"key":"REST"},{"data":"Entrench","floor":32,"key":"SMITH"}],"circlet_count":0,"master_deck":["AscendersBane","Strike_R","Strike_R","Strike_R","Strike_R","Strike_R","Defend_R","Defend_R","Defend_R","Defend_R","Bash+1","Evolve","Clothesline+1","Anger","Pommel Strike","Flame Barrier+1","Shrug It Off+1","Battle Trance","Immolate+1","CurseOfTheBell","Dual Wield+1","Hemokinesis+1","Body Slam+1","Fire Breathing","RitualDagger+1","Rage+1","Entrench+1","Shockwave"],"relics":["Burning Blood","Lantern","Letter Opener","Mummified Hand","Molten Egg 2","Calling Bell","Bag of Preparation","Self Forming Clay","Lizard Tail","Nunchaku","Vajra","Singing Bowl","Art of War","Mango"],"acts_visited":["Exordium","TheCity"],"potions_floor_usage":[33],"damage_taken":[{"damage":10.0,"enemies":"Small Slimes","floor":1.0,"turns":4.0},{"damage":3.0,"enemies":"2 Louse","floor":4.0,"turns":4.0},{"damage":6.0,"enemies":"Cultist","floor":5.0,"turns":4.0},{"damage":6.0,"enemies":"Gremlin Nob","floor":7.0,"turns":3.0},{"damage":18.0,"enemies":"Gremlin Gang","floor":11.0,"turns":5.0},{"damage":20.0,"enemies":"3 Sentries","floor":13.0,"turns":9.0},{"damage":9.0,"enemies":"Exordium Thugs","floor":14.0,"turns":3.0},{"damage":47.0,"enemies":"Slime Boss","floor":16.0,"turns":9.0},{"damage":7.0,"enemies":"Chosen","floor":18.0,"turns":4.0},{"damage":13.0,"enemies":"Shell Parasite","floor":19.0,"turns":4.0},{"damage":12.0,"enemies":"Snake Plant","floor":20.0,"turns":5.0},{"damage":13.0,"enemies":"Cultist and Chosen","floor":21.0,"turns":4.0},{"damage":20.0,"enemies":"Book of Stabbing","floor":23.0,"turns":4.0},{"damage":20,"enemies":"Slavers","floor":28,"turns":5},{"damage":10,"enemies":"Snecko","floor":29,"turns":4},{"damage":2,"enemies":"Gremlin Leader","floor":30,"turns":5},{"damage":12,"enemies":"Chosen and Byrds","floor":31,"turns":4},{"damage":118,"enemies":"Champ","floor":33,"turns":14}],"seed_played":"-755484136029039988","potions_obtained":[{"floor":4.0,"key":"Dexterity Potion"},{"floor":5.0,"key":"Regen Potion"},{"floor":8.0,"key":"Weak Potion"},{"floor":16.0,"key":"FearPotion"},{"floor":19.0,"key":"Strength Potion"},{"floor":20.0,"key":"Regen Potion"},{"floor":30,"key":"DuplicationPotion"}],"is_trial":false,"path_per_floor":["M","?","$","M","M","R","E","?","T","R","M","R","E","M","R","B",null,"M","M","M","M","$","E","?","?","T","R","E","M","E","M","R","B"],"character_chosen":"IRONCLAD","items_purchased":["Lantern","Fire Potion","Nunchaku","AttackPotion"],"campfire_rested":1,"item_purchase_floors":[3,3,22,22],"current_hp_per_floor":[64,64,64,67,67,67,67,67,67,67,55,55,56,53,53,12,59,58,51,45,38,38,36,30,30,30,52,40,36,54,48,48,0,0],"gold":201,"neow_bonus":"HUNDRED_GOLD","is_daily":false,"chose_seed":false,"campfire_upgraded":5,"win_rate":0.0,"timestamp":1612148961,"path_taken":["M","?","$","M","M","R","E","?","T","R","M","R","E","M","R","BOSS","M","?","M","?","$","E","?","?","T","R","E","M","E","M","R","BOSS"],"items_purchased_type":["Relic","Potion","Relic","Potion"],"build_version":"2020-12-22","purchased_purges":0,"victory":false,"max_hp_per_floor":[75,75,75,75,75,75,75,75,75,75,75,75,75,75,75,75,75,75,75,75,75,75,75,75,75,75,75,77,77,91,91,91,91,91],"relic_stats":{"Lizard Tail":45,"Nunchaku":[7],"Singing Bowl":2,"counters":[18,94],"Mummified Hand":[16],"Self Forming Clay":[84],"Bag of Preparation":[20],"Art of War":[2],"Letter Opener":[30],"obtain_stats":[{"Lantern":3,"Singing Bowl":26,"Self Forming Clay":17,"Vajra":23,"Mango":30,"Bag of Preparation":17,"Letter Opener":7,"Burning Blood":0,"Calling Bell":17,"Lizard Tail":17,"Nunchaku":22,"Mummified Hand":9,"Molten Egg 2":13,"Art of War":28},{"Lantern":1,"Singing Bowl":13,"Self Forming Clay":8,"Vajra":13,"Mango":16,"Bag of Preparation":8,"Letter Opener":4,"Burning Blood":0,"Calling Bell":8,"Lizard Tail":8,"Nunchaku":12,"Mummified Hand":4,"Molten Egg 2":6,"Art of War":14},{"Lantern":4,"Singing Bowl":62,"Self Forming Clay":41,"Vajra":62,"Mango":76,"Bag of Preparation":41,"Letter Opener":15,"Burning Blood":0,"Calling Bell":41,"Lizard Tail":41,"Nunchaku":58,"Mummified Hand":15,"Molten Egg 2":29,"Art of War":67}],"Burning Blood":102},"card_choices":[{"not_picked":["Sword Boomerang","Heavy Blade"],"picked":"Evolve","floor":1.0},{"not_picked":["Wild Strike","Seeing Red"],"picked":"Clothesline","floor":4.0},{"not_picked":["Dual Wield","Twin Strike"],"picked":"Anger","floor":5.0},{"not_picked":["Clothesline","Iron Wave"],"picked":"Pommel Strike","floor":7.0},{"not_picked":["Twin Strike","Cleave"],"picked":"Flame Barrier","floor":11.0},{"not_picked":["Disarm","Dark Embrace"],"picked":"Shrug It Off","floor":13.0},{"not_picked":["Disarm","Cleave+1"],"picked":"Battle Trance","floor":14.0},{"not_picked":["Brutality","Barricade"],"picked":"Immolate+1","floor":16.0},{"not_picked":["Rampage+1","Cleave+1"],"picked":"Dual Wield+1","floor":18.0},{"not_picked":["Iron Wave+1","Disarm","Rampage+1"],"picked":"SKIP","floor":19.0},{"not_picked":["Iron Wave+1","Disarm","Rampage+1"],"picked":"SKIP","floor":19.0},{"not_picked":["Iron Wave+1","Disarm","Rampage+1"],"picked":"SKIP","floor":19.0},{"not_picked":["Wild Strike+1","Shrug It Off"],"picked":"Hemokinesis+1","floor":20.0},{"not_picked":["Thunderclap+1","Warcry"],"picked":"Body Slam+1","floor":21.0},{"not_picked":["Clash+1","Intimidate","Fire Breathing"],"picked":"SKIP","floor":23.0},{"not_picked":["Clash+1","Intimidate"],"picked":"Fire Breathing","floor":23.0},{"not_picked":["Searing Blow+1","Bloodletting","Evolve"],"picked":"Singing Bowl","floor":28},{"not_picked":["Heavy Blade+1","Perfected Strike+1"],"picked":"Rage+1","floor":29},{"not_picked":["Sword Boomerang+1","Sentinel"],"picked":"Entrench","floor":30},{"not_picked":["Fire Breathing","Anger+1"],"picked":"Shockwave","floor":31}],"player_experience":21871181,"relics_obtained":[{"floor":7.0,"key":"Letter Opener"},{"floor":9.0,"key":"Mummified Hand"},{"floor":13.0,"key":"Molten Egg 2"},{"floor":17.0,"key":"Bag of Preparation"},{"floor":17.0,"key":"Self Forming Clay"},{"floor":17.0,"key":"Lizard Tail"},{"floor":23.0,"key":"Vajra"},{"floor":26.0,"key":"Singing Bowl"},{"floor":28,"key":"Art of War"},{"floor":30,"key":"Mango"}],"event_choices":[{"damage_healed":0.0,"max_hp_gain":0.0,"max_hp_loss":0.0,"gold_gain":0.0,"event_name":"The Cleric","player_choice":"Leave","floor":2.0,"gold_loss":0.0,"damage_taken":0.0},{"damage_healed":0.0,"max_hp_gain":0.0,"max_hp_loss":0.0,"gold_gain":0.0,"event_name":"The Woman in Blue","player_choice":"Bought 2 Potions","floor":8.0,"gold_loss":0.0,"damage_taken":0.0},{"damage_healed":0.0,"max_hp_gain":0.0,"max_hp_loss":0.0,"gold_gain":0.0,"event_name":"Nest","player_choice":"Joined the Cult","floor":24.0,"gold_loss":0.0,"damage_taken":6.0,"cards_obtained":["RitualDagger"]}],"is_beta":false,"boss_relics":[{"not_picked":["Black Blood","SacredBark"],"picked":"Calling Bell"}],"items_purged_floors":[],"is_endless":false,"potions_floor_spawned":[4,5,16,19,20,30,31],"killed_by":"Champ","ascension_level":20}}