{"host":"1nniobf0g4s2td4e","time":1612148633,"event":{"mods":["2.2 Compatiblity","BaseMod","Minty Spire (QoL Compilation)","StSLib","SuperFastMode"],"gold_per_floor":[113,113,132,132,132,132,132,132,132,132,164,182,208,220,220,220,220],"floor_reached":16,"language":"ENG","playtime":399,"items_purged":[],"score":133,"play_id":"95a75ebe-392a-40fc-812e-4c669c3f67e2","local_time":"20210131210353","is_ascension_mode":false,"campfire_choices":[{"data":"Feed","floor":6,"key":"SMITH"},{"data":"Body Slam","floor":8,"key":"SMITH"},{"floor":10,"key":"RECALL"},{"floor":15,"key":"REST"}],"circlet_count":0,"master_deck":["Strike_R","Strike_R+1","Strike_R","Strike_R+1","Strike_R","Defend_R","Defend_R","Defend_R","Defend_R","Bash","Feed+1","Body Slam+1","Warcry"],"relics":["Burning Blood","Self Forming Clay","Bottled Flame","Centennial Puzzle"],"acts_visited":["Exordium"],"potions_floor_usage":[16],"damage_taken":[{"damage":0,"enemies":"Small Slimes","floor":1,"turns":3},{"damage":5,"enemies":"2 Louse","floor":3,"turns":2},{"damage":18,"enemies":"3 Sentries","floor":11,"turns":8},{"damage":11,"enemies":"Jaw Worm","floor":12,"turns":4},{"damage":52,"enemies":"Lagavulin","floor":13,"turns":6},{"damage":10,"enemies":"Lots of Slimes","floor":14,"turns":3},{"damage":0,"enemies":"The Guardian","floor":16,"turns":3}],"seed_played":"-7568553306205808061","potions_obtained":[{"floor":3,"key":"Fire Potion"},{"floor":11,"key":"AttackPotion"},{"floor":13,"key":"AttackPotion"}],"is_trial":false,"path_per_floor":["M","?","M","?","?","R","$","R","T","R","E","M","E","M","R","B"],"character_chosen":"IRONCLAD","items_purchased":[],"campfire_rested":1,"item_purchase_floors":[],"current_hp_per_floor":[75,75,78,62,67,67,67,67,67,67,59,58,12,12,40,40,40],"gold":220,"neow_bonus":"THREE_RARE_CARDS","is_daily":false,"chose_seed":false,"campfire_upgraded":2,"win_rate":0.0,"timestamp":1612148633,"path_taken":["M","?","M","?","?","R","$","R","T","R","E","M","E","M","R","BOSS"],"items_purchased_type":[],"build_version":"2020-12-22","purchased_purges":0,"victory":false,"max_hp_per_floor":[75,75,78,78,83,83,83,83,83,83,87,91,91,95,95,95,95],"card_choices":[{"not_picked":["Berserk","Impervious"],"picked":"Feed","floor":0},{"not_picked":["Flex","Pummel"],"picked":"Body Slam","floor":1},{"not_picked":["Clash","Sever Soul"],"picked":"Warcry","floor":3},{"not_picked":["Armaments","Fire Breathing","Immolate"],"picked":"SKIP","floor":11},{"not_picked":["Twin Strike","Evolve","Havoc"],"picked":"SKIP","floor":12},{"not_picked":["Infernal Blade","Heavy Blade","Headbutt"],"picked":"SKIP","floor":13},{"not_picked":["Headbutt","Cleave","Warcry"],"picked":"SKIP","floor":14}],"player_experience":726522,"relics_obtained":[{"floor":9,"key":"Self Forming Clay"},{"floor":11,"key":"Bottled Flame"},{"floor":13,"key":"Centennial Puzzle"}],"event_choices":[{"damage_healed":0,"gold_gain":0,"player_choice":"Leave","damage_taken":0,"max_hp_gain":0,"max_hp_loss":0,"event_name":"The Cleric","floor":2,"gold_loss":0},{"damage_healed":0,"gold_gain":0,"player_choice":"Entered Light","damage_taken":16,"max_hp_gain":0,"max_hp_loss":0,"event_name":"Shining Light","floor":4,"gold_loss":0,"cards_upgraded":["Strike_R","Strike_R"]},{"damage_healed":0,"gold_gain":0,"player_choice":"Donut","damage_taken":0,"max_hp_gain":5,"max_hp_loss":0,"event_name":"Big Fish","floor":5,"gold_loss":0}],"is_beta":false,"boss_relics":[],"items_purged_floors":[],"is_endless":false,"potions_floor_spawned":[3,11,13],"killed_by":"The Guardian","ascension_level":0}}