{"host":"zxkjcgzis4pm3za5","time":1612150096,"event":{"mods":["AchievementEnabler","Act Like it!","BaseMod","Colored Map","Colored Powertips","Friendly Minions","GifTheSpireLib","Minty Spire (QoL Compilation)","Quick Restart","Random Character Button","Relic Sorter","Relic Stats","StSLib"],"gold_per_floor":[119,119,119,1,76,112,135,178,178,191,191,214,227,227,227,320,320,343,268,281,306,206,206,231,231,231],"floor_reached":25,"language":"ENG","playtime":968,"items_purged":["Strike_G","Strike_G"],"score":448,"play_id":"49cdf216-69ec-4513-9f6f-c6e85eb383a8","local_time":"20210201085816","is_ascension_mode":true,"campfire_choices":[{"data":"Footwork","floor":11,"key":"SMITH"},{"data":"Footwork","floor":15,"key":"SMITH"},{"floor":23,"key":"REST"}],"circlet_count":0,"master_deck":["AscendersBane","Strike_G","Strike_G","Defend_G","Defend_G","Defend_G","Defend_G","Survivor","Neutralize","Flying Knee","Footwork+1","Footwork+1","Infinite Blades","Blade Dance","Tools of the Trade","Slice","After Image","Skewer+1","Deflect","Terror"],"relics":["Ring of the Snake","NeowsBlessing","Golden Idol","Mummified Hand","Paper Crane","HoveringKite","Blood Vial"],"acts_visited":["Exordium","TheCity"],"potions_floor_usage":[10,16,20,20],"damage_taken":[{"damage":0,"enemies":"2 Louse","floor":1,"turns":1},{"damage":0,"enemies":"Lagavulin","floor":6,"turns":1},{"damage":0,"enemies":"Jaw Worm","floor":7,"turns":1},{"damage":10,"enemies":"3 Sentries","floor":8,"turns":11},{"damage":1,"enemies":"Small Slimes","floor":10,"turns":4},{"damage":1,"enemies":"Looter","floor":12,"turns":4},{"damage":10,"enemies":"Lots of Slimes","floor":13,"turns":4},{"damage":14,"enemies":"The Guardian","floor":16,"turns":13},{"damage":5,"enemies":"3 Byrds","floor":18,"turns":7},{"damage":17,"enemies":"Chosen","floor":20,"turns":4},{"damage":12,"enemies":"Snake Plant","floor":21,"turns":8},{"damage":33,"enemies":"Book of Stabbing","floor":25,"turns":5}],"seed_played":"-7200174468358107885","potions_obtained":[{"floor":6,"key":"Poison Potion"},{"floor":8,"key":"Block Potion"},{"floor":10,"key":"BlessingOfTheForge"},{"floor":18,"key":"Fire Potion"}],"is_trial":false,"path_per_floor":["M","?","?","$","?","E","M","E","T","M","R","M","M","?","R","B",null,"M","?","M","M","$","R","T","E"],"character_chosen":"THE_SILENT","items_purchased":["Footwork"],"campfire_rested":1,"item_purchase_floors":[4],"current_hp_per_floor":[59,52,52,52,41,41,41,31,31,30,30,29,19,19,19,5,46,41,41,24,12,12,30,30,0,0],"gold":231,"neow_bonus":"THREE_ENEMY_KILL","is_daily":false,"chose_seed":false,"campfire_upgraded":2,"win_rate":0.0,"timestamp":1612150096,"path_taken":["M","?","?","$","?","E","M","E","T","?","R","M","M","?","R","BOSS","M","?","M","?","$","R","?","E"],"items_purchased_type":["Card"],"build_version":"2020-12-22","purchased_purges":2,"victory":false,"max_hp_per_floor":[66,66,60,60,60,60,60,60,60,60,60,60,60,60,60,60,60,60,60,60,60,60,60,60,60,60],"relic_stats":{"Blood Vial":2,"counters":[12,63],"Golden Idol":64,"Mummified Hand":[35],"HoveringKite":[16],"obtain_stats":[{"Blood Vial":24,"NeowsBlessing":0,"Golden Idol":3,"Mummified Hand":6,"HoveringKite":17,"Paper Crane":8,"Ring of the Snake":0},{"Blood Vial":11,"NeowsBlessing":0,"Golden Idol":1,"Mummified Hand":2,"HoveringKite":8,"Paper Crane":4,"Ring of the Snake":0},{"Blood Vial":58,"NeowsBlessing":0,"Golden Idol":1,"Mummified Hand":2,"HoveringKite":39,"Paper Crane":14,"Ring of the Snake":0}],"Ring of the Snake":[24]},"card_choices":[{"not_picked":["Dodge and Roll","Bane"],"picked":"Flying Knee","floor":1},{"not_picked":["Well Laid Plans","Catalyst"],"picked":"Footwork","floor":6},{"not_picked":["Backflip","Outmaneuver"],"picked":"Infinite Blades","floor":7},{"not_picked":["Underhanded Strike","Masterful Stab"],"picked":"Blade Dance","floor":8},{"not_picked":["Reflex","Sucker Punch"],"picked":"Tools of the Trade","floor":10},{"not_picked":["Setup","Poisoned Stab"],"picked":"Slice","floor":12},{"not_picked":["Setup","Catalyst","Expertise"],"picked":"SKIP","floor":13},{"not_picked":["Setup","Catalyst","Expertise"],"picked":"SKIP","floor":13},{"not_picked":["Bullet Time","Storm of Steel"],"picked":"After Image","floor":16},{"not_picked":["Cloak And Dagger","Backflip"],"picked":"Skewer+1","floor":18},{"not_picked":["Backflip","All Out Attack+1"],"picked":"Deflect","floor":20},{"not_picked":["Outmaneuver+1","Underhanded Strike"],"picked":"Terror","floor":21}],"player_experience":301184,"relics_obtained":[{"floor":6,"key":"Mummified Hand"},{"floor":8,"key":"Paper Crane"},{"floor":24,"key":"Blood Vial"}],"event_choices":[{"cards_removed":["Defend_G"],"damage_healed":0,"gold_gain":0,"player_choice":"Card Removal","damage_taken":7,"max_hp_gain":0,"max_hp_loss":0,"event_name":"Golden Wing","floor":2,"gold_loss":0},{"damage_healed":0,"gold_gain":0,"player_choice":"Lose Max HP","damage_taken":0,"relics_obtained":["Golden Idol"],"max_hp_gain":0,"max_hp_loss":6,"event_name":"Golden Idol","floor":3,"gold_loss":0},{"damage_healed":0,"gold_gain":75,"player_choice":"Gather Gold","damage_taken":11,"max_hp_gain":0,"max_hp_loss":0,"event_name":"World of Goop","floor":5,"gold_loss":0},{"damage_healed":0,"gold_gain":0,"player_choice":"Ignored","damage_taken":0,"max_hp_gain":0,"max_hp_loss":0,"event_name":"Liars Game","floor":14,"gold_loss":0},{"cards_removed":["Strike_G"],"damage_healed":0,"gold_gain":0,"player_choice":"Single Remove","damage_taken":0,"max_hp_gain":0,"max_hp_loss":0,"event_name":"Designer","floor":19,"gold_loss":75}],"is_beta":false,"boss_relics":[{"not_picked":["Black Star","Runic Dome"],"picked":"HoveringKite"}],"items_purged_floors":[4,22],"is_endless":false,"potions_floor_spawned":[6,8,10,18],"killed_by":"Book of Stabbing","ascension_level":18}}