{"host":"0rxdudjy6rylha1k","time":1612221358,"event":{"mods":["Aspiration","BaseMod","Colored Map","Colored Powertips","Downfall","Highlight Path","Hubris","Minty Spire (QoL Compilation)","StSLib"],"gold_per_floor":[99,109,128,128,128,247,247,274,284,315,329,354,154,166,179,276,276,276,292,311,321,339,16,39,68,68,68,68,68,68],"floor_reached":28,"language":"ENG","playtime":5842,"items_purged":[],"score":367,"play_id":"4523c33d-98e4-43af-8b97-e05c938dee49","local_time":"20210201161558","is_ascension_mode":true,"campfire_choices":[{"floor":1.0,"key":"RECALL"},{"data":"hexamod:SearingWound","floor":13,"key":"SMITH"},{"data":"hexamod:SearingWound","floor":18,"key":"SMITH"},{"data":"hexamod:Sear","floor":26,"key":"SMITH"}],"circlet_count":0,"master_deck":["hexamod:Strike","hexamod:Strike","hexamod:Strike","hexamod:Strike","hexamod:Defend","hexamod:Defend","hexamod:Defend","hexamod:Defend","hexamod:Sear+1","hexamod:Float","hexamod:FirstSeal","hexamod:HeatMetal","hexamod:AdvancingGuard","hexamod:ExtraCrispy","hexamod:GhostflameBarrier","hexamod:ThermalTransfer","hexamod:SearingWound+1","hexamod:AdvancingGuard","hexamod:AdvancingGuard","hexamod:SearingWound+1"],"relics":["hubris:Stopwatch","hubris:Icosahedron","hexamod:CandleOfCauterizing","hubris:ToyBattleship","champ:DuelingGlove","Strawberry","downfall:HeartBlessingRed","downfall:HeartBlessingGreen","Runic Pyramid","Bottled Lightning","Blood Vial","aspiration:ChemicalBlood"],"acts_visited":["Exordium","TheCity"],"potions_floor_usage":[8,8,10,12,16,25,25,25,28,28,28,28,28],"damage_taken":[{"damage":3.0,"enemies":"Jaw Worm","floor":2.0,"turns":4.0},{"damage":0.0,"enemies":"2 Louse","floor":3.0,"turns":3.0},{"damage":1.0,"enemies":"Cultist","floor":6.0,"turns":4.0},{"damage":10,"enemies":"Gremlin Nob","floor":8,"turns":5},{"damage":2,"enemies":"Large Slime","floor":9,"turns":5},{"damage":20,"enemies":"Lagavulin","floor":10,"turns":6},{"damage":6,"enemies":"Red Slaver","floor":11,"turns":3},{"damage":22,"enemies":"3 Sentries","floor":12,"turns":8},{"damage":1,"enemies":"Lots of Slimes","floor":14,"turns":5},{"damage":0,"enemies":"Gremlin Gang","floor":15,"turns":4},{"damage":28,"enemies":"SI_SHIV_ARCHETYPE","floor":16,"turns":8},{"damage":3,"enemies":"Shell Parasite","floor":19,"turns":6},{"damage":12,"enemies":"Shelled Parasite and Fungi","floor":20,"turns":4},{"damage":12,"enemies":"Sentry and Sphere","floor":21,"turns":6},{"damage":9,"enemies":"Snake Plant","floor":22,"turns":3},{"damage":0,"enemies":"downfall:FleeingMerchant","floor":23,"turns":4},{"damage":11,"enemies":"Slavers","floor":25,"turns":5},{"damage":66,"enemies":"Gremlin Leader","floor":28,"turns":4}],"seed_played":"-3165541323144400125","potions_obtained":[{"floor":3.0,"key":"Dexterity Potion"},{"floor":6.0,"key":"Dexterity Potion"},{"floor":8,"key":"Regen Potion"},{"floor":9,"key":"AttackPotion"},{"floor":14,"key":"DuplicationPotion"},{"floor":16,"key":"LiquidMemories"},{"floor":22,"key":"SpeedPotion"},{"floor":25,"key":"BlessingOfTheForge"}],"is_trial":false,"path_per_floor":["R","M","M","?","?","M","T","E","M","E","M","E","R","M","M","B",null,"R","M","M","M","M","$","T","E","R","?","E"],"character_chosen":"THE_SPIRIT","items_purchased":["Bottled Lightning","Strength Potion"],"campfire_rested":0,"item_purchase_floors":[23,23],"current_hp_per_floor":[63,60,60,60,67,70,70,67,70,57,58,65,65,71,77,56,72,72,76,71,66,57,64,64,62,62,62,0,0,0],"gold":68,"neow_bonus":"BOSS_RELIC","is_daily":false,"chose_seed":false,"campfire_upgraded":3,"win_rate":0.0,"timestamp":1612221358,"path_taken":["R","M","M","?","?","?","T","E","M","E","M","E","R","M","M","BOSS","R","M","M","M","M","$","T","E","R","?","E"],"items_purchased_type":["Relic","Potion"],"build_version":"2020-12-22","purchased_purges":0,"victory":false,"max_hp_per_floor":[70,70,70,70,70,70,70,70,70,70,70,77,77,77,77,77,77,77,77,77,77,77,77,77,77,77,77,77,77,77],"card_choices":[{"not_picked":["hexamod:GhostLash","hexamod:HeatCrush","hexamod:HauntingEcho"],"picked":"SKIP","floor":2.0},{"not_picked":["hexamod:GhostOfSpireFuture","hexamod:SuperheatedStrike"],"picked":"hexamod:FirstSeal","floor":3.0},{"not_picked":["hexamod:GhostLash","hexamod:NightmareStrike"],"picked":"hexamod:HeatMetal","floor":6.0},{"not_picked":["hexamod:PhantomCloak","hexamod:RecurringNightmare"],"picked":"hexamod:AdvancingGuard","floor":8},{"not_picked":["hexamod:SwordOfDarkness","hexamod:SpectralSpark"],"picked":"hexamod:ExtraCrispy","floor":9},{"not_picked":["hexamod:SoulSteal","hexamod:SwordOfDarkness"],"picked":"hexamod:GhostflameBarrier","floor":10},{"not_picked":["hexamod:GhostShield","hexamod:Hexaguard"],"picked":"hexamod:ThermalTransfer","floor":11},{"not_picked":["hexamod:HauntingEcho","hexamod:ShieldOfDarkness"],"picked":"hexamod:SearingWound","floor":12},{"not_picked":["hexamod:SuperheatedStrike","hexamod:ShieldOfDarkness"],"picked":"hexamod:AdvancingGuard","floor":14},{"not_picked":["hexamod:SwordOfDarkness","hexamod:SuperheatedStrike"],"picked":"hexamod:AdvancingGuard","floor":15},{"not_picked":["hexamod:UnleashSpirits","hexamod:GhostOfSpirePresent"],"picked":"hexamod:SearingWound","floor":16},{"not_picked":["hexamod:NightmareGuise+1","hexamod:SuperheatedStrike+1","hexamod:GhostShield"],"picked":"SKIP","floor":19},{"not_picked":["hexamod:RetreatToShadows","hexamod:BacktrackSmack","hexamod:Hexaguard"],"picked":"SKIP","floor":20},{"not_picked":["hexamod:SearingWound","hexamod:CatchUp","hexamod:SpectralAdrenaline"],"picked":"SKIP","floor":21},{"not_picked":["hexamod:Incineration","hexamod:AdvancingGuard","hexamod:NecessarySacrifice"],"picked":"SKIP","floor":22},{"not_picked":["hexamod:AdvancingGuard+1","hexamod:ShieldOfDarkness","hexamod:CatchUp"],"picked":"SKIP","floor":23},{"not_picked":["hexamod:CatchUp+1","hexamod:HauntingEcho","hexamod:HeatCrush+1"],"picked":"SKIP","floor":25}],"player_experience":2761948,"relics_obtained":[{"floor":7.0,"key":"hexamod:CandleOfCauterizing"},{"floor":8,"key":"hubris:ToyBattleship"},{"floor":10,"key":"champ:DuelingGlove"},{"floor":12,"key":"Strawberry"},{"floor":24,"key":"Blood Vial"},{"floor":25,"key":"aspiration:ChemicalBlood"}],"event_choices":[],"is_beta":false,"boss_relics":[{"not_picked":["Coffee Dripper","aspiration:RitualDagger"],"picked":"Runic Pyramid"}],"items_purged_floors":[],"is_endless":false,"potions_floor_spawned":[3,6,8,9,14,16,22,25],"killed_by":"Gremlin Leader","ascension_level":8}}