{"host":"4rvakrj1idbgia3f","time":1612179760,"event":{"mods":["BaseMod","Colored Map","Colored Powertips","DeckTracker","Highlight Path","Minty Spire (QoL Compilation)","Random Character Button","StSLib"],"gold_per_floor":[110,125,22,22,35,35,35,64,64,93,93,107,141,141,141,237,237,261,261,20,41,41,41],"floor_reached":22,"language":"JPN","playtime":1088,"items_purged":[],"score":504,"play_id":"e8d0e0e0-9421-4121-b952-b99372d32dc6","local_time":"20210201204240","is_ascension_mode":true,"campfire_choices":[{"data":"BowlingBash","floor":6,"key":"SMITH"},{"data":"Blasphemy","floor":11,"key":"SMITH"},{"data":"Adaptation","floor":15,"key":"SMITH"}],"circlet_count":0,"master_deck":["AscendersBane","Strike_P","Defend_P","Defend_P","Defend_P","Eruption+1","Vigilance","BowlingBash+1","Halt","Flash of Steel","Consecrate","ThirdEye","Blasphemy+1","Adaptation+1","Omniscience","WreathOfFlame+1","Wallop+1","CrushJoints+1","ThirdEye","Apotheosis","BattleHymn","CutThroughFate"],"relics":["PureWater","Dead Branch","Peace Pipe","Gremlin Horn","Strawberry","Golden Idol","Astrolabe"],"acts_visited":["Exordium","TheCity"],"potions_floor_usage":[8,8,16],"damage_taken":[{"damage":4,"enemies":"Small Slimes","floor":1,"turns":3},{"damage":1,"enemies":"2 Louse","floor":2,"turns":4},{"damage":0,"enemies":"Jaw Worm","floor":5,"turns":1},{"damage":0,"enemies":"3 Sentries","floor":8,"turns":3},{"damage":19,"enemies":"Lagavulin","floor":10,"turns":7},{"damage":0,"enemies":"Looter","floor":12,"turns":2},{"damage":0,"enemies":"Gremlin Nob","floor":13,"turns":2},{"damage":17,"enemies":"Hexaghost","floor":16,"turns":7},{"damage":0,"enemies":"Chosen","floor":18,"turns":2},{"damage":14,"enemies":"2 Thieves","floor":21,"turns":2},{"damage":54,"enemies":"Snake Plant","floor":22,"turns":3}],"seed_played":"-9032674912695785931","potions_obtained":[{"floor":2,"key":"ColorlessPotion"},{"floor":5,"key":"Strength Potion"},{"floor":13,"key":"AttackPotion"},{"floor":18,"key":"SmokeBomb"}],"is_trial":false,"path_per_floor":["M","M","$","?","M","R","?","E","T","E","R","M","E","?","R","B",null,"M","?","$","M","M"],"character_chosen":"WATCHER","items_purchased":["Flash of Steel","Apotheosis","BattleHymn"],"campfire_rested":0,"item_purchase_floors":[3,20,20],"current_hp_per_floor":[57,56,56,56,56,56,49,49,49,30,30,30,37,37,37,20,56,56,56,56,42,0,0],"gold":41,"neow_bonus":"UPGRADE_CARD","is_daily":false,"chose_seed":false,"campfire_upgraded":3,"win_rate":0.0,"timestamp":1612179760,"path_taken":["M","M","$","?","M","R","?","E","T","E","R","M","E","?","R","BOSS","M","?","$","M","M"],"items_purchased_type":["Card","Card","Card"],"build_version":"2020-12-22","purchased_purges":0,"victory":false,"max_hp_per_floor":[68,68,68,68,68,68,68,68,68,68,68,68,75,68,68,68,68,68,68,68,68,68,68],"card_choices":[{"not_picked":["CrushJoints","ReachHeaven"],"picked":"BowlingBash","floor":1},{"not_picked":["Nirvana","Sanctity"],"picked":"Halt","floor":2},{"not_picked":["Swivel","WaveOfTheHand"],"picked":"Consecrate","floor":5},{"not_picked":["Protect","ForeignInfluence"],"picked":"ThirdEye","floor":8},{"not_picked":["Evaluate","Wallop"],"picked":"Blasphemy","floor":10},{"not_picked":["Consecrate","BowlingBash","Perseverance"],"picked":"SKIP","floor":12},{"not_picked":["Wireheading","Halt"],"picked":"Adaptation","floor":13},{"not_picked":["Ragnarok","Scrawl"],"picked":"Omniscience","floor":16},{"not_picked":["Consecrate+1","SandsOfTime"],"picked":"ThirdEye","floor":18},{"not_picked":["Prostrate","FollowUp"],"picked":"CutThroughFate","floor":21}],"player_experience":2181494,"relics_obtained":[{"floor":8,"key":"Dead Branch"},{"floor":9,"key":"Peace Pipe"},{"floor":10,"key":"Gremlin Horn"},{"floor":13,"key":"Strawberry"}],"event_choices":[{"damage_healed":0,"gold_gain":0,"player_choice":"Ignored","damage_taken":0,"max_hp_gain":0,"max_hp_loss":0,"event_name":"Liars Game","floor":4,"gold_loss":0},{"cards_removed":["Defend_P"],"damage_healed":0,"gold_gain":0,"player_choice":"Card Removal","damage_taken":7,"max_hp_gain":0,"max_hp_loss":0,"event_name":"Golden Wing","floor":7,"gold_loss":0},{"damage_healed":0,"gold_gain":0,"player_choice":"Lose Max HP","damage_taken":0,"relics_obtained":["Golden Idol"],"max_hp_gain":0,"max_hp_loss":7,"event_name":"Golden Idol","floor":14,"gold_loss":0},{"damage_healed":0,"gold_gain":0,"player_choice":"Ignored","damage_taken":0,"max_hp_gain":0,"max_hp_loss":0,"event_name":"Vampires","floor":19,"gold_loss":0}],"is_beta":false,"boss_relics":[{"not_picked":["Velvet Choker","Black Star"],"picked":"Astrolabe"}],"items_purged_floors":[],"is_endless":false,"potions_floor_spawned":[2,5,13,18],"killed_by":"Snake Plant","ascension_level":20}}