{"host":"o6rpelx2jpc8yies","time":1612140223,"event":{"mods":["BaseMod","Downfall","Minty Spire (QoL Compilation)","StSLib"],"gold_per_floor":[99,111,127,112,126,26,26,26,26,26],"floor_reached":8,"language":"ENG","playtime":363,"items_purged":[],"score":92,"play_id":"f9cf2c0d-6835-4db8-943f-749429b03e3e","local_time":"20210131174343","is_ascension_mode":true,"campfire_choices":[{"floor":1.0,"key":"RECALL"},{"data":"bronze:Frontload","floor":6.0,"key":"SMITH"}],"circlet_count":0,"master_deck":["AscendersBane","bronze:Strike","bronze:Strike","bronze:Strike","bronze:Strike","bronze:Defend","bronze:Defend","bronze:Defend","bronze:Defend","bronze:Replicate","bronze:Goto","bronze:Frontload+1","bronze:Fortify","bronze:Assembly","bronze:Terminator"],"relics":["bronze:BronzeCore","bronze:BronzeIdol","downfall:HeartBlessingRed","Torii"],"acts_visited":["Exordium"],"potions_floor_usage":[8],"damage_taken":[{"damage":2.0,"enemies":"Cultist","floor":2.0,"turns":4.0},{"damage":0.0,"enemies":"Jaw Worm","floor":3.0,"turns":6.0},{"damage":0.0,"enemies":"downfall:FleeingMerchant","floor":4.0,"turns":4.0},{"damage":3.0,"enemies":"2 Louse","floor":5.0,"turns":4.0},{"damage":59,"enemies":"Gremlin Nob","floor":8,"turns":6}],"seed_played":"1507981296484669690","potions_obtained":[{"floor":5.0,"key":"ColorlessPotion"}],"is_trial":false,"path_per_floor":["R","M","M","$","M","R","T","E"],"character_chosen":"THE_AUTOMATON","items_purchased":[],"campfire_rested":0,"item_purchase_floors":[],"current_hp_per_floor":[57,55,55,55,52,52,52,0,0,0],"gold":26,"neow_bonus":"RANDOM_COMMON_RELIC","is_daily":false,"chose_seed":false,"campfire_upgraded":1,"win_rate":0.0,"timestamp":1612140223,"path_taken":["R","M","M","?","M","R","T","E"],"items_purchased_type":[],"build_version":"2020-12-22","purchased_purges":0,"victory":false,"max_hp_per_floor":[63,63,63,63,63,63,63,63,63,63],"card_choices":[{"not_picked":["bronze:DelayedSlice","bronze:Turbo"],"picked":"bronze:Frontload","floor":2.0},{"not_picked":["bronze:BuggyMess","bronze:Deprecate"],"picked":"bronze:Fortify","floor":3.0},{"not_picked":["bronze:Fortify","bronze:BuggyMess"],"picked":"bronze:Assembly","floor":4.0},{"not_picked":["bronze:DelayedGuard","bronze:Frontload"],"picked":"bronze:Terminator","floor":5.0}],"player_experience":1905228,"relics_obtained":[{"floor":7.0,"key":"Torii"}],"event_choices":[],"is_beta":false,"boss_relics":[],"items_purged_floors":[],"is_endless":false,"potions_floor_spawned":[5],"killed_by":"Gremlin Nob","ascension_level":20}}