{"host":"zw3x6hwkln2702ol","time":1612153992,"event":{"mods":["AchievementEnabler","BaseMod","Card Forge","Colored Map","Default Mod","Minty Spire (QoL Compilation)","StSLib","TestMod"],"gold_per_floor":[139,139,64,122,47,174,369,520,546,546,705,705,863,947,959,1311,1323,1463,1475,778,880,216,415,570,570,596,596,771,953,953,689,689,1220,1220,1356,1406,1748,936,1255,1255,1451,1731,1754,1995,2018,2018,2137,1640,1640,2170,2170,2170,1967,2313,3113],"floor_reached":56,"language":"ZHS","playtime":1747,"items_purged":["Strike_P","Defend_P"],"score":3143,"play_id":"4731a791-43cf-42e5-81bd-619803474e63","local_time":"20210201123312","is_ascension_mode":true,"campfire_choices":[{"floor":12,"key":"RECALL"},{"data":"1","floor":15,"key":"LIFT"},{"data":"2","floor":25,"key":"LIFT"},{"data":"3","floor":30,"key":"LIFT"}],"circlet_count":0,"master_deck":["AscendersBane","Strike_P+1","Defend_P+1","Defend_P+1","Defend_P+1","Eruption+1","Vigilance+1","SandsOfTime+1","ForeignInfluence+1","LessonLearned+1","Blasphemy+1","CurseOfTheBell","DevaForm+1","ForeignInfluence+1","testmod-AssimilatedRune+1","Scrawl+1","Fasting2+1"],"relics":["PureWater","Hammer of Thor","Seething Fire","Anvil of the Gods","zzy:PlaceholderRelic","testmod-TestBox","Turnip","testmod-RainbowHikingShoes","Coffee Dripper","Ice Cream","Akabeko","Girya","Fusion Hammer","Lantern","Kunai","Happy Flower","Golden Idol","Bloody Idol","Brimstone","Cables","Letter Opener","Lizard Tail","Pantograph","Paper Frog","Pen Nib","Potion Belt","Bronze Scales","Bag of Preparation","Art of War","StoneCalendar","MawBank","Calling Bell","Smiling Mask","Yang","Pocketwatch","testmod-Maize","testmod-LifeArmor","testmod-Register","testmod-Alchemist","testmod-IndustrialRevolution","ClockworkSouvenir","Whetstone","testmod-OneHitWonder","Shuriken","Gremlin Horn","testmod-TimeTraveler","Damaru","Question Card","OrangePellets","Potion Belt","Boot","testmod-EqualTreatment","Oddly Smooth Stone","Ancient Tea Set","Centennial Puzzle","HandDrill","Orichalcum","Lantern"],"acts_visited":["Exordium","TheCity","TheBeyond","TheEnding"],"potions_floor_usage":[21,55,55,55,55,55],"damage_taken":[{"damage":0,"enemies":"2 Louse","floor":1,"turns":2},{"damage":0,"enemies":"Small Slimes","floor":4,"turns":2},{"damage":0,"enemies":"Gremlin Nob","floor":6,"turns":2},{"damage":0,"enemies":"3 Sentries","floor":7,"turns":2},{"damage":0,"enemies":"Lagavulin","floor":8,"turns":2},{"damage":0,"enemies":"3 Sentries","floor":11,"turns":2},{"damage":0,"enemies":"Lagavulin","floor":13,"turns":1},{"damage":0,"enemies":"Cultist","floor":14,"turns":2},{"damage":0,"enemies":"The Guardian","floor":16,"turns":1},{"damage":0,"enemies":"2 Thieves","floor":18,"turns":1},{"damage":0,"enemies":"3 Byrds","floor":21,"turns":2},{"damage":0,"enemies":"Slavers","floor":23,"turns":2},{"damage":0,"enemies":"Centurion and Healer","floor":24,"turns":1},{"damage":0,"enemies":"3 Cultists","floor":28,"turns":2},{"damage":0,"enemies":"Gremlin Leader","floor":29,"turns":1},{"damage":0,"enemies":"Champ","floor":33,"turns":2},{"damage":0,"enemies":"3 Shapes","floor":35,"turns":1},{"damage":0,"enemies":"3 Darklings","floor":37,"turns":1},{"damage":0,"enemies":"Maw","floor":39,"turns":3},{"damage":0,"enemies":"Writhing Mass","floor":41,"turns":1},{"damage":0,"enemies":"Reptomancer","floor":42,"turns":1},{"damage":0,"enemies":"Nemesis","floor":44,"turns":1},{"damage":0,"enemies":"Sphere and 2 Shapes","floor":47,"turns":1},{"damage":0,"enemies":"Donu and Deca","floor":50,"turns":1},{"damage":0,"enemies":"Shield and Spear","floor":54,"turns":1},{"damage":1,"enemies":"The Heart","floor":55,"turns":4}],"seed_played":"-7922506549075336218","potions_obtained":[{"floor":6,"key":"LiquidBronze"},{"floor":7,"key":"Dexterity Potion"},{"floor":8,"key":"BottledMiracle"},{"floor":14,"key":"SteroidPotion"},{"floor":24,"key":"EssenceOfSteel"},{"floor":28,"key":"LiquidMemories"},{"floor":37,"key":"testmod-TimePotion"},{"floor":42,"key":"Swift Potion"},{"floor":47,"key":"FearPotion"},{"floor":54,"key":"DuplicationPotion"}],"is_trial":false,"path_per_floor":["M","?","$","M","?","E","?","E","T","?","E","R","E","M","R","B",null,"M","?","$","M","$","E","M","R","T","?","M","E","R","$","R","B",null,"M","?","M","$","M","R","M","E","T","E","T","?","M","$","R","B",null,"R","$","E","B",null],"character_chosen":"WATCHER","items_purchased":["testmod-Maize","testmod-LifeArmor","testmod-Register","testmod-Alchemist","testmod-IndustrialRevolution","ClockworkSouvenir","Gremlin Horn","Damaru","Question Card","OrangePellets","testmod-AssimilatedRune","Ancient Tea Set","Centennial Puzzle","HandDrill","Fasting2","Orichalcum"],"campfire_rested":0,"item_purchase_floors":[20,20,20,22,22,22,31,38,38,38,38,48,48,48,53,53],"current_hp_per_floor":[61,49,49,49,49,59,69,69,69,66,70,70,70,70,70,70,70,70,70,70,70,70,70,70,70,70,70,70,70,70,70,70,70,70,70,70,70,70,70,70,70,70,70,70,70,70,70,70,70,70,70,70,70,70,71],"gold":3113,"neow_bonus":"ONE_RARE_RELIC","is_daily":false,"chose_seed":false,"campfire_upgraded":0,"win_rate":0.0,"timestamp":1612153992,"path_taken":["M","?","$","M","?","E","?","E","T","?","E","R","E","M","R","BOSS","M","?","?","M","$","E","M","R","T","?","?","E","R","$","R","BOSS","M","?","?","$","M","R","M","E","T","E","?","?","M","$","R","BOSS","R","$","E","BOSS"],"items_purchased_type":["Relic","Relic","Relic","Relic","Relic","Relic","Relic","Relic","Relic","Relic","Card","Relic","Relic","Relic","Card","Relic"],"build_version":"2020-12-22","purchased_purges":2,"victory":true,"max_hp_per_floor":[68,69,69,69,69,69,69,69,69,70,70,70,70,70,70,70,70,70,70,70,70,70,70,70,70,70,70,70,70,70,70,70,70,70,70,70,70,70,70,70,70,70,70,70,70,70,70,70,70,70,70,70,70,70,71],"card_choices":[{"not_picked":["ThirdEye","WreathOfFlame","CarveReality"],"picked":"SKIP","floor":1},{"not_picked":["WheelKick","ForeignInfluence","JustLucky"],"picked":"SKIP","floor":4},{"not_picked":["SashWhip","Crescendo"],"picked":"SandsOfTime","floor":6},{"not_picked":["FlurryOfBlows","BowlingBash"],"picked":"ForeignInfluence","floor":7},{"not_picked":["Sanctity","FollowUp"],"picked":"LessonLearned","floor":8},{"not_picked":["EmptyBody","Protect","Indignation"],"picked":"SKIP","floor":11},{"not_picked":["Evaluate","CrushJoints","CutThroughFate"],"picked":"SKIP","floor":13},{"not_picked":["SandsOfTime","FlyingSleeves","FollowUp"],"picked":"SKIP","floor":14},{"not_picked":["Establishment","ConjureBlade"],"picked":"Blasphemy","floor":16},{"not_picked":["ClearTheMind","PathToVictory","ForeignInfluence"],"picked":"SKIP","floor":18},{"not_picked":["SandsOfTime+1","WindmillStrike","Protect"],"picked":"SKIP","floor":21},{"not_picked":["Conclude","BowlingBash","SashWhip"],"picked":"SKIP","floor":23},{"not_picked":["Halt","FlyingSleeves","Crescendo"],"picked":"SKIP","floor":24},{"not_picked":["Adaptation","FollowUp","SandsOfTime"],"picked":"SKIP","floor":28},{"not_picked":["SashWhip","MentalFortress","Wish"],"picked":"SKIP","floor":29},{"not_picked":["ConjureBlade","Establishment"],"picked":"DevaForm","floor":33},{"not_picked":["CrushJoints","JustLucky"],"picked":"ForeignInfluence+1","floor":35},{"not_picked":["CutThroughFate+1","Worship","EmptyBody"],"picked":"SKIP","floor":37},{"not_picked":["EmptyMind","CarveReality+1","EmptyBody","Omniscience"],"picked":"SKIP","floor":39},{"not_picked":["Protect+1","BowlingBash+1","BattleHymn","FlurryOfBlows"],"picked":"SKIP","floor":41},{"not_picked":["Consecrate+1","Prostrate","Halt"],"picked":"Scrawl","floor":42},{"not_picked":["FollowUp","JustLucky","Evaluate","Adaptation"],"picked":"SKIP","floor":44},{"not_picked":["WreathOfFlame","WheelKick","EmptyFist+1","Evaluate"],"picked":"SKIP","floor":47},{"not_picked":["FlurryOfBlows","ThirdEye","ClearTheMind","Evaluate"],"picked":"SKIP","floor":54}],"player_experience":381766,"relics_obtained":[{"floor":6,"key":"Bronze Scales"},{"floor":7,"key":"Bag of Preparation"},{"floor":8,"key":"Art of War"},{"floor":11,"key":"StoneCalendar"},{"floor":13,"key":"MawBank"},{"floor":17,"key":"Smiling Mask"},{"floor":17,"key":"Yang"},{"floor":17,"key":"Pocketwatch"},{"floor":23,"key":"Whetstone"},{"floor":26,"key":"testmod-OneHitWonder"},{"floor":29,"key":"Shuriken"},{"floor":42,"key":"Potion Belt"},{"floor":43,"key":"Boot"},{"floor":44,"key":"testmod-EqualTreatment"},{"floor":45,"key":"Oddly Smooth Stone"},{"floor":54,"key":"Lantern"}],"event_choices":[{"damage_healed":0,"gold_gain":0,"player_choice":"Entered Light","damage_taken":20,"max_hp_gain":0,"max_hp_loss":0,"event_name":"Shining Light","floor":2,"gold_loss":0,"cards_upgraded":["Strike_P","Defend_P"]},{"cards_removed":["Strike_P"],"damage_healed":0,"gold_gain":0,"player_choice":"Card Removal","damage_taken":0,"max_hp_gain":0,"max_hp_loss":0,"event_name":"The Cleric","floor":5,"gold_loss":75},{"damage_healed":0,"gold_gain":0,"player_choice":"Searched \u00272\u0027 times","damage_taken":0,"max_hp_gain":0,"max_hp_loss":0,"event_name":"Dead Adventurer","floor":7,"gold_loss":0},{"damage_healed":0,"gold_gain":0,"player_choice":"Bought 0 Potions","damage_taken":0,"max_hp_gain":0,"max_hp_loss":0,"event_name":"The Woman in Blue","floor":10,"gold_loss":0},{"damage_healed":0,"gold_gain":0,"player_choice":"Ignored","damage_taken":0,"max_hp_gain":0,"max_hp_loss":0,"event_name":"N\u0027loth","floor":19,"gold_loss":0},{"damage_healed":0,"gold_gain":0,"player_choice":"Upgraded","damage_taken":0,"max_hp_gain":0,"max_hp_loss":0,"event_name":"Upgrade Shrine","floor":27,"gold_loss":0,"cards_upgraded":["Blasphemy"]},{"damage_healed":0,"gold_gain":50,"player_choice":"Pray","damage_taken":0,"max_hp_gain":0,"max_hp_loss":0,"event_name":"Golden Shrine","floor":36,"gold_loss":0},{"cards_removed":["Strike_P"],"damage_healed":0,"gold_gain":0,"player_choice":"Removed Attack","damage_taken":0,"max_hp_gain":0,"max_hp_loss":0,"event_name":"Falling","floor":46,"gold_loss":0}],"is_beta":false,"boss_relics":[{"not_picked":["Pandora\u0027s Box","testmod-Nine"],"picked":"Calling Bell"},{"not_picked":["testmod-Fanaticism","Astrolabe"],"picked":"testmod-TimeTraveler"}],"items_purged_floors":[3,20],"is_endless":false,"potions_floor_spawned":[6,7,8,14,18,24,28,37,42,47,54],"ascension_level":19}}