{"host":"e52c7hvho6xny3hd","time":1612183647,"event":{"mods":["AchievementEnabler","BaseMod","Colored Map","DeckTracker","Minty Spire (QoL Compilation)","Permanent Neow","StSLib"],"gold_per_floor":[115,125,138,138,158,158,258,258,258,137,154,154,165,175,175,175,175],"floor_reached":16,"language":"KOR","playtime":645,"items_purged":["Decay"],"score":146,"play_id":"a4864dec-6967-4d54-8983-d6b63b73d5ff","local_time":"20210201214727","is_ascension_mode":true,"campfire_choices":[{"data":"Deadly Poison","floor":6,"key":"SMITH"},{"data":"Neutralize","floor":8,"key":"SMITH"},{"data":"Bouncing Flask","floor":12,"key":"SMITH"},{"data":"Dodge and Roll","floor":15,"key":"SMITH"}],"circlet_count":0,"master_deck":["AscendersBane","Strike_G","Strike_G","Strike_G","Defend_G","Defend_G","Defend_G+1","Defend_G+1","Defend_G","Survivor","Neutralize+1","Dash","Backflip","Bouncing Flask+1","Deadly Poison+1","Poisoned Stab","Dodge and Roll+1","Dodge and Roll","Deadly Poison"],"relics":["Ring of the Snake","Regal Pillow","War Paint"],"acts_visited":["Exordium"],"potions_floor_usage":[16],"damage_taken":[{"damage":0,"enemies":"Cultist","floor":1,"turns":5},{"damage":0,"enemies":"2 Louse","floor":2,"turns":4},{"damage":1,"enemies":"Small Slimes","floor":3,"turns":4},{"damage":4,"enemies":"Exordium Thugs","floor":5,"turns":4},{"damage":1,"enemies":"3 Louse","floor":11,"turns":3},{"damage":16,"enemies":"Lots of Slimes","floor":13,"turns":6},{"damage":0,"enemies":"2 Fungi Beasts","floor":14,"turns":4},{"damage":29,"enemies":"Slime Boss","floor":16,"turns":9}],"seed_played":"6851262945148095608","potions_obtained":[{"floor":1,"key":"Weak Potion"},{"floor":5,"key":"BlessingOfTheForge"},{"floor":13,"key":"SpeedPotion"}],"is_trial":false,"path_per_floor":["M","M","M","T","M","R","?","R","T","$","M","R","M","M","R","B"],"character_chosen":"THE_SILENT","items_purchased":["Dodge and Roll"],"campfire_rested":0,"item_purchase_floors":[10],"current_hp_per_floor":[63,63,62,62,58,58,58,58,58,58,57,57,41,41,41,12,12],"gold":175,"neow_bonus":"TRANSFORM_TWO_CARDS","is_daily":false,"chose_seed":false,"campfire_upgraded":4,"win_rate":0.0,"timestamp":1612183647,"path_taken":["M","M","M","?","M","R","?","R","T","$","?","R","M","M","R","BOSS"],"items_purchased_type":["Card"],"build_version":"2020-12-22","purchased_purges":1,"victory":false,"max_hp_per_floor":[70,70,70,70,70,70,70,70,70,70,70,70,70,70,70,70,70],"card_choices":[{"not_picked":["Concentrate","Deflect"],"picked":"Bouncing Flask","floor":1},{"not_picked":["Prepared","Terror","Dagger Throw"],"picked":"SKIP","floor":2},{"not_picked":["Predator","Deflect"],"picked":"Deadly Poison","floor":3},{"not_picked":["Underhanded Strike","Accuracy"],"picked":"Poisoned Stab","floor":5},{"not_picked":["Outmaneuver","Dagger Throw"],"picked":"Dodge and Roll","floor":11},{"not_picked":["Prepared","Cloak And Dagger","PiercingWail"],"picked":"SKIP","floor":13},{"not_picked":["Dodge and Roll","Endless Agony"],"picked":"Deadly Poison","floor":14}],"player_experience":705714,"relics_obtained":[{"floor":4,"key":"Regal Pillow"},{"floor":9,"key":"War Paint"}],"event_choices":[{"damage_healed":0,"gold_gain":100,"player_choice":"Pray","damage_taken":0,"max_hp_gain":0,"max_hp_loss":0,"event_name":"Golden Shrine","floor":7,"gold_loss":0}],"is_beta":false,"boss_relics":[],"items_purged_floors":[10],"is_endless":false,"potions_floor_spawned":[1,5,13],"killed_by":"Slime Boss","ascension_level":11}}