{"host":"spoxbmo2txwgdxt2","time":1612216259,"event":{"mods":["AchievementEnabler","Act Like it!","BaseMod","Colored Powertips","Gensokyo","Hallownest","Lobotomy","LobotomyExtend","Minty Spire (QoL Compilation)","Quick Restart","Remilia£®¿Ÿ√◊¿Ú—«£©","Shop Mod","StSLib"],"gold_per_floor":[117,117,117,140,164,164,183,223,246,260,260,285,285,306,306,306,306],"floor_reached":16,"language":"ZHS","playtime":2122,"items_purged":[],"score":104,"play_id":"b2cf0a9a-47ad-4830-b5f8-198cd9deb227","local_time":"20210202055059","is_ascension_mode":false,"campfire_choices":[{"data":"TwelveNightmare","floor":6,"key":"SMITH"},{"data":"FitfulNightmare","floor":11,"key":"SMITH"},{"data":"VampireClaw","floor":15,"key":"SMITH"}],"circlet_count":0,"master_deck":["Strike_RM","Strike_RM","Strike_RM+1","Strike_RM+1","Defend_RM","Defend_RM","Defend_RM","Defend_RM","RedMoon","ScarletShoot","SpiderBud","TwelveNightmare+1","RedRainbow","OldLady","SilentOrchestra","AfternoonTea","BigBadWolf","ScarletNetherworld","QueenOfHatred","FitfulNightmare+1","Bloodbath","VampireKiss","VampireClaw+1","Mercenary","BigBird"],"relics":["ScarletHat","CogitoBucket","LetterFromLob","Golden Idol","Whetstone"],"acts_visited":["Exordium"],"potions_floor_usage":[8],"damage_taken":[{"damage":0.0,"enemies":"2 Louse","floor":1.0,"turns":3.0},{"damage":4,"enemies":"Jaw Worm","floor":4,"turns":4},{"damage":5,"enemies":"Cultist","floor":5,"turns":6},{"damage":2,"enemies":"Large Slime","floor":7,"turns":10},{"damage":11,"enemies":"Gremlin Nob","floor":8,"turns":5},{"damage":21,"enemies":"Blue Slaver","floor":10,"turns":6},{"damage":0,"enemies":"Looter","floor":12,"turns":2},{"damage":0,"enemies":"Lots of Slimes","floor":14,"turns":10},{"damage":40,"enemies":"The Guardian","floor":16,"turns":12}],"seed_played":"-2633575634617144171","potions_obtained":[{"floor":5,"key":"PowerPotion"},{"floor":7,"key":"SteroidPotion"},{"floor":12,"key":"Block Potion"}],"is_trial":false,"path_per_floor":["M","?","?","M","M","R","M","E","T","M","R","M","E","M","R","B"],"character_chosen":"REMILIA","items_purchased":[],"campfire_rested":0,"item_purchase_floors":[],"current_hp_per_floor":[75,75,57,53,50,50,50,50,50,37,37,39,39,48,48,30,30],"gold":306,"neow_bonus":"","is_daily":false,"chose_seed":false,"campfire_upgraded":3,"win_rate":0.0,"timestamp":1612216259,"path_taken":["M","?","?","M","M","R","M","E","T","M","R","M","E","M","R","BOSS"],"items_purchased_type":[],"build_version":"2020-12-22","purchased_purges":0,"victory":false,"max_hp_per_floor":[75,75,75,75,75,75,75,75,75,75,75,75,75,75,75,75,75],"card_choices":[{"not_picked":["UniverseFragment","Murderer"],"picked":"SpiderBud","floor":1.0},{"not_picked":["MastersStateliness","StarOfDavid"],"picked":"TwelveNightmare","floor":1.0},{"not_picked":["BloodHunter","BlasphemousPunishment"],"picked":"RedRainbow","floor":4},{"not_picked":["CherryBlossoms","Porccubus"],"picked":"OldLady","floor":4},{"not_picked":["VoidDream","QueenBee"],"picked":"SilentOrchestra","floor":5},{"not_picked":["MiserableFate","UnderTheZenith"],"picked":"AfternoonTea","floor":5},{"not_picked":["GalaxyChild","UniverseFragment"],"picked":"BigBadWolf","floor":7},{"not_picked":["Stigmanizer","BlasphemousPunishment"],"picked":"ScarletNetherworld","floor":7},{"not_picked":["ShyLook","Bloodbath"],"picked":"QueenOfHatred","floor":8},{"not_picked":["NightLord","RedRainbow"],"picked":"FitfulNightmare","floor":8},{"not_picked":["Woodsman","GalaxyChild"],"picked":"Bloodbath","floor":10},{"not_picked":["RedRainbow","UnderTheZenith"],"picked":"VampireKiss","floor":10},{"not_picked":["Stigmanizer","UnderTheZenith"],"picked":"VampireClaw","floor":12},{"not_picked":["MeatLantern","OSAHOGD"],"picked":"Mercenary","floor":12},{"not_picked":["FairyFestival","UniverseFragment"],"picked":"BigBird","floor":14},{"not_picked":["DiffusionOfMisfortune","NightDance","Septette"],"picked":"SKIP","floor":14}],"player_experience":316134,"relics_obtained":[{"floor":1.0,"key":"LetterFromLob"},{"floor":8,"key":"Whetstone"}],"event_choices":[{"damage_healed":0.0,"max_hp_gain":0.0,"max_hp_loss":0.0,"gold_gain":0.0,"event_name":"Golden Idol","player_choice":"Take Damage","floor":3.0,"gold_loss":0.0,"damage_taken":18.0,"relics_obtained":["Golden Idol"]}],"is_beta":false,"boss_relics":[],"items_purged_floors":[],"is_endless":false,"potions_floor_spawned":[5,7,12],"killed_by":"The Guardian","ascension_level":0}}