{"host":"bxdue9bkfm2khp2x","time":1612176190,"event":{"mods":["ATMod(阿瑾Mod)","Arknights","Aspiration","BaseMod","Better Vampires","Challenge The Spire","Colored Map","Colored Powertips","Conspire","Decade(王小明)","Dota2Spire","Highlight Path","Minty Spire (QoL Compilation)","MostiFishMod","Reliquary","Remilia（蕾米莉亚）","Replay The Spire","RumiaBox-露米娅的神秘盒子","Ryuuou龙王","Spicy Shops","StSLib","Td1madao Mod","The Alterego","The Bug Knight","The Cursed","The Servant 0.9.4","WarShipGirlsR/战舰少女R mod","Wide Potions","noobMod","【功能Mod】混沌之环修复补丁","【遗物卡牌】REMEMod","残留之物","篝火指南"],"gold_per_floor":[113,63,63,63,63,63,120,120,147,157,169,169,169,183,183,285,285,302,217,157,173,240,240,339,339,364,392,404,404,438,452,452,557,557,571,187,187,205,205,205,215,250,250,150,150,168,184,194,69,69],"floor_reached":51,"language":"ZHS","playtime":6037,"items_purged":["PlaceholderMod:BaseStrike","PlaceholderMod:BaseStrike","PlaceholderMod:BaseDefend"],"score":1043,"play_id":"95689781-dc90-4281-b171-07757ab5ca3c","local_time":"20210201184310","is_ascension_mode":true,"campfire_choices":[{"data":"AT_EssenceShift","floor":6,"key":"SMITH"},{"data":"PlaceholderMod:Crystallization","floor":8,"key":"SMITH"},{"data":"PlaceholderMod:BaseDefend","floor":13,"key":"SMITH"},{"data":"PlaceholderMod:HardStrike","floor":15,"key":"SMITH"},{"data":"PlaceholderMod:SelfCoupling","floor":23,"key":"SMITH"},{"data":"PlaceholderMod:ChainPoly","floor":25,"key":"SMITH"},{"data":"PlaceholderMod:BaseDefend","floor":29,"key":"SMITH"},{"data":"PlaceholderMod:Crystallization","floor":32,"key":"SMITH"},{"data":"PlaceholderMod:GrowthForm","floor":40,"key":"SMITH"},{"data":"PlaceholderMod:Crystallization","floor":45,"key":"SMITH"}],"circlet_count":0,"master_deck":["PlaceholderMod:BaseStrike","PlaceholderMod:BaseStrike","PlaceholderMod:BaseStrike","PlaceholderMod:BaseDefend","PlaceholderMod:BaseDefend+1","PlaceholderMod:BaseDefend+1","PlaceholderMod:Crystal+1","AT_EssenceShift+1","PlaceholderMod:ThreeBenzyolStart+1","PlaceholderMod:Assimilation+1","PlaceholderMod:Crystallization+1","PlaceholderMod:HardStrike+1","PlaceholderMod:ChainPoly+1","PlaceholderMod:SelfCoupling+1","PlaceholderMod:Stable","PlaceholderMod:Crystallization+1","PlaceholderMod:GrowthForm+1","PlaceholderMod:Crystallization+1","PlaceholderMod:Crystallization+1"],"relics":["PlaceholderMod:Tancle","DaveBox","REME_ComplimentaryCards","ice","AT_ATBox","xbg","NeowsBlessing","SynthV:TestCard","ReplayTheSpireMod:Shallot","ReplayTheSpireMod:Lightbulb","AT_SeraphEmbrace","Orichalcum","Replay:Rubber Ducky","Oddly Smooth Stone","Dota2Spire:OctarineCore","MealTicket","ReplayTheSpireMod:ShopPack","Dota2Spire:EyeOfSkadi","HollowMod:QueensCombRelic"],"acts_visited":["Exordium","TheCity","TheBeyond"],"potions_floor_usage":[16,27,31,33,33,35,38,42,50],"damage_taken":[{"damage":0,"enemies":"Jaw Worm","floor":1,"turns":1},{"damage":0,"enemies":"Lagavulin Event","floor":7,"turns":2},{"damage":0,"enemies":"Small Slimes","floor":10,"turns":2},{"damage":0,"enemies":"2 Louse","floor":11,"turns":2},{"damage":0,"enemies":"2 Fungi Beasts","floor":14,"turns":6},{"damage":0,"enemies":"Fading Forest","floor":16,"turns":11},{"damage":1,"enemies":"3 Byrds","floor":18,"turns":7},{"damage":0,"enemies":"Chosen","floor":21,"turns":7},{"damage":29,"enemies":"Gremlin Leader","floor":27,"turns":11},{"damage":0,"enemies":"Snake Plant","floor":28,"turns":8},{"damage":0,"enemies":"Book of Stabbing","floor":30,"turns":9},{"damage":0,"enemies":"Chosen and Byrds","floor":31,"turns":6},{"damage":0,"enemies":"Automaton","floor":33,"turns":8},{"damage":0,"enemies":"3 Shapes","floor":35,"turns":5},{"damage":0,"enemies":"Orb Walker","floor":38,"turns":4},{"damage":0,"enemies":"Writhing Mass","floor":41,"turns":6},{"damage":0,"enemies":"Reptomancer","floor":42,"turns":6},{"damage":0,"enemies":"Maw","floor":46,"turns":6},{"damage":0,"enemies":"3 Darklings","floor":47,"turns":6},{"damage":0,"enemies":"Spire Growth","floor":48,"turns":5},{"damage":0,"enemies":"Time Eater","floor":50,"turns":7}],"seed_played":"-3671885987345536072","potions_obtained":[{"floor":1,"key":"Explosive Potion"},{"floor":11,"key":"Energy Potion"},{"floor":16,"key":"FearPotion"},{"floor":18,"key":"AttackPotion"},{"floor":21,"key":"Block Potion"},{"floor":22,"key":"PlaceholderMod:PlaceholderPotion"},{"floor":30,"key":"Strength Potion"},{"floor":33,"key":"Explosive Potion"},{"floor":35,"key":"Energy Potion"},{"floor":41,"key":"Fire Potion"},{"floor":42,"key":"Strength Potion"}],"is_trial":false,"path_per_floor":["M","?","?","?","?","R","?","R","T","M","M","T","R","M","R","B",null,"M","?","?","M","?","R","?","R","T","E","M","R","E","M","R","B",null,"M","$","?","M","?","R","M","E","T","$","R","M","M","M","R_BF","B",null],"character_chosen":"THE_PLACEHOLDER","items_purchased":["PlaceholderMod:Crystallization","ReplayTheSpireMod:ShopPack","Dota2Spire:EyeOfSkadi"],"campfire_rested":0,"item_purchase_floors":[36,36,36],"current_hp_per_floor":[78,78,78,78,62,62,62,62,62,62,67,67,67,72,72,82,88,92,92,92,92,92,92,92,92,92,63,63,63,68,73,73,73,103,108,113,113,118,118,118,123,84,84,84,84,89,89,89,89,94],"gold":69,"neow_bonus":"THREE_ENEMY_KILL","is_daily":false,"chose_seed":false,"campfire_upgraded":10,"win_rate":0.0,"timestamp":1612176190,"path_taken":["M","?","?","?","?","R","?","R","T","M","?","?","R","M","R","BOSS","M","?","?","M","?","R","?","R","T","E","M","R","E","M","R","BOSS","M","$","?","M","?","R","M","E","T","$","R","M","M","?","R_BF","BOSS"],"items_purchased_type":["Card","Relic","Relic"],"build_version":"2020-12-22","purchased_purges":3,"victory":true,"max_hp_per_floor":[78,78,78,78,78,78,78,78,78,78,83,83,83,88,88,88,88,93,93,93,93,93,93,93,93,93,93,93,93,98,103,103,103,103,108,113,113,118,118,118,123,84,84,84,84,89,89,89,89,94],"card_choices":[{"not_picked":["PlaceholderMod:HardStinger","PlaceholderMod:ProliferateStrike"],"picked":"PlaceholderMod:ThreeBenzyolStart","floor":1},{"not_picked":["PlaceholderMod:PoisonBlast","PlaceholderMod:Polyp","PlaceholderMod:HardStinger","PlaceholderMod:SprayAttack"],"picked":"PlaceholderMod:Crystallization","floor":7},{"not_picked":["PlaceholderMod:ConsolidateHit","PlaceholderMod:DirectingGroup","PlaceholderMod:DissolvingSpikes","PlaceholderMod:StressReaction","PlaceholderMod:Internalization"],"picked":"SKIP","floor":10},{"not_picked":["PlaceholderMod:ConsolidateHit","PlaceholderMod:AngryAttack","PlaceholderMod:PoisonBlast","PlaceholderMod:ReactionCatalyze","PlaceholderMod:Break"],"picked":"SKIP","floor":11},{"not_picked":["PlaceholderMod:RadicalHit","PlaceholderMod:HornyBlast","PlaceholderMod:SubstitutionNucleophilic1","PlaceholderMod:Internalization"],"picked":"PlaceholderMod:HardStrike","floor":14},{"not_picked":["PlaceholderMod:ProliferateStrike","PlaceholderMod:Polyp","PlaceholderMod:SeverePoisonStrike+1","PlaceholderMod:TriggerStrike"],"picked":"PlaceholderMod:ChainPoly","floor":18},{"not_picked":["PlaceholderMod:Sweep+1","PlaceholderMod:AngryAttack+1","PlaceholderMod:StrongAcid","PlaceholderMod:SevereHeat"],"picked":"PlaceholderMod:SelfCoupling","floor":21},{"not_picked":["PlaceholderMod:Hyperplasia","PlaceholderMod:SeverePoisonStrike","PlaceholderMod:Stratification","PlaceholderMod:InnerStable","PlaceholderMod:NutritionAbsorb"],"picked":"SKIP","floor":27},{"not_picked":["PlaceholderMod:DissolvingSpikes+1","PlaceholderMod:SprayAttack+1","PlaceholderMod:StrongAcid","PlaceholderMod:DiffusionChemical","PlaceholderMod:Polyp+1"],"picked":"SKIP","floor":28},{"not_picked":["PlaceholderMod:ParasiteChange","PlaceholderMod:NutritionAbsorb","PlaceholderMod:PoisonExcitation","PlaceholderMod:BlastSpray"],"picked":"PlaceholderMod:Stable","floor":30},{"not_picked":["PlaceholderMod:ConsolidateHit","PlaceholderMod:SpinBlade+1","PlaceholderMod:OHStrongAttack+1","PlaceholderMod:PoisonExcitation"],"picked":"PlaceholderMod:Crystallization","floor":31},{"not_picked":["PlaceholderMod:Eat","PlaceholderMod:SelfCoupling","PlaceholderMod:QualitativeChange","PlaceholderMod:Activation"],"picked":"PlaceholderMod:GrowthForm","floor":33},{"not_picked":["PlaceholderMod:Hard+1","PlaceholderMod:ProliferateStrike+1","PlaceholderMod:HardStinger","PlaceholderMod:ConsolidateHit","PlaceholderMod:Turn"],"picked":"SKIP","floor":35},{"not_picked":["PlaceholderMod:ThreeBenzyolStart+1","PlaceholderMod:ParasiteChange","PlaceholderMod:Turn","PlaceholderMod:RadicalHit+1","PlaceholderMod:PoisonExcitation"],"picked":"SKIP","floor":38},{"not_picked":["PlaceholderMod:SprayAttack","PlaceholderMod:PoisonExcitation","PlaceholderMod:CycleAttack","PlaceholderMod:HardStinger+1","PlaceholderMod:HardStrike+1"],"picked":"SKIP","floor":41},{"not_picked":["PlaceholderMod:EvolutionSpray","PlaceholderMod:OHStrongAttack+1","PlaceholderMod:Internalization+1","PlaceholderMod:UnpureUse"],"picked":"PlaceholderMod:Crystallization+1","floor":42},{"not_picked":["PlaceholderMod:AttackAsDefend","PlaceholderMod:CycleAttack","PlaceholderMod:ConsolidateHit","PlaceholderMod:ThreeBenzyolStart+1","PlaceholderMod:PoisonExcitation"],"picked":"SKIP","floor":46},{"not_picked":["PlaceholderMod:SprayAttack+1","PlaceholderMod:Polyp","PlaceholderMod:DissolvingSpikes","PlaceholderMod:ParasiteChange+1","PlaceholderMod:Hyperplasia+1"],"picked":"SKIP","floor":47},{"not_picked":["PlaceholderMod:CorePoison","PlaceholderMod:Polyp+1","PlaceholderMod:StrongAcid+1","PlaceholderMod:PoisonBlast","PlaceholderMod:DirectingGroup"],"picked":"SKIP","floor":48}],"player_experience":1402220,"relics_obtained":[{"floor":1,"key":"SynthV:TestCard"},{"floor":7,"key":"ReplayTheSpireMod:Shallot"},{"floor":9,"key":"ReplayTheSpireMod:Lightbulb"},{"floor":12,"key":"AT_ArchangelStaff"},{"floor":22,"key":"Replay:Rubber Ducky"},{"floor":26,"key":"Oddly Smooth Stone"},{"floor":27,"key":"Dota2Spire:OctarineCore"},{"floor":30,"key":"MealTicket"},{"floor":42,"key":"HollowMod:QueensCombRelic"}],"event_choices":[{"cards_removed":["PlaceholderMod:PoisonWhip"],"damage_healed":0,"gold_gain":0,"player_choice":"Card Removal","damage_taken":0,"max_hp_gain":0,"max_hp_loss":0,"event_name":"The Cleric","floor":2,"gold_loss":50},{"damage_healed":0,"gold_gain":0,"player_choice":"Ignored","damage_taken":0,"max_hp_gain":0,"max_hp_loss":0,"event_name":"Liars Game","floor":3,"gold_loss":0},{"damage_healed":0,"gold_gain":0,"player_choice":"Entered Light","damage_taken":16,"max_hp_gain":0,"max_hp_loss":0,"event_name":"Shining Light","floor":5,"gold_loss":0,"cards_upgraded":["PlaceholderMod:Crystal","PlaceholderMod:ThreeBenzyolStart"]},{"damage_healed":0,"gold_gain":30,"player_choice":"Searched \u00272\u0027 times","damage_taken":0,"max_hp_gain":0,"max_hp_loss":0,"event_name":"Dead Adventurer","floor":7,"gold_loss":0},{"damage_healed":0,"gold_gain":0,"player_choice":"Obtained Relic","damage_taken":0,"relics_obtained":["Orichalcum"],"max_hp_gain":0,"max_hp_loss":0,"event_name":"Addict","floor":19,"gold_loss":85},{"damage_healed":0,"gold_gain":99,"player_choice":"Stole From Cult","damage_taken":0,"max_hp_gain":0,"max_hp_loss":0,"event_name":"Nest","floor":24,"gold_loss":0},{"damage_healed":0,"gold_gain":0,"player_choice":"Memory 1","damage_taken":0,"max_hp_gain":0,"max_hp_loss":0,"event_name":"SensoryStone","floor":37,"gold_loss":0}],"is_beta":false,"boss_relics":[{"not_picked":["Replay:Bronze Core","AddBug","Sozu"]},{"not_picked":["Honey Jar","FixedStarFall","Replay:Grab Bag"]}],"items_purged_floors":[36,44,49],"is_endless":false,"potions_floor_spawned":[1,11,16,18,21,30,31,33,35,41,42,46,47],"ascension_level":2}}