{"host":"aukiz5jlacd3g5yc","time":1612152536,"event":{"mods":["2.2 Compatiblity","BaseMod","Bestiary","Colored Map","Colored Powertips","Downfall","GifTheSpireLib","Hubris","Minty Spire (QoL Compilation)","Permanent Neow","Quick Restart","Random Character Button","Rare Cards Sparkle","Relic Sorter","Relic Stats","Replay The Spire","StSLib","everything is the same but u backflip on backflip","slay the spire mod where everything is the same but ironclad has a cowboy hat"],"gold_per_floor":[117,14,31,31,51,81,101,131,131,131,131],"floor_reached":10,"language":"ENG","playtime":6003,"items_purged":[],"score":82,"play_id":"0e8978f8-63d7-4be8-a3d7-5719c56df81d","local_time":"20210131220856","is_ascension_mode":true,"campfire_choices":[],"circlet_count":0,"master_deck":["Strike_G","Strike_G","Strike_G","Strike_G","Strike_G","Defend_G","Defend_G","Defend_G","Defend_G","Defend_G","Survivor","Neutralize","Poisoned Strike","Bane","Blade Dance","Dagger Spray","Cloak And Dagger+1","Hidden Blade","Cloak And Dagger","Hidden Blade"],"relics":["Ring of the Snake","Replay:Mystery Machine","Pen Nib","Ice Cream"],"acts_visited":["Exordium"],"potions_floor_usage":[6],"damage_taken":[{"damage":0,"enemies":"Small Slimes","floor":1,"turns":4},{"damage":0,"enemies":"2 Louse","floor":3,"turns":3},{"damage":0,"enemies":"Jaw Worm","floor":5,"turns":3},{"damage":16,"enemies":"Gremlin Nob","floor":6,"turns":3},{"damage":6,"enemies":"3 Louse","floor":7,"turns":3},{"damage":44,"enemies":"Lagavulin","floor":8,"turns":8},{"damage":23,"enemies":"3 Sentries","floor":10,"turns":5}],"seed_played":"-1347913598665069501","potions_obtained":[{"floor":1,"key":"FairyPotion"},{"floor":3,"key":"Toxic Potion"}],"is_trial":false,"path_per_floor":["M","$","M","?","M","E","M","E","T","E"],"character_chosen":"THE_SILENT","items_purchased":["Blade Dance","Dagger Spray"],"campfire_rested":0,"item_purchase_floors":[2,2],"current_hp_per_floor":[63,63,63,63,63,47,41,18,18,0,0],"gold":131,"neow_bonus":"RANDOM_COLORLESS_2","is_daily":false,"chose_seed":false,"campfire_upgraded":0,"win_rate":0.0,"timestamp":1612152536,"path_taken":["M","$","M","?","M","E","M","E","T","E"],"items_purchased_type":["Card","Card"],"build_version":"2020-12-22","purchased_purges":0,"victory":false,"max_hp_per_floor":[63,63,63,63,63,63,63,63,63,63,63],"relic_stats":{"counters":[7,29],"Pen Nib":[1],"obtain_stats":[{"Ice Cream":9,"Pen Nib":8,"Replay:Mystery Machine":6,"Ring of the Snake":0},{"Ice Cream":6,"Pen Nib":6,"Replay:Mystery Machine":4,"Ring of the Snake":0},{"Ice Cream":24,"Pen Nib":24,"Replay:Mystery Machine":13,"Ring of the Snake":0}],"Ring of the Snake":[14]},"card_choices":[{"not_picked":["Midas Touch","Metamorphosis"],"picked":"Poisoned Strike","floor":0},{"not_picked":["Caltrops","Escape Plan"],"picked":"Bane","floor":1},{"not_picked":["Outmaneuver","Sucker Punch"],"picked":"Cloak And Dagger","floor":3},{"not_picked":["Escape Plan","Dodge and Roll"],"picked":"Hidden Blade","floor":5},{"not_picked":["Flechettes","Setup"],"picked":"Cloak And Dagger","floor":6},{"not_picked":["Eviscerate","Deadly Poison","Prepared"],"picked":"SKIP","floor":7},{"not_picked":["ReplayTheSpireMod:Exploit Weakness","Eviscerate"],"picked":"Hidden Blade","floor":8}],"player_experience":378739,"relics_obtained":[{"floor":6,"key":"Replay:Mystery Machine"},{"floor":8,"key":"Pen Nib"},{"floor":9,"key":"Ice Cream"}],"event_choices":[{"damage_healed":0,"gold_gain":0,"player_choice":"Grow","damage_taken":0,"max_hp_gain":0,"max_hp_loss":0,"event_name":"Living Wall","floor":4,"gold_loss":0,"cards_upgraded":["Cloak And Dagger"]}],"is_beta":false,"boss_relics":[],"items_purged_floors":[],"is_endless":false,"potions_floor_spawned":[1,3],"killed_by":"3 Sentries","ascension_level":1}}