{"host":"yans4pr1zf0lm9bx","time":1612216459,"event":{"mods":["AchievementEnabler","BaseMod","Downfall","Minty Spire (QoL Compilation)","StSLib","SuperFastMode","slay the spire mod where everything is the same but ironclad has a cowboy hat"],"gold_per_floor":[99,113,563,563,583,603,628,628,661,674,702,717,617,641,652,751,751,651,661,289,304,304,304,304,304,304,317,1,1,12,30,46,151,151,151,168,168,1,1,16,43,43,63,63,63,63,63],"floor_reached":45,"language":"ENG","playtime":3005,"items_purged":["Guardian:Strike_Guardian"],"score":575,"play_id":"86a9f892-0434-456e-90f8-739bc04bda5a","local_time":"20210201165419","is_ascension_mode":false,"campfire_choices":[{"data":"Guardian:TwinSlam","floor":1,"key":"SMITH"},{"floor":13,"key":"REST"},{"data":"Guardian:FastForward","floor":18,"key":"SMITH"},{"data":"expansioncontent:StudyTheSpire","floor":23,"key":"SMITH"},{"data":"Guardian:Suspension","floor":26,"key":"SMITH"},{"data":"Guardian:Repulse","floor":35,"key":"SMITH"},{"data":"Guardian:TimeBomb","floor":44,"key":"SMITH"}],"circlet_count":0,"master_deck":["Guardian:Strike_Guardian+1","Guardian:Strike_Guardian","Guardian:Strike_Guardian+1","Guardian:Defend_Guardian","Guardian:Defend_Guardian","Guardian:Defend_Guardian","Guardian:Defend_Guardian","Guardian:CurlUp+1","Guardian:TwinSlam+1","downfall:Icky","downfall:Icky","downfall:Icky","Guardian:Repulse+1","Guardian:SpikerProtocol","Guardian:PrimingBeam","Guardian:Recover","Guardian:FastForward+1","Guardian:Preprogram","Guardian:FastForward","Guardian:BronzeOrb","Guardian:Suspension+1","expansioncontent:StudyTheSpire+1","Doubt","Writhe","Guardian:ShieldCharger+1","Guardian:Planning","Guardian:Suspension+1","Guardian:Reroute","Guardian:FierceBash","Guardian:BodySlam","Guardian:TimeBomb+1","Pain","expansioncontent:YouAreMine","expansioncontent:PrepareCrush","expansioncontent:Chronoboost","Guardian:TimeCapacitor+1"],"relics":["Sozu","Art of War","Thread and Needle","Pen Nib","downfall:HeartBlessingGreen","Cursed Key","downfall:HeartBlessingBlue","StoneCalendar","Centennial Puzzle","Bottled Lightning","Philosopher\u0027s Stone","downfall:TeleportStone","Juzu Bracelet"],"acts_visited":["Exordium","TheCity","TheBeyond"],"potions_floor_usage":[],"damage_taken":[{"damage":2,"enemies":"Jaw Worm","floor":2,"turns":3},{"damage":5,"enemies":"2 Louse","floor":5,"turns":4},{"damage":9,"enemies":"Small Slimes","floor":6,"turns":6},{"damage":44,"enemies":"Gremlin Nob","floor":9,"turns":7},{"damage":0,"enemies":"3 Louse","floor":10,"turns":4},{"damage":10,"enemies":"Lagavulin","floor":11,"turns":9},{"damage":5,"enemies":"Exordium Wildlife","floor":12,"turns":4},{"damage":5,"enemies":"Exordium Thugs","floor":15,"turns":4},{"damage":22,"enemies":"IC_STATUS_ARCHETYPE","floor":16,"turns":9},{"damage":1,"enemies":"3 Byrds","floor":19,"turns":5},{"damage":6,"enemies":"downfall:FleeingMerchant","floor":20,"turns":4},{"damage":0,"enemies":"Centurion and Healer","floor":21,"turns":6},{"damage":18,"enemies":"Cultist and Chosen","floor":27,"turns":7},{"damage":1,"enemies":"downfall:FleeingMerchant","floor":28,"turns":4},{"damage":5,"enemies":"Snake Plant","floor":30,"turns":5},{"damage":0,"enemies":"Centurion and Healer","floor":31,"turns":7},{"damage":1,"enemies":"Chosen and Byrds","floor":32,"turns":7},{"damage":6,"enemies":"SI_MIRROR_ARCHETYPE","floor":33,"turns":11},{"damage":18,"enemies":"3 Darklings","floor":36,"turns":7},{"damage":0,"enemies":"downfall:FleeingMerchant","floor":38,"turns":4},{"damage":0,"enemies":"Orb Walker","floor":40,"turns":2},{"damage":10,"enemies":"Sphere and 2 Shapes","floor":43,"turns":6},{"damage":56,"enemies":"Reptomancer","floor":45,"turns":3}],"seed_played":"-5600989284096845238","potions_obtained":[],"is_trial":false,"path_per_floor":["R","M","?","?","M","M","T","?","E","M","E","M","R","T","M","B",null,"R","M","$","M","?","R","T","?","R","M","$","?","M","M","M","B",null,"R","M","?","$","?","M","T","?","M","R","E"],"character_chosen":"GUARDIAN","items_purchased":["Guardian:BronzeOrb","Guardian:Suspension","expansioncontent:StudyTheSpire","Bottled Lightning","Guardian:Planning","Guardian:Gem_Orange"],"campfire_rested":1,"item_purchase_floors":[20,20,20,28,28,38],"current_hp_per_floor":[80,78,78,78,73,64,64,64,20,20,10,5,29,29,24,2,80,90,89,83,83,83,83,83,83,83,65,64,64,59,59,58,52,90,90,72,72,72,72,72,72,62,52,52,0,0,0],"gold":63,"neow_bonus":"BOSS_RELIC","is_daily":false,"chose_seed":false,"campfire_upgraded":6,"win_rate":0.0,"timestamp":1612216459,"path_taken":["R","M","?","?","M","?","T","?","E","M","E","M","R","?","M","BOSS","R","M","$","M","?","R","T","?","R","M","$","?","M","?","M","BOSS","R","M","?","$","?","M","T","?","M","R","E"],"items_purchased_type":["Card","Card","Card","Relic","Card","Card"],"build_version":"2020-12-22","purchased_purges":1,"victory":false,"max_hp_per_floor":[80,80,80,80,80,80,80,80,80,80,80,80,80,80,80,80,80,90,90,90,90,90,90,90,90,90,90,90,90,90,90,90,90,90,90,90,90,90,90,90,90,90,90,90,90,90,90],"card_choices":[{"not_picked":["Guardian:BronzeOrb","Guardian:Suspension"],"picked":"Guardian:Gem_White","floor":2},{"not_picked":["Guardian:PolyBeam","Guardian:WalkerClaw"],"picked":"Guardian:Gem_Cyan","floor":5},{"not_picked":["Guardian:Gem_Red","Guardian:PrimingBeam"],"picked":"Guardian:Repulse","floor":6},{"not_picked":["Guardian:Planning","Guardian:TemporalStrike"],"picked":"Guardian:Gem_Red","floor":9},{"not_picked":["Guardian:Suspension","Guardian:ArmoredProtocol"],"picked":"Guardian:SpikerProtocol","floor":10},{"not_picked":["Guardian:Gem_Crimson","Guardian:Gem_Lightblue"],"picked":"Guardian:Gem_White","floor":11},{"not_picked":["Guardian:WalkerClaw","Guardian:DonusPower"],"picked":"Guardian:PrimingBeam","floor":12},{"not_picked":["Guardian:Gem_Green","Guardian:FierceBash"],"picked":"Guardian:Recover","floor":15},{"not_picked":["Guardian:RevengeProtocol","Guardian:Gem_Synthetic"],"picked":"Guardian:FastForward","floor":16},{"not_picked":["Guardian:Recover","Guardian:TemporalShield"],"picked":"Guardian:Preprogram","floor":19},{"not_picked":["Guardian:WalkerClaw+1","Guardian:RevengeProtocol"],"picked":"Guardian:FastForward","floor":20},{"not_picked":["Guardian:Emergency","Guardian:RollAttack"],"picked":"Guardian:Gem_Crimson","floor":21},{"not_picked":["Guardian:Harden","Guardian:Clone"],"picked":"Guardian:TemporalShield+1","floor":27},{"not_picked":["Guardian:BronzeOrb+1","Guardian:FastForward"],"picked":"Guardian:ShieldCharger+1","floor":28},{"not_picked":["Guardian:Gem_Cyan","Guardian:Gem_Yellow"],"picked":"Guardian:Suspension+1","floor":30},{"not_picked":["Guardian:Gem_Green","Guardian:Clone"],"picked":"Guardian:Gem_Purple","floor":31},{"not_picked":["Guardian:VentSteam","Guardian:Planning"],"picked":"Guardian:Reroute","floor":32},{"not_picked":["Guardian:TimeSifter","Guardian:StasisField"],"picked":"Guardian:FierceBash","floor":33},{"not_picked":["Guardian:Gem_Crimson","Guardian:Gem_Cyan"],"picked":"Guardian:BodySlam","floor":36},{"not_picked":["Guardian:GuardianWhirl","Guardian:Suspension"],"picked":"Guardian:TimeBomb","floor":38},{"not_picked":["Guardian:PrimingBeam","Guardian:Gem_Red"],"picked":"Guardian:Gem_Purple","floor":40},{"not_picked":["expansioncontent:Hexaburn","expansioncontent:HyperBeam"],"picked":"expansioncontent:YouAreMine","floor":42},{"not_picked":["expansioncontent:HyperBeam","expansioncontent:LastStand"],"picked":"expansioncontent:PrepareCrush","floor":42},{"not_picked":["expansioncontent:HyperBeam","expansioncontent:PolyBeam"],"picked":"expansioncontent:Chronoboost","floor":42},{"not_picked":["Guardian:WalkerClaw","Guardian:TemporalStrike+1"],"picked":"Guardian:TimeCapacitor+1","floor":43}],"player_experience":297682,"relics_obtained":[{"floor":7,"key":"Art of War"},{"floor":9,"key":"Thread and Needle"},{"floor":11,"key":"Pen Nib"},{"floor":24,"key":"StoneCalendar"},{"floor":41,"key":"Juzu Bracelet"}],"event_choices":[{"cards_removed":["downfall:Malfunctioning"],"damage_healed":0,"gold_gain":0,"player_choice":"Card Removal","damage_taken":0,"max_hp_gain":0,"max_hp_loss":0,"event_name":"The Cleric","floor":8,"gold_loss":0},{"damage_healed":0,"gold_gain":0,"player_choice":"Ignored","damage_taken":0,"max_hp_gain":0,"max_hp_loss":0,"event_name":"Vampires","floor":22,"gold_loss":0},{"damage_healed":0,"gold_gain":0,"player_choice":"Ignored","damage_taken":0,"max_hp_gain":0,"max_hp_loss":0,"event_name":"Ghosts","floor":29,"gold_loss":0},{"cards_removed":["Guardian:TemporalShield"],"damage_healed":0,"gold_gain":0,"player_choice":"Removed Skill","damage_taken":0,"max_hp_gain":0,"max_hp_loss":0,"event_name":"Falling","floor":37,"gold_loss":0}],"is_beta":false,"boss_relics":[{"not_picked":["SacredBark","bronze:MakeshiftBattery"],"picked":"Cursed Key"},{"not_picked":["Tiny House","Black Star"],"picked":"Philosopher\u0027s Stone"}],"items_purged_floors":[20],"is_endless":false,"potions_floor_spawned":[2,9,11,21,32],"killed_by":"Reptomancer","ascension_level":0}}