{"host":"v4y1jzokli5npzbs","time":1612153364,"event":{"mods":["Ascension Reborn","BaseMod","Colored Map","Downfall","Hero for Fun","Minty Spire (QoL Compilation)","StSLib"],"gold_per_floor":[12,12,37,37,13,48,73,73,73,107,120,120,136,150,150,270,270,294,319,333,352,375,406,421,421,470,470,502,522,447,142,142,240,240,259,273,285,285,8,8,58,3,28,48,68,95,2,17,17,17,17,17,17,50,50],"floor_reached":56,"language":"ENG","playtime":830,"items_purged":[],"score":1583,"play_id":"4259690f-9b35-4a12-8a80-aca1f1d3a25e","local_time":"20210131232244","is_ascension_mode":true,"campfire_choices":[{"floor":12,"key":"RECALL"},{"data":"Consecutive_Normal_Punch","floor":15,"key":"SMITH"},{"data":"Slap","floor":27,"key":"SMITH"},{"data":"Oh","floor":32,"key":"SMITH"},{"data":"Enlightenment","floor":40,"key":"SMITH"},{"data":"Terrifying_Presence","floor":49,"key":"SMITH"},{"data":"HandOfGreed","floor":52,"key":"SMITH"}],"circlet_count":0,"master_deck":["Strike_Y","Strike_Y+1","Strike_Y+1","Strike_Y","Defend_Y","Defend_Y","Defend_Y","Defend_Y","Defend_Y","Consecutive_Normal_Punch+1","Slap+1","Hop","Side_Hop","Yawn","Oh+1","Normal_Punch","Consecutive_Normal_Punch","Do_Nothing","Terrifying_Presence+1","Slap","Toss_Stone+1","Toss_Stone+1","Normal_Punch+1","Get_Hopes_Up","Consecutive_Normal_Punch+1","Yawn+1","Enlightenment+1","Serious_Side_Hops","Slap+1","Hop+1","HandOfGreed+1","Yawn"],"relics":["Cape","NeowsBlessing","Bloody Idol","InkBottle","Bottled Flame","Ice Cream","Coffee Dripper","Letter Opener","Pen Nib","Boot","MealTicket","Centennial Puzzle","bronze:MakeshiftBattery","Membership Card","Happy Flower","Du-Vu Doll","Orichalcum","Oddly Smooth Stone","Bag of Preparation","Akabeko"],"acts_visited":["Exordium","TheCity","TheBeyond","TheEnding"],"potions_floor_usage":[],"damage_taken":[{"damage":0,"enemies":"Small Slimes","floor":1,"turns":1},{"damage":0,"enemies":"2 Louse","floor":3,"turns":1},{"damage":0,"enemies":"3 Sentries","floor":6,"turns":1},{"damage":0,"enemies":"Jaw Worm","floor":7,"turns":1},{"damage":0,"enemies":"Lagavulin","floor":10,"turns":1},{"damage":0,"enemies":"Blue Slaver","floor":11,"turns":1},{"damage":0,"enemies":"Exordium Wildlife","floor":13,"turns":1},{"damage":0,"enemies":"Large Slime","floor":14,"turns":1},{"damage":0,"enemies":"Hexaghost","floor":16,"turns":1},{"damage":0,"enemies":"2 Thieves","floor":18,"turns":1},{"damage":0,"enemies":"Chosen","floor":19,"turns":1},{"damage":0,"enemies":"Snecko","floor":20,"turns":1},{"damage":0,"enemies":"3 Cultists","floor":21,"turns":1},{"damage":0,"enemies":"Shelled Parasite and Fungi","floor":22,"turns":1},{"damage":0,"enemies":"Gremlin Leader","floor":23,"turns":1},{"damage":0,"enemies":"Centurion and Healer","floor":24,"turns":1},{"damage":0,"enemies":"Slavers","floor":28,"turns":1},{"damage":0,"enemies":"3 Cultists","floor":29,"turns":1},{"damage":0,"enemies":"Champ","floor":33,"turns":1},{"damage":0,"enemies":"3 Darklings","floor":35,"turns":1},{"damage":0,"enemies":"3 Shapes","floor":36,"turns":1},{"damage":0,"enemies":"3 Darklings","floor":37,"turns":1},{"damage":0,"enemies":"Mind Bloom Boss Battle","floor":41,"turns":1},{"damage":0,"enemies":"Transient","floor":44,"turns":1},{"damage":0,"enemies":"Sphere and 2 Shapes","floor":45,"turns":1},{"damage":0,"enemies":"Giant Head","floor":46,"turns":1},{"damage":0,"enemies":"Jaw Worm Horde","floor":48,"turns":1},{"damage":0,"enemies":"Time Eater","floor":50,"turns":1},{"damage":0,"enemies":"Shield and Spear","floor":54,"turns":1},{"damage":0,"enemies":"The Heart","floor":55,"turns":4}],"seed_played":"456233935656707481","potions_obtained":[{"floor":3,"key":"Dexterity Potion"},{"floor":10,"key":"EssenceOfSteel"},{"floor":13,"key":"Strength Potion"},{"floor":14,"key":"Swift Potion"},{"floor":21,"key":"DuplicationPotion"}],"is_trial":false,"path_per_floor":["M","?","M","?","$","E","M","T","T","E","M","R","M","M","R","B",null,"M","M","M","M","M","E","M","?","T","R","E","M","?","$","R","B",null,"M","M","M","?","$","R","?","?","T","M","M","E","$","M","R","B",null,"R","$","E","B",null],"character_chosen":"OPM","items_purchased":["Hop","MealTicket","Centennial Puzzle","Membership Card","Happy Flower","Enlightenment","HandOfGreed"],"campfire_rested":0,"item_purchase_floors":[5,31,31,39,39,39,47],"current_hp_per_floor":[999,999,999,999,999,999,999,999,999,999,999,999,999,999,999,999,999,999,999,999,999,999,999,999,999,999,999,999,999,999,999,999,999,999,999,999,999,999,999,999,999,999,999,999,999,999,999,999,999,999,999,999,999,999,999],"gold":50,"neow_bonus":"THREE_ENEMY_KILL","is_daily":false,"chose_seed":false,"campfire_upgraded":6,"win_rate":0.0,"timestamp":1612153364,"path_taken":["M","?","M","?","?","E","M","?","T","E","M","R","M","M","R","BOSS","M","M","M","M","M","E","M","?","T","R","E","M","?","?","R","BOSS","M","M","M","?","$","R","?","?","T","M","M","E","$","M","R","BOSS","R","$","E","BOSS"],"items_purchased_type":["Card","Relic","Relic","Relic","Relic","Card","Card"],"build_version":"2020-12-22","purchased_purges":0,"victory":true,"max_hp_per_floor":[999,999,999,999,999,999,999,999,999,999,999,999,999,999,999,999,999,999,999,999,999,999,999,999,999,999,999,999,999,999,999,999,999,999,999,999,999,999,999,999,999,999,999,999,999,999,999,999,999,999,999,999,999,999,999],"card_choices":[{"not_picked":["Slap","Side_Hop"],"picked":"Consecutive_Normal_Punch","floor":1},{"not_picked":["Side_Hop","Wear_Disguise"],"picked":"Slap","floor":3},{"not_picked":["Hop","Wear_Disguise"],"picked":"Side_Hop","floor":6},{"not_picked":["Side_Hop","Hop"],"picked":"Yawn","floor":7},{"not_picked":["Wear_Disguise","Consecutive_Normal_Punch"],"picked":"Oh","floor":10},{"not_picked":["Do_Nothing","Ignore"],"picked":"Normal_Punch","floor":11},{"not_picked":["Normal_Punch","Hop"],"picked":"Consecutive_Normal_Punch","floor":13},{"not_picked":["Yawn","Side_Hop"],"picked":"Do_Nothing","floor":14},{"not_picked":["Serious_Punch","Hip_Strike"],"picked":"Terrifying_Presence","floor":16},{"not_picked":["Wear_Disguise","Side_Hop+1"],"picked":"Slap","floor":18},{"not_picked":["Ignore","Hop","Side_Hop"],"picked":"SKIP","floor":19},{"not_picked":["Hop","Terrifying_Presence"],"picked":"Toss_Stone","floor":20},{"not_picked":["Wear_Disguise","Ignore"],"picked":"Toss_Stone+1","floor":21},{"not_picked":["Ignore","Toss_Stone+1","Side_Hop"],"picked":"SKIP","floor":22},{"not_picked":["Ignore","Side_Hop"],"picked":"Toss_Stone+1","floor":22},{"not_picked":["Do_Nothing","Hop"],"picked":"Normal_Punch+1","floor":23},{"not_picked":["Ignore","Slap","Side_Hop"],"picked":"SKIP","floor":24},{"not_picked":["Wear_Disguise","Side_Hop","Yawn"],"picked":"SKIP","floor":28},{"not_picked":["Wear_Disguise","Side_Hop+1","Toss_Stone"],"picked":"SKIP","floor":29},{"not_picked":["Serious_Punch","Terrifying_Presence"],"picked":"Get_Hopes_Up","floor":33},{"not_picked":["Hop+1","Normal_Punch+1"],"picked":"Consecutive_Normal_Punch+1","floor":35},{"not_picked":["Wear_Disguise+1","Hop","Yawn+1"],"picked":"SKIP","floor":36},{"not_picked":["Wear_Disguise+1","Hop"],"picked":"Yawn+1","floor":36},{"not_picked":["Slap","Consecutive_Normal_Punch","Ignore"],"picked":"SKIP","floor":37},{"not_picked":["Ignore+1","Do_Nothing"],"picked":"Serious_Side_Hops","floor":44},{"not_picked":["Hop","Ignore"],"picked":"Slap+1","floor":45},{"not_picked":["Slap+1","Side_Hop+1"],"picked":"Hop+1","floor":46},{"not_picked":["Ignore","Yawn+1","Get_Hopes_Up"],"picked":"SKIP","floor":48},{"not_picked":["Slap","Wear_Disguise+1"],"picked":"Yawn","floor":54}],"player_experience":360359,"relics_obtained":[{"floor":6,"key":"InkBottle"},{"floor":9,"key":"Bottled Flame"},{"floor":10,"key":"Ice Cream"},{"floor":23,"key":"Letter Opener"},{"floor":26,"key":"Pen Nib"},{"floor":28,"key":"Boot"},{"floor":41,"key":"Du-Vu Doll"},{"floor":43,"key":"Oddly Smooth Stone"},{"floor":46,"key":"Bag of Preparation"},{"floor":54,"key":"Akabeko"}],"event_choices":[{"damage_healed":0,"gold_gain":0,"player_choice":"Take Damage","damage_taken":249,"relics_obtained":["Golden Idol"],"max_hp_gain":0,"max_hp_loss":0,"event_name":"Golden Idol","floor":2,"gold_loss":0},{"damage_healed":0,"gold_gain":0,"player_choice":"Entered Light","damage_taken":200,"max_hp_gain":0,"max_hp_loss":0,"event_name":"Shining Light","floor":4,"gold_loss":0,"cards_upgraded":["Strike_Y","Strike_Y"]},{"damage_healed":0,"gold_gain":0,"player_choice":"Gave Idol","damage_taken":0,"relics_obtained":["Bloody Idol"],"max_hp_gain":0,"max_hp_loss":0,"event_name":"Forgotten Altar","floor":25,"relics_lost":["Golden Idol"],"gold_loss":0},{"cards_removed":["Toss_Stone"],"damage_healed":0,"gold_gain":0,"player_choice":"Gave Gold","damage_taken":0,"max_hp_gain":0,"max_hp_loss":0,"event_name":"Beggar","floor":30,"gold_loss":75},{"cards_removed":["Strike_Y"],"damage_healed":0,"gold_gain":0,"player_choice":"Removed Attack","damage_taken":0,"max_hp_gain":0,"max_hp_loss":0,"event_name":"Falling","floor":38,"gold_loss":0},{"damage_healed":0,"gold_gain":0,"player_choice":"Fight","damage_taken":0,"max_hp_gain":0,"max_hp_loss":0,"event_name":"MindBloom","floor":41,"gold_loss":0},{"damage_healed":0,"gold_gain":0,"player_choice":"Paid Gold","damage_taken":0,"relics_obtained":["Orichalcum"],"max_hp_gain":0,"max_hp_loss":0,"event_name":"WeMeetAgain","floor":42,"gold_loss":55}],"is_beta":false,"boss_relics":[{"not_picked":["Ectoplasm","Empty Cage"],"picked":"Coffee Dripper"},{"not_picked":["Pandora\u0027s Box","Tiny House"],"picked":"bronze:MakeshiftBattery"}],"items_purged_floors":[],"is_endless":false,"potions_floor_spawned":[3,10,13,14,20,21,29,33,36,41],"ascension_level":0}}