{"host":"a5v7x5tmlr5iccdt","time":1612200039,"event":{"mods":["100% Spire Juice","Act Like it!","Aspiration","BaseMod","ChefMod","Colored Map","Colored Powertips","Conspire","Downfall","Energized Spire","Gensokyo","Hallownest","Highlight Path","HornydragonMod","Minty Spire (QoL Compilation)","Quick Restart","Remilia£®¿Ÿ√◊¿Ú—«£©","Replay The Spire","Robot Space Explorer","StSLib","The Bug Knight","Youmu£®ªÍ∆«—˝√Œ£©"],"gold_per_floor":[87,87,105,105,105,148,969,1041,1068,1099,1139,1165,564,494,494,1394,1394],"floor_reached":16,"language":"ZHS","playtime":618,"items_purged":["Strike_HD"],"score":176,"play_id":"2bfc96b1-b469-4b65-bbb7-1e072720bc80","local_time":"20210202012039","is_ascension_mode":true,"campfire_choices":[{"floor":15,"key":"REST"}],"circlet_count":0,"master_deck":["Strike_HD","Strike_HD","Strike_HD+1","DrunkenFist","Defend_HD","Defend_HD","Defend_HD","Defend_HD","AlcoholBarrier","BreakDrink","Ahahah","Bike","GetStonks","Distracted","Fly","BirdAttack","BottleAttack","Nihilism","Blue+1","Brimstone+1","Brimstone"],"relics":["WineBottle","NeowsBlessing","Gensokyo:PortableGap","Gensokyo:OccultBall","conspire:Dentures","Gremlin Food","Ancient Tea Set","Omamori","BargainBundle","aspiration:HiddenCompartment","Bottled Flame"],"acts_visited":["Gensokyo:Gensokyo"],"potions_floor_usage":[16,16],"damage_taken":[{"damage":0,"enemies":"Gensokyo:Python","floor":1,"turns":1},{"damage":0,"enemies":"Gensokyo:2_Kodama","floor":3,"turns":1},{"damage":1,"enemies":"Gensokyo:Mamizou","floor":6,"turns":3},{"damage":47,"enemies":"Gensokyo:3_Fairies","floor":7,"turns":8},{"damage":6,"enemies":"Gensokyo:Kitsune","floor":8,"turns":5},{"damage":1,"enemies":"Gensokyo:Aya","floor":10,"turns":2},{"damage":3,"enemies":"Gensokyo:VengefulSpirit","floor":11,"turns":4},{"damage":0,"enemies":"Gensokyo:Mamizou","floor":12,"turns":9},{"damage":53,"enemies":"Gensokyo:Yukari","floor":16,"turns":7}],"seed_played":"-7464692785010140848","potions_obtained":[{"floor":6,"key":"Explosive Potion"},{"floor":7,"key":"Block Potion"},{"floor":11,"key":"Dexterity Potion"}],"is_trial":false,"path_per_floor":["M","?","M","?","?","E","M","M","T","E","M","E","$","?","R","B"],"character_chosen":"HORNYDRAGON","items_purchased":["BargainBundle","aspiration:HiddenCompartment","Bottled Flame","Brimstone","Dexterity Potion"],"campfire_rested":1,"item_purchase_floors":[13,13,13,13,13],"current_hp_per_floor":[87,79,79,79,79,78,31,25,25,24,21,21,21,21,44,0,0],"gold":1394,"neow_bonus":"THREE_ENEMY_KILL","is_daily":false,"chose_seed":false,"campfire_upgraded":0,"win_rate":0.0,"timestamp":1612200039,"path_taken":["M","?","M","?","?","E","?","M","T","E","M","E","$","?","R","BOSS"],"items_purchased_type":["Relic","Relic","Relic","Card","Potion"],"build_version":"2020-12-22","purchased_purges":1,"victory":false,"max_hp_per_floor":[87,79,79,79,79,79,79,79,79,79,79,79,79,79,79,79,79],"card_choices":[{"not_picked":["RainbowAttack","CardReborn"],"picked":"Ahahah","floor":1},{"not_picked":["DrumStick","KingRound"],"picked":"GetStonks","floor":3},{"not_picked":["SexyLeg","CardReborn"],"picked":"Bike","floor":4},{"not_picked":["AlcoholBarrier","BreakDrink"],"picked":"GetStonks","floor":4},{"not_picked":["RainbowAttack","Timmie"],"picked":"Distracted","floor":6},{"not_picked":["Susie","CardDestruct"],"picked":"Fly","floor":7},{"not_picked":["Circle","AlcoholFlame"],"picked":"BirdAttack","floor":8},{"not_picked":["AlcoholFlame","CardDestruct"],"picked":"BottleAttack","floor":10},{"not_picked":["StrangeSheild","BraveAlcohol"],"picked":"Nihilism","floor":11},{"not_picked":["Fbi","Noodle"],"picked":"Blue","floor":12}],"player_experience":83033,"relics_obtained":[{"floor":6,"key":"conspire:Dentures"},{"floor":7,"key":"Gensokyo:OccultBall"},{"floor":9,"key":"Gremlin Food"},{"floor":10,"key":"Ancient Tea Set"},{"floor":12,"key":"Omamori"}],"event_choices":[],"is_beta":false,"boss_relics":[],"items_purged_floors":[13],"is_endless":false,"potions_floor_spawned":[6,7,11],"killed_by":"Gensokyo:Yukari","ascension_level":1}}