{"host":"nwd160me4iqdtr8u","time":1612181846,"event":{"mods":["AchievementEnabler","Act Like it!","BaseMod","Colored Map","DeckTracker","Keyboard Shortcuts","Minty Spire (QoL Compilation)","Quick Restart","Rare Cards Sparkle","StSLib","SuperFastMode","everything is the same but u backflip on backflip"],"gold_per_floor":[10,10,35,54,54,54,90,110,110,31,46,46,85,85,85,181,181,197,211,236,129,179,179,179,204,204,43,43,43,43,55,55,130,130,146,146,171,171,183,183,197,197,197,197,216,216,216,216,216,216,216],"floor_reached":50,"language":"KOR","playtime":2136,"items_purged":[],"score":951,"play_id":"dd9cb60c-a05b-4e12-9eaf-db5963fb86b6","local_time":"20210201211726","is_ascension_mode":true,"campfire_choices":[{"data":"Backstab","floor":6.0,"key":"SMITH"},{"data":"Bouncing Flask","floor":12.0,"key":"SMITH"},{"data":"Noxious Fumes","floor":15.0,"key":"SMITH"},{"data":"Blade Dance","floor":23.0,"key":"SMITH"},{"data":"Ghostly","floor":30.0,"key":"SMITH"},{"data":"Ghostly","floor":32.0,"key":"SMITH"},{"data":"Ghostly","floor":40.0,"key":"SMITH"},{"data":"Night Terror","floor":42.0,"key":"SMITH"},{"data":"Acrobatics","floor":44.0,"key":"SMITH"},{"data":"Caltrops","floor":46.0,"key":"SMITH"},{"data":"Deep Breath","floor":49.0,"key":"SMITH"}],"circlet_count":0,"master_deck":["AscendersBane","Strike_G+1","Defend_G+1","Defend_G+1","Defend_G+1","Defend_G+1","Defend_G+1","Survivor","Neutralize","Quick Slash","Poisoned Stab","Backflip","Blade Dance+1","Noxious Fumes+1","Bouncing Flask+1","Deadly Poison","Caltrops+1","Corpse Explosion","Prepared+1","Malaise","Acrobatics+1","Purity","PiercingWail","Ghostly+1","Ghostly+1","Ghostly+1","Flying Knee","Night Terror+1","Backflip+1","Terror","Deep Breath+1"],"relics":["Ring of the Snake","Thread and Needle","Bloody Idol","InkBottle","Odd Mushroom","Anchor","WingedGreaves","Coffee Dripper","Art of War","Oddly Smooth Stone","Empty Cage","Tingsha","The Courier"],"acts_visited":["Exordium","TheCity","TheBeyond"],"potions_floor_usage":[50],"damage_taken":[{"damage":0.0,"enemies":"Jaw Worm","floor":1.0,"turns":6.0},{"damage":0.0,"enemies":"2 Louse","floor":3.0,"turns":4.0},{"damage":0.0,"enemies":"Small Slimes","floor":4.0,"turns":3.0},{"damage":21.0,"enemies":"The Mushroom Lair","floor":7.0,"turns":5.0},{"damage":1.0,"enemies":"Exordium Thugs","floor":8.0,"turns":5.0},{"damage":0.0,"enemies":"3 Louse","floor":11.0,"turns":2.0},{"damage":0.0,"enemies":"3 Sentries","floor":13.0,"turns":6.0},{"damage":6.0,"enemies":"Hexaghost","floor":16.0,"turns":8.0},{"damage":6.0,"enemies":"Chosen","floor":18.0,"turns":4.0},{"damage":0.0,"enemies":"2 Thieves","floor":19.0,"turns":4.0},{"damage":6.0,"enemies":"Snake Plant","floor":20.0,"turns":3.0},{"damage":0.0,"enemies":"Snecko","floor":25.0,"turns":5.0},{"damage":0.0,"enemies":"Cultist and Chosen","floor":31.0,"turns":6.0},{"damage":16.0,"enemies":"Collector","floor":33.0,"turns":8.0},{"damage":0.0,"enemies":"3 Darklings","floor":35.0,"turns":2.0},{"damage":4.0,"enemies":"Mind Bloom Boss Battle","floor":37.0,"turns":8.0},{"damage":0.0,"enemies":"Orb Walker","floor":39.0,"turns":6.0},{"damage":21.0,"enemies":"Transient","floor":41.0,"turns":6.0},{"damage":0.0,"enemies":"3 Darklings","floor":45.0,"turns":3.0},{"damage":30,"enemies":"Donu and Deca","floor":50,"turns":5}],"seed_played":"-6554636814100048494","potions_obtained":[{"floor":7.0,"key":"SpeedPotion"},{"floor":8.0,"key":"Weak Potion"},{"floor":11.0,"key":"Explosive Potion"},{"floor":16.0,"key":"SteroidPotion"},{"floor":20.0,"key":"ColorlessPotion"},{"floor":31.0,"key":"Strength Potion"},{"floor":33.0,"key":"SteroidPotion"},{"floor":35.0,"key":"ColorlessPotion"},{"floor":45.0,"key":"BlessingOfTheForge"}],"is_trial":false,"path_per_floor":["M","?","M","M","?","R","?","M","T","$","M","R","E","?","R","B",null,"M","M","M","$","?","R","?","M","T","$","?","?","R","M","R","B",null,"M","?","?","?","M","R","M","R","T","R","M","R","?","?","R","B"],"character_chosen":"THE_SILENT","items_purchased":["Noxious Fumes","Purity","Oddly Smooth Stone"],"campfire_rested":0,"item_purchase_floors":[10,21,27],"current_hp_per_floor":[59,59,59,59,54,54,33,32,32,32,32,32,32,32,32,26,52,46,46,40,40,40,40,40,40,40,40,30,30,30,30,30,19,27,30,28,28,28,28,28,12,12,12,12,17,17,17,17,17,0,0],"gold":216,"neow_bonus":"ONE_RARE_RELIC","is_daily":false,"chose_seed":false,"campfire_upgraded":11,"win_rate":0.0,"timestamp":1612181846,"path_taken":["M","?","M","M","?","R","?","M","T","?","?","R","E","?","R","BOSS","M","M","M","$","?","R","?","M","T","$","?","?","R","M","R","BOSS","M","?","?","?","M","R","M","R","T","R","?","R","?","?","R","BOSS"],"items_purchased_type":["Card","Card","Relic"],"build_version":"2020-12-22","purchased_purges":0,"victory":false,"max_hp_per_floor":[66,60,60,60,60,60,60,60,60,60,60,60,60,60,60,60,60,60,60,60,60,60,60,60,60,60,60,30,30,30,30,30,30,30,30,28,28,28,28,28,28,28,28,28,28,28,28,28,28,28,28],"card_choices":[{"not_picked":["Flying Knee","Backflip"],"picked":"Backstab","floor":1.0},{"not_picked":["Predator","Reflex"],"picked":"Quick Slash","floor":3.0},{"not_picked":["Expertise","Eviscerate"],"picked":"Poisoned Stab","floor":4.0},{"not_picked":["Poisoned Stab","Accuracy"],"picked":"Backflip","floor":7.0},{"not_picked":["Sucker Punch","Predator"],"picked":"Blade Dance","floor":8.0},{"not_picked":["Bane","Predator"],"picked":"Bouncing Flask","floor":11.0},{"not_picked":["Poisoned Stab","Predator"],"picked":"Deadly Poison","floor":13.0},{"not_picked":["Wraith Form v2","Storm of Steel"],"picked":"Corpse Explosion","floor":16.0},{"not_picked":["Deadly Poison","Sucker Punch"],"picked":"Prepared+1","floor":18.0},{"not_picked":["Deadly Poison","Prepared"],"picked":"Malaise","floor":19.0},{"not_picked":["Dagger Spray+1","Deflect"],"picked":"Acrobatics","floor":20.0},{"not_picked":["Crippling Poison","Riddle With Holes"],"picked":"PiercingWail","floor":25.0},{"not_picked":["Sucker Punch","Cloak And Dagger"],"picked":"Flying Knee","floor":31.0},{"not_picked":["Malaise","Wraith Form v2"],"picked":"Night Terror","floor":33.0},{"not_picked":["Deadly Poison","Slice"],"picked":"Backflip+1","floor":35.0},{"not_picked":["Flying Knee","Poisoned Stab"],"picked":"Terror","floor":37.0},{"not_picked":["Sucker Punch","Blade Dance","Deflect"],"picked":"SKIP","floor":39.0},{"not_picked":["Dodge and Roll+1","Flying Knee","Dagger Spray"],"picked":"SKIP","floor":41.0},{"not_picked":["Outmaneuver","Dodge and Roll+1","Flying Knee+1"],"picked":"SKIP","floor":45.0},{"not_picked":["Panache","Good Instincts"],"picked":"Deep Breath","floor":48.0}],"player_experience":364668,"relics_obtained":[{"floor":7.0,"key":"Odd Mushroom"},{"floor":9.0,"key":"Anchor"},{"floor":13.0,"key":"WingedGreaves"},{"floor":26.0,"key":"Art of War"},{"floor":37.0,"key":"Tingsha"},{"floor":43.0,"key":"The Courier"}],"event_choices":[{"damage_healed":0.0,"max_hp_gain":0.0,"max_hp_loss":6.0,"gold_gain":0.0,"event_name":"Golden Idol","player_choice":"Lose Max HP","floor":2.0,"gold_loss":0.0,"damage_taken":0.0,"relics_obtained":["Golden Idol"]},{"damage_healed":0.0,"max_hp_gain":0.0,"max_hp_loss":0.0,"gold_gain":0.0,"event_name":"Scrap Ooze","player_choice":"Success","floor":5.0,"gold_loss":0.0,"damage_taken":5.0,"relics_obtained":["InkBottle"]},{"damage_healed":0.0,"max_hp_gain":0.0,"max_hp_loss":0.0,"gold_gain":0.0,"event_name":"Mushrooms","player_choice":"Fought Mushrooms","floor":7.0,"gold_loss":0.0,"damage_taken":0.0},{"damage_healed":0.0,"max_hp_gain":0.0,"max_hp_loss":0.0,"gold_gain":0.0,"cards_transformed":["Strike_G"],"event_name":"Transmorgrifier","player_choice":"Transformed","floor":14.0,"gold_loss":0.0,"damage_taken":0.0,"cards_obtained":["Caltrops"]},{"damage_healed":0.0,"max_hp_gain":0.0,"max_hp_loss":0.0,"gold_gain":50.0,"event_name":"Nest","player_choice":"Stole From Cult","floor":22.0,"gold_loss":0.0,"damage_taken":0.0},{"damage_healed":0.0,"max_hp_gain":0.0,"max_hp_loss":0.0,"gold_gain":0.0,"event_name":"Back to Basics","player_choice":"Simplicity","floor":24.0,"gold_loss":0.0,"damage_taken":0.0,"cards_upgraded":["Strike_G","Strike_G","Strike_G","Strike_G","Defend_G","Defend_G","Defend_G","Defend_G","Defend_G"]},{"damage_healed":0.0,"max_hp_gain":0.0,"max_hp_loss":30.0,"gold_gain":0.0,"event_name":"Ghosts","player_choice":"Became a Ghost","floor":28.0,"gold_loss":0.0,"damage_taken":0.0,"cards_obtained":["Ghostly","Ghostly","Ghostly"]},{"damage_healed":0.0,"max_hp_gain":0.0,"max_hp_loss":0.0,"gold_gain":0.0,"event_name":"Forgotten Altar","player_choice":"Gave Idol","floor":29.0,"relics_lost":["Golden Idol"],"gold_loss":0.0,"damage_taken":0.0,"relics_obtained":["Bloody Idol"]},{"damage_healed":0.0,"max_hp_gain":0.0,"max_hp_loss":2.0,"gold_gain":0.0,"event_name":"Winding Halls","player_choice":"Max HP","floor":36.0,"gold_loss":0.0,"damage_taken":0.0},{"damage_healed":0.0,"max_hp_gain":0.0,"max_hp_loss":0.0,"gold_gain":0.0,"event_name":"MindBloom","player_choice":"Fight","floor":37.0,"gold_loss":0.0,"damage_taken":0.0},{"cards_removed":["Strike_G"],"damage_healed":0.0,"max_hp_gain":0.0,"max_hp_loss":0.0,"gold_gain":0.0,"event_name":"Purifier","player_choice":"Purged","floor":38.0,"gold_loss":0.0,"damage_taken":0.0},{"cards_removed":["Backstab"],"damage_healed":0.0,"max_hp_gain":0.0,"max_hp_loss":0.0,"gold_gain":0.0,"event_name":"Falling","player_choice":"Removed Attack","floor":47.0,"gold_loss":0.0,"damage_taken":0.0},{"damage_healed":0.0,"max_hp_gain":0.0,"max_hp_loss":0.0,"gold_gain":0.0,"event_name":"SensoryStone","player_choice":"Memory 1","floor":48.0,"gold_loss":0.0,"damage_taken":0.0}],"is_beta":false,"boss_relics":[{"not_picked":["HoveringKite","Fusion Hammer"],"picked":"Coffee Dripper"},{"not_picked":["WristBlade","SlaversCollar"],"picked":"Empty Cage"}],"items_purged_floors":[],"is_endless":false,"potions_floor_spawned":[7,8,11,16,20,31,33,35,45],"killed_by":"Donu and Deca","ascension_level":20}}