{"host":"pgm1p3lvdjflie30","time":1612161056,"event":{"mods":["ATMod(阿瑾Mod)","AchievementEnabler","Alarm Clock","Aspiration","Astrologer","Bard","BaseMod","Colored Map","Colored Powertips","Conspire","Dark Map","Dota2Spire","Downfall","Energized Spire","Highlight Path","Hunter ?人","LagranYue(拉格朗·月)","Mari Mod (Legacy)","Mari\u0027s V1 Patch","Minty Spire (QoL Compilation)","MostiFishMod","Nova Terra(?娃·泰拉)","Quarter Circle Forward PUNCH!","Quick Restart","Relic Stats","Reliquary","Replay The Spire","SOS（斯巴?之子）","Spicy Shops","StSLib","TestMod","The Blackbeard","The Bladedancer","The Bug Knight","The Cursed","The Hierophant","The IronCluck","The Jungle","The Mystic","The Runesmith","The Saiyan","The Showman","TheHeartMod","TheWitcher","Waifu the Spire","【?物卡牌】REMEMod","篝火指南"],"gold_per_floor":[115,115,135,155,155,155,184,184,256,272,305,316,335,346,346,451,451,467,467,467,483,19,49,49,67,67,67,79,79,104,123,317,414,414,432,532,548,594,605,605,634,634,634,634,634,634,51,51,70,85,85,85,85,85,34,62,62],"floor_reached":58,"language":"ZHS","playtime":1896,"items_purged":["Shame"],"score":1566,"play_id":"5ba26d17-13b8-4b82-b3be-ded93c09b79b","local_time":"20210201143056","is_ascension_mode":false,"campfire_choices":[{"floor":6,"key":"RECALL"},{"data":"LagranYue:AttackRubyCard","floor":8,"key":"SMITH"},{"floor":15,"key":"DIG"},{"data":"LagranYue:AttackRubyCard","floor":24,"key":"SMITH"},{"data":"LagranYue:AttackRubyCard","floor":29,"key":"SMITH"},{"data":"LagranYue:AttackCellGodCard","floor":40,"key":"SMITH"},{"data":"LagranYue:SkillBlazingSevenRingsCard","floor":44,"key":"SMITH"},{"data":"1","floor":51,"key":"LIFT"},{"data":"2","floor":54,"key":"LIFT"}],"circlet_count":0,"master_deck":["LagranYue:BaseAttackCard+1","LagranYue:BaseAttackCard+1","LagranYue:BaseAttackCard+1","LagranYue:AttackTopazCard+1","LagranYue:SkillBrokenSwordCard+1","LagranYue:BaseDefendCard+1","LagranYue:AttackCellGodCard+3","AT_FamilyPortrait+1","LagranYue:AttackRavagedCard+1","Defend_G+1","AT_WindRun+1","Crippling Poison+1","LagranYue:AttackFaithCard+1","LagranYue:AttackRubyCard+1","LagranYue:AttackFireCard+1","LagranYue:AttackIceCard+1","Pot Of Greed+1","Pot Of Greed+1","LagranYue:AttackRubyCard+1","LagranYue:AttackRubyCard+1","LagranYue:AttackRavagedCard+1","LagranYue:AttackEmeraldCard+1","LagranYue:PowerWindKingEnchantmentCard+1","LagranYue:AttackSummerCard+1","LagranYue:AttackSapphireCard+1","Pot Of Greed+1","LagranYue:AttackEngravingRoseCard+1","LagranYue:AttackDevilCard+1","LagranYue:SkillDeathBolgCard+1","LagranYue:SkillGaeBolgCard+1","LagranYue:SkillWoodSpearCard+1","LagranYue:AttackFlintCard+1","LagranYue:SkillBlazingSevenRingsCard+1","LagranYue:PowerBloodyTempleCard+1","LagranYue:MultipleThornsCard+1","LagranYue:AttackBetterCard+1","LagranYue:AttackGoldCard+1","Pot Of Greed+1","LagranYue:SkillKadeboSwordCard","LagranYue:MagicSkyrocketCard+1","LagranYue:PhysicalFitnessCard+1","LagranYue:AttackBetterCard","LagranYue:AttackBetterCard"],"relics":["LagranYue:ArmsProficiencyRelics","AT_ATBox","REME_ComplimentaryCards","DaveBox","testmod-TestBox","LagranYue:RandomDrawCardRelic","testmod-HarvestTotem","PatriotShield","NeowsBlessing","SynthV:TestCard","Runesmith:AutoHammer","Grinning Jar","Nunchaku","REME_DemonsWealth","theJungle:BirthdayCake","Toy Ornithopter","White Beast Statue","Dota2Spire:Desolator","Mirror","Replay:WaspNest","Nunchaku","AT_SilvercatRing","AT_BladeRuinedKing","testmod-IncinerationGenerator","qcfpunch:Red_Headband","Mummified Hand","Mark of the Bloom","Chameleon Ring","Girya","ReplayTheSpireMod:Ninjato","Replay:Rubber Ducky"],"acts_visited":["Exordium","Exordium","TheBeyond","TheEnding"],"potions_floor_usage":[21,25,30,30,33,38,39,41,52,57,57],"damage_taken":[{"damage":0,"enemies":"Jaw Worm","floor":1,"turns":1},{"damage":0,"enemies":"Cultist","floor":3,"turns":1},{"damage":0,"enemies":"2 Louse","floor":4,"turns":1},{"damage":16,"enemies":"Lagavulin","floor":7,"turns":4},{"damage":0,"enemies":"Exordium Wildlife","floor":10,"turns":1},{"damage":0,"enemies":"HollowMod:MossKnight","floor":11,"turns":1},{"damage":0,"enemies":"3 Louse","floor":12,"turns":1},{"damage":0,"enemies":"Gremlin Gang","floor":13,"turns":2},{"damage":0,"enemies":"Blue Slaver","floor":14,"turns":1},{"damage":60,"enemies":"Hexaghost","floor":16,"turns":3},{"damage":2,"enemies":"Shell Parasite","floor":18,"turns":2},{"damage":0,"enemies":"theJungle:GiantWrat","floor":21,"turns":2},{"damage":10,"enemies":"theJungle:Cassacara","floor":23,"turns":3},{"damage":0,"enemies":"Snake Plant","floor":25,"turns":2},{"damage":0,"enemies":"theJungle:Lyon","floor":28,"turns":1},{"damage":0,"enemies":"theJungle:2_Phrogs","floor":30,"turns":2},{"damage":0,"enemies":"theJungle:SlimyTreeVines","floor":31,"turns":2},{"damage":1,"enemies":"theJungle:QueenSpyder","floor":33,"turns":4},{"damage":0,"enemies":"3 Darklings","floor":35,"turns":1},{"damage":28,"enemies":"3 Shapes","floor":37,"turns":2},{"damage":0,"enemies":"Writhing Mass","floor":38,"turns":1},{"damage":3,"enemies":"Maw","floor":39,"turns":1},{"damage":2,"enemies":"HollowMod:StalkingDevout","floor":41,"turns":1},{"damage":0,"enemies":"3 Darklings","floor":49,"turns":1},{"damage":0,"enemies":"Writhing Mass","floor":50,"turns":1},{"damage":8,"enemies":"Time Eater","floor":52,"turns":2},{"damage":0,"enemies":"Shield and Spear","floor":56,"turns":1},{"damage":46,"enemies":"The Heart","floor":57,"turns":4}],"seed_played":"7989139127434028515","potions_obtained":[{"floor":1,"key":"SteroidPotion"},{"floor":7,"key":"Dota2Spire:Clarity"},{"floor":11,"key":"Cursed Concoction"},{"floor":14,"key":"Slimebound:ThreeZeroPotion"},{"floor":16,"key":"Block Potion"},{"floor":20,"key":"Fire Potion"},{"floor":21,"key":"Ancient Potion"},{"floor":23,"key":"ColorlessPotion"},{"floor":25,"key":"Explosive Potion"},{"floor":30,"key":"ColorlessPotion"},{"floor":31,"key":"Fire Potion"},{"floor":33,"key":"Dota2Spire:HealingSalve"},{"floor":35,"key":"testmod-TestPotion"},{"floor":37,"key":"REME_GoldPotion"},{"floor":38,"key":"Adrenaline Potion"},{"floor":39,"key":"Dexterity Potion"},{"floor":41,"key":"LifebloodPotion"},{"floor":49,"key":"Guardian:BlockOnCardUsePotion"},{"floor":50,"key":"ColorlessPotion"},{"floor":56,"key":"Dota2Spire:HealingSalve"}],"is_trial":false,"path_per_floor":["M","?","M","M","?","R","E","R","T","M","E","M","M","M","R_BF","B",null,"M","?","?","M","$","E","R","M","T","$","M","R","E","M","R_BF","B",null,"M","?","M","M","M","R","E","PTL","PTL","R","T","?","$","?","M","M","R","B",null,"R","$","E","B",null],"character_chosen":"LagranYueCharacter","items_purchased":["Dota2Spire:Desolator","Mirror","Replay:WaspNest","Chameleon Ring","Girya","ReplayTheSpireMod:Ninjato","LagranYue:AttackBetterCard"],"campfire_rested":0,"item_purchase_floors":[22,22,22,47,47,47,55],"current_hp_per_floor":[150,150,150,150,150,150,142,142,142,142,142,142,142,146,146,94,160,158,200,200,204,204,202,202,206,206,206,210,208,212,214,129,138,214,214,214,186,196,203,203,211,211,211,211,211,211,211,211,211,211,211,203,203,203,203,203,157],"gold":62,"neow_bonus":"THREE_ENEMY_KILL","is_daily":false,"chose_seed":false,"campfire_upgraded":5,"win_rate":0.0,"timestamp":1612161056,"path_taken":["M","?","?","M","?","R","E","R","T","M","E","M","M","?","R_BF","BOSS","M","?","?","M","$","E","R","M","T","?","?","R","E","M","R_BF","BOSS","M","?","M","M","M","R","E","PTL","PTL","R","T","?","?","?","M","?","R","BOSS","R","$","E","BOSS"],"items_purchased_type":["Relic","Relic","Relic","Relic","Relic","Relic","Card"],"build_version":"2020-12-22","purchased_purges":1,"victory":true,"max_hp_per_floor":[150,150,150,150,150,150,154,154,154,154,154,154,154,156,156,160,160,160,200,200,204,204,208,208,206,206,206,210,208,212,214,214,214,214,214,214,214,214,214,214,214,214,214,214,214,214,214,214,214,218,218,218,218,218,218,218,226],"relic_stats":{"Nunchaku":[27],"Mark of the Bloom":542,"counters":[28,49],"Mummified Hand":[0],"obtain_stats":[{"PatriotShield":0,"Mark of the Bloom":46,"AT_ATBox":0,"DaveBox":0,"LagranYue:RandomDrawCardRelic":0,"testmod-IncinerationGenerator":34,"Dota2Spire:ShadowBlade":5,"Replay:Rubber Ducky":56,"Nunchaku":15,"REME_DemonsWealth":17,"Chameleon Ring":47,"Mummified Hand":45,"LagranYue:ArmsProficiencyRelics":0,"theJungle:BirthdayCake":19,"Girya":47,"testmod-TestBox":0,"ReplayTheSpireMod:Ninjato":47,"NeowsBlessing":0,"ReplayTheSpireMod:Ring of Addiction":20,"Replay:WaspNest":22,"AT_BladeRuinedKing":30,"testmod-HarvestTotem":0,"AT_SilvercatRing":26,"White Beast Statue":20,"SynthV:TestCard":1,"reliquary:SculptingSteel":23,"qcfpunch:Red_Headband":41,"Runesmith:AutoHammer":7,"Grinning Jar":11,"Mirror":22,"Toy Ornithopter":20,"REME_ComplimentaryCards":0,"Dota2Spire:Desolator":22},{"PatriotShield":0,"Mark of the Bloom":23,"AT_ATBox":0,"DaveBox":0,"LagranYue:RandomDrawCardRelic":0,"testmod-IncinerationGenerator":18,"Dota2Spire:ShadowBlade":3,"Replay:Rubber Ducky":27,"Nunchaku":9,"REME_DemonsWealth":10,"Chameleon Ring":23,"Mummified Hand":23,"LagranYue:ArmsProficiencyRelics":0,"theJungle:BirthdayCake":11,"Girya":23,"testmod-TestBox":0,"ReplayTheSpireMod:Ninjato":23,"NeowsBlessing":0,"ReplayTheSpireMod:Ring of Addiction":11,"Replay:WaspNest":12,"AT_BladeRuinedKing":16,"testmod-HarvestTotem":0,"AT_SilvercatRing":14,"White Beast Statue":11,"SynthV:TestCard":1,"reliquary:SculptingSteel":13,"qcfpunch:Red_Headband":23,"Runesmith:AutoHammer":4,"Grinning Jar":6,"Mirror":12,"Toy Ornithopter":11,"REME_ComplimentaryCards":0,"Dota2Spire:Desolator":12},{"PatriotShield":0,"Mark of the Bloom":40,"AT_ATBox":0,"DaveBox":0,"LagranYue:RandomDrawCardRelic":0,"testmod-IncinerationGenerator":34,"Dota2Spire:ShadowBlade":3,"Replay:Rubber Ducky":45,"Nunchaku":13,"REME_DemonsWealth":16,"Chameleon Ring":40,"Mummified Hand":40,"LagranYue:ArmsProficiencyRelics":0,"theJungle:BirthdayCake":18,"Girya":40,"testmod-TestBox":0,"ReplayTheSpireMod:Ninjato":40,"NeowsBlessing":0,"ReplayTheSpireMod:Ring of Addiction":18,"Replay:WaspNest":20,"AT_BladeRuinedKing":28,"testmod-HarvestTotem":0,"AT_SilvercatRing":25,"White Beast Statue":18,"SynthV:TestCard":1,"reliquary:SculptingSteel":23,"qcfpunch:Red_Headband":40,"Runesmith:AutoHammer":7,"Grinning Jar":9,"Mirror":20,"Toy Ornithopter":18,"REME_ComplimentaryCards":0,"Dota2Spire:Desolator":20}],"Toy Ornithopter":44},"card_choices":[{"not_picked":["LagranYue:SkillTestamentCard","LagranYue:PrematureBurialCard"],"picked":"LagranYue:AttackRavagedCard","floor":1},{"not_picked":["LagranYue:ForgingCard","LagranYue:SkillBrokenShieldCard","LagranYue:SkillDistortionCard","LagranYue:SkillExplosiveArmorCard"],"picked":"LagranYue:AttackFaithCard","floor":3},{"not_picked":["LagranYue:AttackEngravingRoseCard","LagranYue:AttackIceCard","LagranYue:PowerKingTreasureCard","LagranYue:ForgingCard"],"picked":"LagranYue:AttackRubyCard","floor":4},{"not_picked":["LagranYue:SkillExplosiveArmorCard","LagranYue:MultipleThornsCard","LagranYue:SkillBrokenSwordCard","LagranYue:AttackGodArchCard"],"picked":"LagranYue:AttackFireCard","floor":7},{"not_picked":["LagranYue:SkillWoodSpearCard","LagranYue:EmeraldRemorseCard","LagranYue:AttackEngravingRoseCard","LagranYue:AttackFutureCard"],"picked":"LagranYue:AttackIceCard","floor":10},{"not_picked":["LagranYue:MultipleThornsCard","LagranYue:SkillIncompleteArchCard","LagranYue:SkillLiberationCard","LagranYue:AttackRavagedCard"],"picked":"LagranYue:AttackRubyCard","floor":11},{"not_picked":["LagranYue:PowerBloodyTempleCard","LagranYue:PurpleNightmareCard","LagranYue:SkillFalseAerialAceCard","LagranYue:SkillDistortionCard"],"picked":"LagranYue:AttackRubyCard","floor":12},{"not_picked":["LagranYue:LifeForgingCard","LagranYue:AttackEnchantmentCard","LagranYue:MagicSkyrocketCard","LagranYue:MultipleThornsCard"],"picked":"LagranYue:AttackRavagedCard","floor":13},{"not_picked":["LagranYue:SkillBrokenSwordCard","LagranYue:AttackCrowCrossbowCard","LagranYue:AttackEnchantmentCard","LagranYue:PrematureBurialCard"],"picked":"LagranYue:AttackEmeraldCard","floor":14},{"not_picked":["LagranYue:SkillCocoonEvolutionCard","LagranYue:AttackGalacticZeroCard","LagranYue:AttackMagicSwordCard","LagranYue:AttackGodArchCard"],"picked":"LagranYue:PowerWindKingEnchantmentCard","floor":16},{"not_picked":["LagranYue:AttackKingCard","LagranYue:MultipleThornsCard","LagranYue:SkillKadeboSwordCard","LagranYue:SkillChiharaHoundCard+1","downfall:Haunted"],"picked":"LagranYue:AttackSummerCard","floor":18},{"not_picked":["LagranYue:SkillBrokenSwordCard","LagranYue:SkillKadeboSwordCard","LagranYue:AttackEnchantmentCard","LagranYue:PowerDarkTempleCard","SnafuTest:CurseWeakArmy"],"picked":"LagranYue:AttackSapphireCard","floor":21},{"not_picked":["LagranYue:MultipleThornsCard","LagranYue:PowerKingTreasureCard","LagranYue:ProjectionCard+1","LagranYue:AttackRavagedCard+1","SnafuTest:CurseRandom"],"picked":"LagranYue:AttackEngravingRoseCard","floor":23},{"not_picked":["LagranYue:PhysicalFitnessCard","LagranYue:SkillExplosiveArmorCard","LagranYue:SkillBrokenSwordCard","LagranYue:AttackKillerCard","conspire:NecroticWound"],"picked":"LagranYue:AttackDevilCard","floor":25},{"not_picked":["LagranYue:SkillIncompleteArchCard+1","LagranYue:SkillHeartWaterCard","LagranYue:AttackDevilCard","LagranYue:SkillBrokenShieldCard+1","SnafuTest:CurseRandom"],"picked":"LagranYue:SkillDeathBolgCard","floor":28},{"not_picked":["LagranYue:AttackIceCard+1","LagranYue:DefendBetterCard","LagranYue:SkillChiharaHoundCard","LagranYue:PurpleNightmareCard","SnafuTest:CursePact"],"picked":"LagranYue:SkillGaeBolgCard","floor":30},{"not_picked":["LagranYue:DefendBetterCard+1","LagranYue:MultipleThornsCard","LagranYue:AttackTopazCard","LagranYue:AttackPurpleCard","SnafuTest:CurseImprisonment"],"picked":"LagranYue:SkillWoodSpearCard+1","floor":31},{"not_picked":["LagranYue:SkillDistortionCard","LagranYue:AttackFaithCard","LagranYue:PowerGoldStartCard","LagranYue:DefendBetterCard+1","ReplayTheSpireMod:Doomed"],"picked":"LagranYue:AttackFlintCard+1","floor":32},{"not_picked":["LagranYue:AttackGalacticZeroCard","LagranYue:AttackCellGodCard","LagranYue:AttackMagicSwordCard","LagranYue:AttackGodSpearCard","SnafuTest:CurseHeatDeath"],"picked":"LagranYue:SkillBlazingSevenRingsCard","floor":33},{"not_picked":["LagranYue:SkillIncompleteArchCard","LagranYue:SkillWoodSpearCard","LagranYue:SkillBrokenSwordCard","LagranYue:RoseCard+1","SnafuTest:CurseDisclosure"],"picked":"LagranYue:PowerBloodyTempleCard+1","floor":35},{"not_picked":["LagranYue:AttackEngravingRoseCard+1","LagranYue:AttackSummerCard","LagranYue:EmeraldRemorseCard","LagranYue:DefendBetterCard","Amnesia"],"picked":"LagranYue:MultipleThornsCard","floor":37},{"not_picked":["LagranYue:SkillExplosiveArmorCard","LagranYue:SkillFalseAerialAceCard","LagranYue:AttackKillerCard","LagranYue:MultipleThornsCard+1","downfall:Icky"],"picked":"LagranYue:AttackBetterCard+1","floor":38},{"not_picked":["LagranYue:AttackIceCard+1","LagranYue:SkillDisasterEquipmentCard","LagranYue:AttackSapphireCard","LagranYue:AttackEngravingRoseCard","LagranYue:SkillBrokenSwordCard","Hallucinations"],"picked":"SKIP","floor":39},{"not_picked":["LagranYue:BraveTemperamentCard","LagranYue:AttackKingCard","LagranYue:PowerGoldStartCard+1","LagranYue:AttackIceCard","SnafuTest:CurseWeakArmy"],"picked":"LagranYue:AttackGoldCard","floor":41},{"not_picked":["LagranYue:AttackMagicMoonCard","LagranYue:SkillLiberationCard+1","LagranYue:DefendBetterCard","LagranYue:ProjectionCard+1","Decay"],"picked":"LagranYue:MagicSkyrocketCard+1","floor":49},{"not_picked":["LagranYue:EmeraldRemorseCard+1","LagranYue:TestChooseCard","LagranYue:AttackAerCard","LagranYue:SkillEightFeetJadeCard+1","ReplayTheSpireMod:Faulty Equipment"],"picked":"LagranYue:PhysicalFitnessCard+1","floor":50},{"not_picked":["LagranYue:ForgingCard","LagranYue:AttackKingCard","LagranYue:AttackRubyCard","LagranYue:SkillDisasterEquipmentCard","conspire:NecroticWound"],"picked":"LagranYue:AttackBetterCard","floor":56}],"player_experience":274389,"relics_obtained":[{"floor":1,"key":"SynthV:TestCard"},{"floor":7,"key":"Runesmith:AutoHammer"},{"floor":11,"key":"Grinning Jar"},{"floor":15,"key":"Nunchaku"},{"floor":20,"key":"Toy Ornithopter"},{"floor":20,"key":"White Beast Statue"},{"floor":23,"key":"reliquary:SculptingSteel"},{"floor":26,"key":"AT_SilvercatRing"},{"floor":30,"key":"AT_BladeRuinedKing"},{"floor":41,"key":"qcfpunch:Red_Headband"},{"floor":45,"key":"Mummified Hand"},{"floor":56,"key":"Replay:Rubber Ducky"}],"event_choices":[{"damage_healed":0,"gold_gain":0,"player_choice":"Gave Potion","damage_taken":0,"relics_obtained":["Dota2Spire:ShadowBlade"],"max_hp_gain":0,"max_hp_loss":0,"event_name":"WeMeetAgain","floor":5,"gold_loss":0},{"damage_healed":0,"gold_gain":0,"player_choice":"Swap Relic","damage_taken":0,"relics_obtained":["ReplayTheSpireMod:Ring of Addiction"],"max_hp_gain":0,"max_hp_loss":0,"event_name":"?自己的盒子","floor":20,"relics_lost":["Dota2Spire:ShadowBlade"],"gold_loss":0},{"damage_healed":0,"gold_gain":100,"player_choice":"Sell","damage_taken":0,"max_hp_gain":0,"max_hp_loss":0,"event_name":"恩洛斯的?子","floor":36,"relics_lost":["ReplayTheSpireMod:Ring of Addiction"],"gold_loss":0},{"damage_healed":0,"gold_gain":0,"player_choice":"Upgrade","damage_taken":0,"relics_obtained":["Mark of the Bloom"],"max_hp_gain":0,"max_hp_loss":0,"event_name":"MindBloom","floor":46,"gold_loss":0,"cards_upgraded":["LagranYue:BaseAttackCard","LagranYue:BaseAttackCard","LagranYue:BaseAttackCard","LagranYue:AttackTopazCard","LagranYue:SkillBrokenSwordCard","LagranYue:BaseAttackCard","LagranYue:BaseDefendCard","LagranYue:AttackCellGodCard","AT_FamilyPortrait","LagranYue:AttackRavagedCard","Defend_G","AT_WindRun","Crippling Poison","LagranYue:AttackFaithCard","LagranYue:AttackFireCard","LagranYue:AttackIceCard","Pot Of Greed","Pot Of Greed","LagranYue:AttackRavagedCard","LagranYue:AttackEmeraldCard","LagranYue:PowerWindKingEnchantmentCard","LagranYue:AttackSummerCard","LagranYue:AttackSapphireCard","Pot Of Greed","LagranYue:AttackEngravingRoseCard","LagranYue:AttackDevilCard","LagranYue:SkillDeathBolgCard","LagranYue:SkillGaeBolgCard","LagranYue:MultipleThornsCard","LagranYue:AttackGoldCard","Pot Of Greed"]},{"damage_healed":0,"gold_gain":0,"cards_transformed":["LagranYue:BaseAttackCard"],"player_choice":"Transformed","damage_taken":0,"max_hp_gain":0,"max_hp_loss":0,"event_name":"Transmorgrifier","floor":48,"gold_loss":0,"cards_obtained":["LagranYue:SkillKadeboSwordCard"]}],"is_beta":false,"boss_relics":[{"not_picked":["Runic Pyramid","testmod-BloodSacrificeSpiritualization"],"picked":"REME_DemonsWealth"},{"not_picked":["reliquary:WritOfMandamus","energizedSpire:EnergizedDie"],"picked":"testmod-IncinerationGenerator"}],"items_purged_floors":[22],"is_endless":false,"potions_floor_spawned":[1,7,11,14,16,21,23,25,28,30,31,33,35,37,38,39,41,49,50,56],"ascension_level":0}}