{"host":"p7cjtxxrilhp4dw7","time":1612143069,"event":{"mods":["BaseMod","Block Reminder","Colored Map","Curses Come First","Highlight Path","Minty Spire (QoL Compilation)","Replay The Spire","StSLib","The Hierophant"],"gold_per_floor":[119,194,194,210,210,244,257,257,257,290,309,309,321,351,351,351,351],"floor_reached":16,"language":"ENG","playtime":1055,"items_purged":[],"score":180,"play_id":"464e96e7-4340-490b-afb2-f56b6d3f9b68","local_time":"20210131183109","is_ascension_mode":true,"campfire_choices":[{"floor":8,"key":"REST"},{"floor":12,"key":"REST"},{"floor":15,"key":"REST"}],"circlet_count":0,"master_deck":["AscendersBane","Strike_B","Strike_B","Strike_B","Strike_B","Defend_B","Defend_B","Defend_B","Defend_B","Zap","Dualcast","Conserve Battery","Go for the Eyes","Hologram","Electrodynamics","Defragment","Glacier"],"relics":["Cracked Core","Regal Pillow","Mercury Hourglass","Centennial Puzzle","Snack Pack"],"acts_visited":["Exordium"],"potions_floor_usage":[10,10],"damage_taken":[{"damage":0,"enemies":"2 Louse","floor":1,"turns":2},{"damage":12,"enemies":"Jaw Worm","floor":4,"turns":3},{"damage":43,"enemies":"Gremlin Nob","floor":6,"turns":5},{"damage":1,"enemies":"Cultist","floor":7,"turns":4},{"damage":15,"enemies":"Lagavulin","floor":10,"turns":7},{"damage":0,"enemies":"2 Fungi Beasts","floor":11,"turns":2},{"damage":13,"enemies":"Blue Slaver","floor":13,"turns":3},{"damage":23,"enemies":"Gremlin Nob","floor":14,"turns":4},{"damage":91,"enemies":"Hexaghost","floor":16,"turns":16}],"seed_played":"-346590445219935043","potions_obtained":[{"floor":6,"key":"Weak Potion"},{"floor":7,"key":"LifebloodPotion"}],"is_trial":false,"path_per_floor":["M","?","?","M","?","E","M","R","T","E","M","R","M","E","R","B"],"character_chosen":"DEFECT","items_purchased":[],"campfire_rested":3,"item_purchase_floors":[],"current_hp_per_floor":[75,64,69,57,57,14,13,54,54,39,39,80,67,44,85,0,0],"gold":351,"neow_bonus":"TEN_PERCENT_HP_BONUS","is_daily":false,"chose_seed":false,"campfire_upgraded":0,"win_rate":0.0,"timestamp":1612143069,"path_taken":["M","?","?","M","?","E","?","R","T","E","M","R","M","E","R","BOSS"],"items_purchased_type":[],"build_version":"2020-12-22","purchased_purges":0,"victory":false,"max_hp_per_floor":[82,82,87,87,87,87,87,87,87,87,87,87,87,87,87,87,87],"card_choices":[{"not_picked":["Turbo","Heatsinks","Coolheaded"],"picked":"SKIP","floor":1},{"not_picked":["Redo","Barrage"],"picked":"Conserve Battery","floor":4},{"not_picked":["Doom and Gloom","Storm"],"picked":"Go for the Eyes","floor":6},{"not_picked":["ReplayTheSpireMod:GoodbyeWorld","Time Bomb"],"picked":"Hologram","floor":7},{"not_picked":["Sunder","Cold Snap"],"picked":"Electrodynamics","floor":10},{"not_picked":["Turbo","ReplayTheSpireMod:GoodbyeWorld","Fusion"],"picked":"SKIP","floor":11},{"not_picked":["Hello World","Rebound"],"picked":"Defragment","floor":13},{"not_picked":["Blizzard","Streamline"],"picked":"Glacier","floor":14}],"player_experience":600703,"relics_obtained":[{"floor":6,"key":"Regal Pillow"},{"floor":9,"key":"Mercury Hourglass"},{"floor":10,"key":"Centennial Puzzle"},{"floor":14,"key":"Snack Pack"}],"event_choices":[{"damage_healed":0,"gold_gain":75,"player_choice":"Gather Gold","damage_taken":11,"max_hp_gain":0,"max_hp_loss":0,"event_name":"World of Goop","floor":2,"gold_loss":0},{"damage_healed":0,"gold_gain":0,"player_choice":"Donut","damage_taken":0,"max_hp_gain":5,"max_hp_loss":0,"event_name":"Big Fish","floor":3,"gold_loss":0}],"is_beta":false,"boss_relics":[],"items_purged_floors":[],"is_endless":false,"potions_floor_spawned":[6,7],"killed_by":"Hexaghost","ascension_level":10}}