{"host":"doxo6v3vhswwfk80","time":1612159058,"event":{"mods":["2.2 Compatiblity","AchievementEnabler","Act Like it!","BaseMod","Better Altar","Better Match","Better Note","Better Sensory Stone","Better Skull","Better Third Choice","Curses Come First","Hermit","Minty Spire (QoL Compilation)","Quick Restart","Relic Stats","Shade Mod","StSLib","The Hierophant","The Runesmith"],"gold_per_floor":[118,293,293,309,309,344,344,378,378,417,417,441,22,47,47,167,167,191,191,65,65,89,125,125,464,491,535,554,601,122,122,122,247,247,263,263,263,60,76,107,107,155,155,206,206,206,206],"floor_reached":46,"language":"ENG","playtime":3649,"items_purged":["Doubt"],"score":780,"play_id":"f2961654-e493-4c78-9798-0e5a8347ccc4","local_time":"20210131235738","daily_mods":["Draft","Elite Swarm"],"is_ascension_mode":true,"campfire_choices":[{"floor":11,"key":"REST"},{"floor":15,"key":"REST"},{"floor":24,"key":"REST"},{"floor":32,"key":"REST"},{"floor":41,"key":"REST"}],"circlet_count":0,"master_deck":["hermit:FlashPowder+1","hermit:Deadeye","hermit:Roulette","hermit:NoHoldsBarred+1","hermit:Vantage","hermit:Ricochet","hermit:BodyArmor","hermit:WideOpen","hermit:Snipe","hermit:TrackingShot","hermit:Snipe","hermit:Headshot","hermit:FlashPowder","hermit:Quickdraw","hermit:EternalForm+1","hermit:Roughhouse","hermit:EternalForm","hermit:HighCaliber","hermit:EternalForm+1","hermit:Quickdraw+1","hermit:Roughhouse","hermit:Enervate+1","hermit:Quickdraw+1","hermit:Brawl","hermit:Dive","hermit:NoHoldsBarred+1","hermit:DeadOrAlive","hermit:EternalForm","hermit:Scavenge+1","hermit:Gambit","hermit:Brawl","hermit:Snipe","hermit:Ricochet","hermit:EternalForm","hermit:Snipe","hermit:TakeAim","hermit:Headshot","hermit:Ricochet+1","hermit:Adapt","hermit:EternalForm","hermit:EternalForm","Blind","Dramatic Entrance"],"relics":["hermit:Momento","Golden Idol","TungstenRod","Pen Nib","Pantograph","hermit:Horseshoe","hermit:RyeStalk","DollysMirror","Astrolabe","Anchor","Old Coin","Boot","Kunai","Ice Cream","Bag of Preparation","Whetstone","Incense Burner","SlaversCollar","Membership Card","Mummified Hand","Orichalcum","Gremlin Horn","Regal Pillow"],"acts_visited":["Exordium","TheCity","TheBeyond"],"potions_floor_usage":[6,10,23,35,40,42,46],"damage_taken":[{"damage":1,"enemies":"Jaw Worm","floor":1,"turns":2},{"damage":0,"enemies":"2 Louse","floor":4,"turns":1},{"damage":6,"enemies":"Lagavulin","floor":6,"turns":5},{"damage":0,"enemies":"Gremlin Nob","floor":8,"turns":3},{"damage":16,"enemies":"Lagavulin","floor":10,"turns":6},{"damage":0,"enemies":"Small Slimes","floor":12,"turns":2},{"damage":0,"enemies":"Exordium Thugs","floor":14,"turns":2},{"damage":12,"enemies":"Hexaghost","floor":16,"turns":6},{"damage":6,"enemies":"Shell Parasite","floor":18,"turns":4},{"damage":4,"enemies":"Chosen","floor":22,"turns":3},{"damage":24,"enemies":"Slavers","floor":23,"turns":3},{"damage":14,"enemies":"Gremlin Leader","floor":25,"turns":6},{"damage":23,"enemies":"Slavers","floor":27,"turns":5},{"damage":0,"enemies":"Snecko","floor":28,"turns":3},{"damage":3,"enemies":"Gremlin Leader","floor":29,"turns":6},{"damage":13,"enemies":"Automaton","floor":33,"turns":6},{"damage":25,"enemies":"3 Shapes","floor":35,"turns":3},{"damage":12,"enemies":"Orb Walker","floor":39,"turns":3},{"damage":0,"enemies":"Nemesis","floor":40,"turns":5},{"damage":17,"enemies":"Reptomancer","floor":42,"turns":6},{"damage":36,"enemies":"Nemesis","floor":44,"turns":7},{"damage":11,"enemies":"Reptomancer","floor":46,"turns":2}],"seed_played":"7426159230142710944","potions_obtained":[{"floor":1,"key":"Energy Potion"},{"floor":4,"key":"SteroidPotion"},{"floor":16,"key":"AttackPotion"},{"floor":22,"key":"Swift Potion"},{"floor":28,"key":"Ancient Potion"},{"floor":33,"key":"Explosive Potion"},{"floor":42,"key":"Energy Potion"},{"floor":44,"key":"Explosive Potion"}],"is_trial":true,"path_per_floor":["M","?","?","M","?","E","?","E","T","E","R","M","$","M","R","B",null,"M","?","$","?","M","E","R","E","T","E","M","E","$","T","R","B",null,"M","?","?","$","M","E","R","E","T","E","?","E"],"character_chosen":"HERMIT","items_purchased":["hermit:RyeStalk","DollysMirror","hermit:ItchyTrigger","hermit:Brawl","hermit:Dive","Bag of Preparation","Whetstone","hermit:Brawl","hermit:Snipe","hermit:Ricochet","Membership Card","hermit:TakeAim","hermit:Headshot"],"campfire_rested":5,"item_purchase_floors":[13,13,13,20,20,30,30,30,30,30,38,38,38],"current_hp_per_floor":[74,74,59,59,41,35,35,35,35,19,41,41,41,41,63,63,75,69,69,69,69,65,41,63,49,49,26,26,23,23,23,45,57,75,50,50,50,50,38,38,60,43,43,7,7,0,0],"gold":206,"neow_bonus":"","is_daily":false,"chose_seed":false,"campfire_upgraded":0,"win_rate":0.0,"timestamp":1612159058,"path_taken":["M","?","?","M","?","E","?","E","T","E","R","M","$","M","R","BOSS","M","?","$","?","?","E","R","E","T","E","M","E","$","?","R","BOSS","M","?","?","$","M","E","R","E","T","E","?","E"],"items_purchased_type":["Relic","Relic","Card","Card","Card","Relic","Relic","Card","Card","Card","Relic","Card","Card"],"build_version":"2020-12-22","purchased_purges":1,"victory":false,"max_hp_per_floor":[75,75,75,75,75,75,75,75,75,75,75,75,75,75,75,75,75,75,75,75,75,75,75,75,75,75,75,75,75,75,75,75,75,75,75,75,75,75,75,75,75,75,75,75,75,75,75],"relic_stats":{"Regal Pillow":0,"Gremlin Horn":[2,2],"counters":[22,89],"Golden Idol":156,"Astrolabe":["hermit:Grudge","hermit:Midnight","hermit:Enervate"],"Pen Nib":[18],"Bag of Preparation":[14],"Whetstone":["hermit:NoHoldsBarred","hermit:Quickdraw"],"Orichalcum":[18],"Boot":[40],"Mummified Hand":[28],"Pantograph":37,"Kunai":[18],"obtain_stats":[{"Ice Cream":29,"Regal Pillow":44,"Gremlin Horn":43,"Golden Idol":5,"Astrolabe":17,"Pen Nib":8,"Bag of Preparation":30,"Incense Burner":31,"Whetstone":30,"Orichalcum":42,"Boot":26,"Old Coin":25,"hermit:RyeStalk":13,"SlaversCollar":34,"Anchor":23,"DollysMirror":13,"Mummified Hand":40,"Pantograph":9,"Kunai":27,"Membership Card":38,"hermit:Horseshoe":10,"hermit:Momento":0,"TungstenRod":6},{"Ice Cream":15,"Regal Pillow":21,"Gremlin Horn":20,"Golden Idol":2,"Astrolabe":8,"Pen Nib":4,"Bag of Preparation":15,"Incense Burner":15,"Whetstone":15,"Orichalcum":20,"Boot":12,"Old Coin":12,"hermit:RyeStalk":6,"SlaversCollar":16,"Anchor":11,"DollysMirror":6,"Mummified Hand":19,"Pantograph":4,"Kunai":13,"Membership Card":17,"hermit:Horseshoe":5,"hermit:Momento":0,"TungstenRod":3},{"Ice Cream":57,"Regal Pillow":87,"Gremlin Horn":80,"Golden Idol":3,"Astrolabe":27,"Pen Nib":11,"Bag of Preparation":57,"Incense Burner":57,"Whetstone":57,"Orichalcum":80,"Boot":43,"Old Coin":43,"hermit:RyeStalk":19,"SlaversCollar":63,"Anchor":37,"DollysMirror":19,"Mummified Hand":74,"Pantograph":11,"Kunai":48,"Membership Card":66,"hermit:Horseshoe":17,"hermit:Momento":0,"TungstenRod":8}],"TungstenRod":43},"card_choices":[{"not_picked":["hermit:LowProfile","hermit:CalledShot"],"picked":"hermit:FlashPowder","floor":0},{"not_picked":["hermit:Spite","hermit:Gestalt"],"picked":"hermit:Feint","floor":0},{"not_picked":["hermit:LowProfile","hermit:EyeOfTheStorm"],"picked":"hermit:Deadeye","floor":0},{"not_picked":["hermit:LowProfile","hermit:HoleUp"],"picked":"hermit:Roulette","floor":0},{"not_picked":["hermit:Misfire","hermit:Midnight"],"picked":"hermit:TakeCover","floor":0},{"not_picked":["hermit:Gestalt","hermit:BodyArmor"],"picked":"hermit:NoHoldsBarred","floor":0},{"not_picked":["hermit:Coalescence","hermit:HoleUp"],"picked":"hermit:Vantage","floor":0},{"not_picked":["hermit:CalledShot","hermit:TakeCover"],"picked":"hermit:Ricochet","floor":0},{"not_picked":["hermit:Determination","hermit:Maintenance"],"picked":"hermit:BodyArmor","floor":0},{"not_picked":["hermit:Feint","hermit:Vantage"],"picked":"hermit:WideOpen","floor":0},{"not_picked":["hermit:Headshot","hermit:Feint"],"picked":"hermit:Snipe","floor":0},{"not_picked":["hermit:HighCaliber","hermit:Vantage"],"picked":"hermit:TrackingShot","floor":0},{"not_picked":["hermit:Manifest","hermit:TrackingShot"],"picked":"hermit:Snipe","floor":0},{"not_picked":["hermit:Showdown","hermit:Virtue"],"picked":"hermit:Headshot","floor":0},{"not_picked":["hermit:Maintenance","hermit:Midnight"],"picked":"hermit:FlashPowder","floor":0},{"not_picked":["hermit:Feint","hermit:Manifest"],"picked":"hermit:CalledShot","floor":1},{"not_picked":["hermit:Ricochet","hermit:Glare"],"picked":"hermit:Quickdraw","floor":4},{"not_picked":["hermit:Dissolve","hermit:Magnum"],"picked":"hermit:EternalForm","floor":6},{"not_picked":["hermit:Reprieve","hermit:DeadOrAlive"],"picked":"hermit:Roughhouse","floor":8},{"not_picked":["hermit:OverwhelmingPower","hermit:BlackWind"],"picked":"hermit:EternalForm","floor":10},{"not_picked":["hermit:FullyLoaded","hermit:Maintenance"],"picked":"hermit:HighCaliber","floor":12},{"not_picked":["hermit:CalledShot","hermit:ItchyTrigger"],"picked":"hermit:Quickdraw","floor":14},{"not_picked":["hermit:OverwhelmingPower","hermit:FromBeyond"],"picked":"hermit:Roughhouse","floor":16},{"not_picked":["hermit:SprayPray+1","hermit:LowProfile"],"picked":"hermit:Quickdraw+1","floor":18},{"not_picked":["hermit:Spite+1","hermit:Feint","hermit:Quickdraw"],"picked":"SKIP","floor":22},{"not_picked":["hermit:HighNoon","hermit:FromBeyond"],"picked":"hermit:DeadOrAlive","floor":23},{"not_picked":["hermit:Reprieve","hermit:HighNoon","hermit:FinalCanter"],"picked":"SKIP","floor":25},{"not_picked":["hermit:HeroicBravado","hermit:Gambit"],"picked":"hermit:EternalForm","floor":27},{"not_picked":["hermit:Showdown","hermit:Maintenance"],"picked":"hermit:Scavenge+1","floor":28},{"not_picked":["hermit:Magnum","hermit:Reprieve"],"picked":"hermit:Gambit","floor":29},{"not_picked":["hermit:FromBeyond","hermit:Magnum"],"picked":"hermit:EternalForm","floor":33},{"not_picked":["hermit:Vantage+1","hermit:CalledShot+1"],"picked":"hermit:Snipe","floor":35},{"not_picked":["hermit:Virtue","hermit:Spite"],"picked":"hermit:Ricochet+1","floor":39},{"not_picked":["hermit:Purgatory","hermit:FatalDesire"],"picked":"hermit:Adapt","floor":40},{"not_picked":["hermit:Dissolve","hermit:Purgatory"],"picked":"hermit:EternalForm","floor":42},{"not_picked":["hermit:Magnum","hermit:FinalCanter"],"picked":"hermit:EternalForm","floor":44},{"not_picked":["Trip","Mind Blast"],"picked":"Blind","floor":45},{"not_picked":["Magnetism","Secret Weapon"],"picked":"Dramatic Entrance","floor":45}],"player_experience":135393,"relics_obtained":[{"floor":6,"key":"TungstenRod"},{"floor":8,"key":"Pen Nib"},{"floor":9,"key":"Pantograph"},{"floor":10,"key":"hermit:Horseshoe"},{"floor":23,"key":"Anchor"},{"floor":25,"key":"Old Coin"},{"floor":26,"key":"Boot"},{"floor":27,"key":"Kunai"},{"floor":29,"key":"Ice Cream"},{"floor":31,"key":"Incense Burner"},{"floor":40,"key":"Mummified Hand"},{"floor":42,"key":"Orichalcum"},{"floor":43,"key":"Gremlin Horn"},{"floor":44,"key":"Regal Pillow"}],"event_choices":[{"damage_healed":0,"gold_gain":175,"player_choice":"AGREE","damage_taken":118,"max_hp_gain":0,"max_hp_loss":0,"event_name":"betterThird:BetterSerpent","floor":2,"gold_loss":0},{"damage_healed":74,"gold_gain":0,"player_choice":"Upgrade","damage_taken":15,"max_hp_gain":0,"max_hp_loss":75,"event_name":"betterThird:BetterShining","floor":3,"gold_loss":0,"cards_upgraded":["hermit:FlashPowder","hermit:NoHoldsBarred"]},{"damage_healed":0,"gold_gain":0,"player_choice":"Take Damage","damage_taken":18,"relics_obtained":["Golden Idol"],"max_hp_gain":0,"max_hp_loss":0,"event_name":"Golden Idol","floor":5,"gold_loss":0},{"damage_healed":0,"gold_gain":0,"player_choice":"Grow","damage_taken":0,"max_hp_gain":0,"max_hp_loss":0,"event_name":"Living Wall","floor":7,"gold_loss":0,"cards_upgraded":["hermit:EternalForm"]},{"cards_removed":["hermit:Grudge"],"damage_healed":0,"gold_gain":0,"player_choice":"Elegance","damage_taken":0,"max_hp_gain":0,"max_hp_loss":0,"event_name":"betterThird:BetterWriting","floor":19,"gold_loss":0},{"damage_healed":0,"gold_gain":0,"cards_transformed":["hermit:Midnight"],"player_choice":"Transformed","damage_taken":0,"max_hp_gain":0,"max_hp_loss":0,"event_name":"Transmorgrifier","floor":21,"gold_loss":0,"cards_obtained":["hermit:NoHoldsBarred"]},{"cards_removed":["hermit:Feint"],"damage_healed":0,"gold_gain":0,"player_choice":"Removed Skill","damage_taken":0,"max_hp_gain":0,"max_hp_loss":0,"event_name":"Falling","floor":36,"gold_loss":0},{"damage_healed":0,"gold_gain":0,"player_choice":"Ignored","damage_taken":0,"max_hp_gain":0,"max_hp_loss":0,"event_name":"Tomb of Lord Red Mask","floor":37,"gold_loss":0},{"damage_healed":0,"gold_gain":3,"player_choice":"1","damage_taken":0,"max_hp_gain":0,"max_hp_loss":0,"event_name":"betterStone:BetterStone","floor":45,"gold_loss":0}],"is_beta":false,"boss_relics":[{"not_picked":["Coffee Dripper","Cursed Key"],"picked":"Astrolabe"},{"not_picked":["Fusion Hammer","SacredBark"],"picked":"SlaversCollar"}],"items_purged_floors":[13],"is_endless":false,"potions_floor_spawned":[1,4,16,22,28,33,42,44],"killed_by":"Reptomancer","ascension_level":1}}