{"host":"qmnyg5dk1o6rw6mz","time":1612185506,"event":{"mods":["2.2 Compatiblity","AchievementEnabler","Act Like it!","Aspiration","Astrologer","BaseMod","Beaked The Cultist","Better Altar","Better Match","Better Note","Better Sensory Stone","Better Skull","Better Third Choice","Better Vampires","Block Reminder","CapriCore","Challenge The Spire","ChefMod","Colored Map","Colored Powertips","Conspire","Defuse TimeMaze Blight","Disable Question Mark Monsters","Displayed Cursed Tome","Downfall","Energized Spire","Fox Events","Gensokyo","GifTheSpireLib","Hermit","Highlight Path","Hubris","Infinite Spire","Jedi Mod","Marisa¡]Ãú«B¡@Å]²z¨F¡^","Marked Mod","Minty Spire (QoL Compilation)","Monster B Gone","Pale of the Ancients","Permanent Neow","Quick Restart","Reimu¡]³Õ???¡^","Relic Filter","Reliquary","Replay The Spire","StSLib","Synergy Search","The Construct","The Cursed","The Dragon Tamer","The Gatherer","The Hayseed","The Poker Player","The Runesmith","The Showman","Unceasing Turn Reminder","Wide Potions","thorton"],"gold_per_floor":[115,65,81,81,113,113,113,113,113,113,138,138,63,93,93,200,200,245,68,68,20,36,36,74,113,113,38,38,86,15,50,50,161,161,199,266,15,15,42,42,81,81,155,189,242,294,294,308,308,314,314,314,70,101,101],"floor_reached":56,"language":"ENG","playtime":2332,"items_purged":["Regret","conspire:SpireCoStock+2"],"score":1392,"play_id":"49d03162-5dee-4308-adb3-c6b6e2c16885","local_time":"20210201211826","is_ascension_mode":false,"metric_token":3731,"campfire_choices":[{"data":"conspire:SpireCoStock","floor":6,"key":"SMITH"},{"data":"DTMod:Threaten","floor":8,"key":"SMITH"},{"data":"DTMod:Overwhelm","floor":10,"key":"SMITH"},{"data":"DTMod:Overwhelm+1","floor":12,"key":"SMITH"},{"data":"conspire:SpireCoStock+1","floor":15,"key":"SMITH"},{"data":"DTMod:SealedStrike","floor":23,"key":"SMITH"},{"data":"DTMod:SealedStrike+1","floor":28,"key":"SMITH"},{"data":"DTMod:SealedStrike+2","floor":32,"key":"SMITH"},{"data":"DTMod:SealedStrike+3","floor":40,"key":"SMITH"},{"data":"DTMod:SealedStrike+4","floor":42,"key":"SMITH"},{"data":"DTMod:Overwhelm+2","floor":47,"key":"SMITH"},{"floor":49,"key":"RECALL"},{"data":"DTMod:Overwhelm+3","floor":52,"key":"SMITH"}],"dtmod_dragon_data":[15,58,1,0,12,0],"circlet_count":0,"master_deck":["DTMod:Strike+1","DTMod:Strike+1","DTMod:Strike+2","DTMod:TargetDefense+1","DTMod:TargetDefense+1","DTMod:TargetDefense+1","DTMod:SwitchingTactic+1","DTMod:Overwhelm+4","DTMod:LastStand+1","DTMod:HeatWave+1","DTMod:Threaten+1","DTMod:MagiciansMark+1","DTMod:SealedStrike+5","DTMod:Weaken+1","DTMod:EchoTactic+1","DTMod:Overwhelm+1","DTMod:Threaten+1","DTMod:CalculatedDefense+1","DTMod:ResonanceForm+1","DTMod:Weaken+1","DTMod:CleansingStrike+2","DTMod:Haste+1","DTMod:Harmonize","DTMod:TauntingStrike"],"relics":["DTMod:MagicStone","hubris:Icosahedron","reliquary:JackalopeAntler","conspire:InfiniteJournal","energizedSpire:DeadBattery","DTMod:OddArmor","DTMod:TacticalNote","ReplayTheSpireMod:Lightbulb","Blood Vial","hubris:GlazedTorus","DTMod:MindBender","Bronze Scales","infinitespire:WardingShard","reliquary:HotPoker","Whetstone","reliquary:IridiumChain","infinitespire:Satchel","Lizard Tail"],"acts_visited":["Exordium","TheCity","TheBeyond","TheEnding"],"potions_floor_usage":[11,16,24,31,33,36,36,41,44,50,55],"damage_taken":[{"damage":0,"enemies":"Small Slimes","floor":1,"turns":3},{"damage":0,"enemies":"Jaw Worm","floor":3,"turns":3},{"damage":0,"enemies":"2 Louse","floor":5,"turns":3},{"damage":2,"enemies":"3 Sentries","floor":11,"turns":5},{"damage":0,"enemies":"2 Fungi Beasts","floor":14,"turns":4},{"damage":7,"enemies":"Hexaghost","floor":16,"turns":12},{"damage":1,"enemies":"Spheric Guardian","floor":18,"turns":5},{"damage":1,"enemies":"2 Thieves","floor":22,"turns":4},{"damage":0,"enemies":"Gremlin Leader","floor":24,"turns":8},{"damage":10,"enemies":"Snecko","floor":25,"turns":5},{"damage":0,"enemies":"Snake Plant","floor":29,"turns":2},{"damage":0,"enemies":"conspire:Head Lice","floor":31,"turns":1},{"damage":4,"enemies":"Champ","floor":33,"turns":8},{"damage":3,"enemies":"3 Darklings","floor":35,"turns":7},{"damage":20,"enemies":"2 Orb Walkers","floor":36,"turns":4},{"damage":0,"enemies":"3 Shapes","floor":39,"turns":3},{"damage":13,"enemies":"Nightmare","floor":41,"turns":7},{"damage":0,"enemies":"Reptomancer","floor":44,"turns":4},{"damage":0,"enemies":"Giant Head","floor":46,"turns":5},{"damage":0,"enemies":"Jaw Worm Horde","floor":48,"turns":3},{"damage":30,"enemies":"hubris:GrandSnecko","floor":50,"turns":6},{"damage":0,"enemies":"hubris:Merchant","floor":53,"turns":1},{"damage":4,"enemies":"Shield and Spear","floor":54,"turns":4},{"damage":5,"enemies":"The Heart","floor":55,"turns":8}],"seed_played":"-5968055268406596168","potions_obtained":[{"floor":1,"key":"PowerPotion"},{"floor":5,"key":"infinitespire:BlackPotion"},{"floor":11,"key":"AttackPotion"},{"floor":24,"key":"LiquidBronze"},{"floor":31,"key":"jedi:tentaclejuice"},{"floor":35,"key":"Block Potion"},{"floor":41,"key":"AttackPotion"},{"floor":48,"key":"Block Potion"},{"floor":54,"key":"ZuzhouPotion:ReiMu"}],"is_trial":false,"path_per_floor":["M","?","M","?","M","R","?","R","T","R","E","R","$","M","R","B",null,"M","$","?","$","M","R","E","M","T","?","R","M","$","E","R","B",null,"M","?","$","?","M","R","NM","R","T","E","T","E","R","M","R_BF","B",null,"R","$","E","B",null],"character_chosen":"THE_DT","items_purchased":["DTMod:Weaken","DTMod:OddArmor","Weak Potion","DTMod:CalculatedDefense","DTMod:Weaken","DTMod:MindBender","Block Potion","infinitespire:Satchel"],"campfire_rested":0,"item_purchase_floors":[19,19,21,30,37,37,37,53],"current_hp_per_floor":[45,45,45,45,45,45,45,45,45,45,43,43,43,43,43,36,45,44,44,44,44,43,43,43,33,33,33,33,33,33,33,33,31,45,42,25,25,25,34,34,30,30,30,39,39,45,45,45,45,15,45,45,45,41,40],"gold":101,"neow_bonus":"TRANSFORM_CARD","is_daily":false,"chose_seed":false,"campfire_upgraded":12,"win_rate":0.0,"timestamp":1612185506,"path_taken":["M","?","M","?","M","R","?","R","T","R","E","R","$","M","R","BOSS","M","$","?","?","M","R","E","M","T","?","R","?","$","E","R","BOSS","M","?","?","?","M","R","NM","R","T","E","?","E","R","?","R_BF","BOSS","R","$","E","BOSS"],"items_purchased_type":["Card","Relic","Potion","Card","Card","Relic","Potion","Relic"],"build_version":"2020-12-22","purchased_purges":2,"victory":true,"max_hp_per_floor":[45,45,45,45,45,45,45,45,45,45,45,45,45,45,45,45,45,45,45,45,45,45,45,45,45,45,45,45,45,45,45,45,45,45,45,45,45,45,45,45,45,45,45,45,45,45,45,45,45,45,45,45,45,45,45],"card_choices":[{"not_picked":["DTMod:FlameSlash","DTMod:BlazingStrike"],"picked":"DTMod:LastStand","floor":1},{"not_picked":["DTMod:DeepFocus","DTMod:Cover"],"picked":"DTMod:HeatWave","floor":3},{"not_picked":["DTMod:QuickFly","DTMod:BurningEnergy"],"picked":"DTMod:Threaten","floor":5},{"not_picked":["DTMod:LowKick","DTMod:QuickFly","DTMod:ComboAttack"],"picked":"SKIP","floor":11},{"not_picked":["DTMod:BurningForce","DTMod:BizarreTactic"],"picked":"DTMod:MagiciansMark","floor":14},{"not_picked":["DTMod:OpeningTactic","DTMod:EchoTactic"],"picked":"DTMod:SealedStrike","floor":16},{"not_picked":["DTMod:MasterPlan","DTMod:TauntingStrike","DTMod:StarRain+1"],"picked":"SKIP","floor":18},{"not_picked":["DTMod:MasterPlan","DTMod:InvisibleFlame"],"picked":"DTMod:EchoTactic","floor":22},{"not_picked":["DTMod:DragonDance","DTMod:CleansingStrike"],"picked":"DTMod:Overwhelm+1","floor":24},{"not_picked":["DTMod:Punisher","DTMod:DeepFocus"],"picked":"DTMod:Threaten","floor":25},{"not_picked":["DTMod:Conduct","DTMod:MasterPlan+1","DTMod:Cover"],"picked":"SKIP","floor":29},{"not_picked":["DTMod:MagiciansMark","DTMod:FlameSlash+1","DTMod:Cover+1"],"picked":"SKIP","floor":31},{"not_picked":["DTMod:SealedStrike","DTMod:Safeguard"],"picked":"DTMod:ResonanceForm","floor":33},{"not_picked":["DTMod:MasterPlan+1","DTMod:BurningEnergy","DTMod:MagiciansMark+1"],"picked":"SKIP","floor":35},{"not_picked":["DTMod:TagTeam","DTMod:TauntingStrike"],"picked":"DTMod:CleansingStrike+1","floor":39},{"not_picked":["DTMod:BurningEnergy","DTMod:Astonish+1"],"picked":"DTMod:Haste","floor":41},{"not_picked":["DTMod:Punisher+1","DTMod:Cover"],"picked":"DTMod:Harmonize","floor":44},{"not_picked":["DTMod:QuickFly+1","DTMod:Feint+1","DTMod:MasterPlan+1"],"picked":"SKIP","floor":46},{"not_picked":["DTMod:Training","DTMod:Hide","DTMod:Shift"],"picked":"SKIP","floor":48},{"not_picked":["DTMod:GearUp","DTMod:BuildUp"],"picked":"DTMod:TauntingStrike","floor":54}],"player_experience":200738,"relics_obtained":[{"floor":11,"key":"conspire:InfiniteJournal"},{"floor":24,"key":"DTMod:TacticalNote"},{"floor":26,"key":"ReplayTheSpireMod:Lightbulb"},{"floor":31,"key":"Blood Vial"},{"floor":36,"key":"hubris:GlazedTorus"},{"floor":41,"key":"Bronze Scales"},{"floor":43,"key":"infinitespire:WardingShard"},{"floor":44,"key":"reliquary:HotPoker"},{"floor":45,"key":"Whetstone"},{"floor":46,"key":"reliquary:IridiumChain"},{"floor":54,"key":"Lizard Tail"}],"event_choices":[{"damage_healed":0,"gold_gain":0,"player_choice":"Invest 1","damage_taken":0,"max_hp_gain":0,"max_hp_loss":0,"event_name":"conspire:Investor","floor":2,"gold_loss":0},{"damage_healed":0,"gold_gain":0,"player_choice":"Box","damage_taken":0,"relics_obtained":["reliquary:JackalopeAntler"],"max_hp_gain":0,"max_hp_loss":0,"event_name":"Big Fish","floor":7,"gold_loss":0,"cards_obtained":["Regret"]},{"cards_removed":["conspire:SpireCoStock"],"damage_healed":0,"gold_gain":0,"player_choice":"Give","damage_taken":0,"max_hp_gain":0,"max_hp_loss":0,"event_name":"betterNote:BetterNote","floor":20,"gold_loss":0,"cards_obtained":["None"]},{"cards_removed":["DTMod:Strike"],"damage_healed":0,"gold_gain":0,"player_choice":"Gave Gold","damage_taken":0,"max_hp_gain":0,"max_hp_loss":0,"event_name":"Beggar","floor":27,"gold_loss":75},{"damage_healed":0,"gold_gain":0,"player_choice":"Fight","damage_taken":0,"max_hp_gain":0,"max_hp_loss":0,"event_name":"Mysterious Sphere","floor":36,"gold_loss":0},{"cards_removed":["DTMod:DoubleHit"],"damage_healed":0,"gold_gain":0,"player_choice":"Removed Attack","damage_taken":0,"max_hp_gain":0,"max_hp_loss":0,"event_name":"Falling","floor":38,"gold_loss":0}],"is_beta":false,"boss_relics":[{"not_picked":["reliquary:Ember","infinitespire:Cupcake"],"picked":"energizedSpire:DeadBattery"},{"not_picked":["Replay:Grab Bag","Honey Jar"],"picked":"DTMod:MagicStone"}],"items_purged_floors":[13,53],"is_endless":false,"potions_floor_spawned":[1,5,11,24,31,35,41,48,54],"ascension_level":0}}