{"host":"avjwtc49fhlk6kym","time":1612138162,"event":{"mods":["AchievementEnabler","BaseMod","Better Match","Better Note","Better Third Choice","Colored Map","Colored Powertips","Displayed Cursed Tome","Highlight Path","Minty Spire (QoL Compilation)","Permanent Neow","Quick Restart","StSLib"],"gold_per_floor":[12,32,44,57,57,57,71,71,125,125,156,166,184,37,37,138,138,154,68,83,96,96,96,96],"floor_reached":23,"language":"ENG","playtime":1007,"items_purged":["Pain"],"score":245,"play_id":"e77cd3c1-e5f5-485e-9965-f002b5d303f7","local_time":"20210131190922","is_ascension_mode":false,"campfire_choices":[{"data":"CrushJoints","floor":6.0,"key":"SMITH"},{"data":"Eruption","floor":10.0,"key":"SMITH"},{"floor":15.0,"key":"REST"}],"circlet_count":0,"master_deck":["Eruption+1","Vigilance","Chrysalis","FlyingSleeves","CrushJoints+1","Protect","CutThroughFate","FollowUp","Meditate+1","ConjureBlade+1","LessonLearned","Brilliance","WindmillStrike","Devotion","Judgement+1","InnerPeace+1","SignatureMove","ReachHeaven","Establishment","Tantrum","ClearTheMind+1","Trip+1","FollowUp+1","Scrawl+1","Defend_P+1"],"relics":["PureWater","WarpedTongs","Akabeko","Toxic Egg 2","Pandora\u0027s Box"],"acts_visited":["Exordium","TheCity"],"potions_floor_usage":[23],"damage_taken":[{"damage":0.0,"enemies":"Cultist","floor":1.0,"turns":3.0},{"damage":2.0,"enemies":"Jaw Worm","floor":2.0,"turns":4.0},{"damage":0.0,"enemies":"2 Louse","floor":3.0,"turns":2.0},{"damage":0.0,"enemies":"Large Slime","floor":4.0,"turns":3.0},{"damage":29.0,"enemies":"Exordium Thugs","floor":7.0,"turns":5.0},{"damage":18.0,"enemies":"Lagavulin","floor":11.0,"turns":7.0},{"damage":1.0,"enemies":"2 Fungi Beasts","floor":12.0,"turns":3.0},{"damage":11.0,"enemies":"Large Slime","floor":13.0,"turns":6.0},{"damage":0.0,"enemies":"Slime Boss","floor":16.0,"turns":5.0},{"damage":6.0,"enemies":"Chosen","floor":18.0,"turns":2.0},{"damage":16.0,"enemies":"Shell Parasite","floor":20.0,"turns":4.0},{"damage":21.0,"enemies":"Sentry and Sphere","floor":21.0,"turns":4.0},{"damage":52,"enemies":"Gremlin Leader","floor":23,"turns":7}],"seed_played":"8105375588935736043","potions_obtained":[{"floor":1.0,"key":"Block Potion"},{"floor":4.0,"key":"GamblersBrew"},{"floor":12.0,"key":"EntropicBrew"},{"floor":16.0,"key":"Regen Potion"}],"is_trial":false,"path_per_floor":["M","M","M","M","?","R","M","$","T","R","E","M","M","$","R","B",null,"M","$","M","M","?","E"],"character_chosen":"WATCHER","items_purchased":["LessonLearned","Trip+1"],"campfire_rested":1,"item_purchase_floors":[14,19],"current_hp_per_floor":[72,70,70,70,70,70,41,41,41,41,23,22,11,11,32,32,72,66,66,59,38,38,0,0],"gold":96,"neow_bonus":"RANDOM_COLORLESS_2","is_daily":false,"chose_seed":false,"campfire_upgraded":2,"win_rate":0.0,"timestamp":1612138162,"path_taken":["M","M","M","M","?","R","M","?","T","R","E","M","M","$","R","BOSS","M","$","M","M","?","E"],"items_purchased_type":["Card","Card"],"build_version":"2020-12-22","purchased_purges":1,"victory":false,"max_hp_per_floor":[72,72,72,72,72,72,72,72,72,72,72,72,72,72,72,72,72,72,72,72,72,72,72,72],"card_choices":[{"not_picked":["Metamorphosis","The Bomb"],"picked":"Chrysalis","floor":0.0},{"not_picked":["JustLucky","Halt"],"picked":"FlyingSleeves","floor":1.0},{"not_picked":["Crescendo","ClearTheMind"],"picked":"CrushJoints","floor":2.0},{"not_picked":["Crescendo","MentalFortress"],"picked":"Protect","floor":3.0},{"not_picked":["Prostrate","Halt","JustLucky"],"picked":"SKIP","floor":4.0},{"not_picked":["Vengeance","Worship"],"picked":"CutThroughFate","floor":7.0},{"not_picked":["Swivel+1","FlyingSleeves"],"picked":"FollowUp","floor":11.0},{"not_picked":["EmptyBody+1","MentalFortress"],"picked":"Meditate+1","floor":12.0},{"not_picked":["Crescendo+1","Indignation+1"],"picked":"ConjureBlade+1","floor":13.0},{"not_picked":["Wish+1","Ragnarok"],"picked":"Brilliance","floor":16.0},{"not_picked":["EmptyMind+1","Collect+1"],"picked":"ClearTheMind+1","floor":18.0},{"not_picked":["JustLucky+1","Halt+1"],"picked":"FollowUp+1","floor":20.0},{"not_picked":["EmptyFist","BowlingBash"],"picked":"Scrawl+1","floor":21.0}],"player_experience":422579,"relics_obtained":[{"floor":9.0,"key":"Akabeko"},{"floor":11.0,"key":"Toxic Egg 2"}],"event_choices":[{"damage_healed":0.0,"max_hp_gain":0.0,"max_hp_loss":0.0,"gold_gain":0.0,"event_name":"Accursed Blacksmith","player_choice":"Rummage","floor":5.0,"gold_loss":0.0,"damage_taken":0.0,"relics_obtained":["WarpedTongs"],"cards_obtained":["Pain"]},{"cards_removed":["Chrysalis"],"damage_healed":0.0,"max_hp_gain":0.0,"max_hp_loss":0.0,"gold_gain":0.0,"event_name":"betterNote:BetterNote","player_choice":"Take \u0026 Give","floor":22.0,"gold_loss":0.0,"damage_taken":0.0,"cards_obtained":["Defend_P"]}],"is_beta":false,"boss_relics":[{"not_picked":["Astrolabe","Tiny House"],"picked":"Pandora\u0027s Box"}],"items_purged_floors":[14],"is_endless":false,"potions_floor_spawned":[1,4,12,16],"killed_by":"Gremlin Leader","ascension_level":0}}