{"host":"106a9i1yxyuuvaq3","time":1612218417,"event":{"mods":["2.2 Compatiblity","A Magickal Journey","AchievementEnabler","Act Like it!","AlwaysNeverKeys","Astrologer","BaseMod","Better Altar","Better Match","Better Note","Better Sensory Stone","Better Skull","Better Third Choice","BetterRewards","Colored Map","Colored Powertips","Defuse TimeMaze Blight","Friendly Minions","Gensokyo","Highlight Path","Hubris","Infinite Spire","KinomotoSakuraMod(????)","LagranYue(???·?)","Lobotomy","Minty Spire (QoL Compilation)","Prisma Mod","Quick Restart","Random Character Button","Relic Filter","Relic Sorter","Replay The Spire","Spicy Shops","StSLib","SuperFastMode","Unceasing Turn Reminder","Waifu the Spire"],"gold_per_floor":[117,133,147,72,90,90,90],"floor_reached":6,"language":"ENG","playtime":889,"items_purged":["Languid"],"score":38,"play_id":"21761caf-d8ae-4a5a-bed3-7e35782cf661","local_time":"20210201232657","is_ascension_mode":false,"campfire_choices":[],"circlet_count":0,"master_deck":["PrismaMod:ChloeCommonAttack","PrismaMod:ChloeCommonAttack","PrismaMod:ChloeCommonAttack","PrismaMod:ChloeCommonAttack","PrismaMod:ChloeCommonAttack","PrismaMod:ChloeCommonDefend","PrismaMod:ChloeCommonDefend","PrismaMod:ChloeCommonDefend","PrismaMod:ChloeCommonDefend","PrismaMod:ChloeCommonDefend","PrismaMod:ChloeCheapAttack","PrismaMod:ChloeCheapDefend","Apotheosis","PrismaMod:ChloeCheapAttack","PrismaMod:ChloeEyeOfTheEuryale","PrismaMod:ChloeEyeOfTheEuryale","PrismaMod:ChloeBetterTracePools","PrismaMod:ChloeDiscardRecovery","PrismaMod:ChloeGaeBolg","PrismaMod:ChloeCommonAOEAttack","PrismaMod:ChloeRhongomyniad","PrismaMod:ChloeRitsuka","Enlightenment+1","PrismaMod:ChloeCheapAttackTwo"],"relics":["PrismaMod:PrismaTraceOn","LagranYue:RandomDrawCardRelic","ReplayTheSpireMod:CursedCoin","ClockworkSouvenir","hubris:DisguiseKit"],"acts_visited":["Gensokyo:Gensokyo"],"potions_floor_usage":[],"damage_taken":[{"damage":4,"enemies":"Gensokyo:3_Fairies","floor":1,"turns":4},{"damage":5,"enemies":"Gensokyo:Gryphon","floor":2,"turns":3},{"damage":2,"enemies":"Gensokyo:2_Kodama","floor":3,"turns":4},{"damage":4,"enemies":"Gensokyo:2_Rabbits","floor":5,"turns":6},{"damage":48,"enemies":"Gensokyo:Cirno","floor":6,"turns":8}],"seed_played":"-1067997933779140373","potions_obtained":[{"floor":1,"key":"Flashbang"},{"floor":3,"key":"GamblersBrew"}],"is_trial":false,"path_per_floor":["M","M","M","?","M","E"],"character_chosen":"CHLOE","items_purchased":["Apotheosis","PrismaMod:ChloeCheapAttack","PrismaMod:ChloeEyeOfTheEuryale","PrismaMod:ChloeBetterTracePools","ReplayTheSpireMod:CursedCoin","PrismaMod:ChloeDiscardRecovery","ClockworkSouvenir","PrismaMod:ChloeGaeBolg","PrismaMod:ChloeCommonAOEAttack","hubris:DisguiseKit"],"campfire_rested":0,"item_purchase_floors":[0,0,0,0,0,0,0,0,0,0],"current_hp_per_floor":[71,66,64,64,60,12,12],"gold":90,"neow_bonus":"","is_daily":false,"chose_seed":false,"campfire_upgraded":0,"win_rate":0.0,"timestamp":1612218417,"path_taken":["M","M","M","?","M","E"],"items_purchased_type":["Card","Card","Card","Card","Relic","Card","Relic","Card","Card","Relic"],"build_version":"2020-12-22","purchased_purges":1,"victory":false,"max_hp_per_floor":[75,75,75,75,75,75,75],"card_choices":[{"not_picked":["PrismaMod:ChloeCheapAttack","PrismaMod:ChloeCheapDefend","PrismaMod:ChloeMaid","PrismaMod:IllyaSaphire"],"picked":"SKIP","floor":1},{"not_picked":["PrismaMod:ChloeExhaustOne","PrismaMod:ChloeCheapDefend","PrismaMod:IllyaFriendMaker"],"picked":"PrismaMod:ChloeRhongomyniad","floor":2},{"not_picked":["PrismaMod:ChloeExhaustOne","PrismaMod:ChloeDiscardRecovery","PrismaMod:IllyaCarnivalOrbs"],"picked":"PrismaMod:ChloeRitsuka","floor":3},{"not_picked":["ReplayTheSpireMod:Private Reserves+1","Replay:Sssssssssstrike+1","ReplayTheSpireMod:Trickstab+1"],"picked":"Enlightenment+1","floor":4},{"not_picked":["PrismaMod:ChloeCaladbolg","PrismaMod:ChloeCheapDefendTwo","PrismaMod:IllyaFeed"],"picked":"PrismaMod:ChloeCheapAttackTwo","floor":5}],"player_experience":168229,"relics_obtained":[],"event_choices":[{"damage_healed":0,"gold_gain":0,"player_choice":"2","damage_taken":0,"max_hp_gain":0,"max_hp_loss":0,"event_name":"betterMatch:BetterMatch","floor":4,"gold_loss":0,"cards_obtained":["betterMatch:ColorlessUncommonCard","betterMatch:UncommonCard"]}],"is_beta":false,"boss_relics":[],"items_purged_floors":[0],"is_endless":true,"potions_floor_spawned":[1,3],"killed_by":"Gensokyo:Cirno","ascension_level":0}}