{"host":"9m2ifqaul2xw9r3j","time":1612223611,"event":{"mods":["BaseMod","Minty Spire (QoL Compilation)"],"gold_per_floor":[115,115,40,40,115,143,143,43,43,77,41,67,87,97,97,196,196,214,234,244,259,273,273,273,273],"floor_reached":24,"language":"ENG","playtime":3064,"items_purged":["Regret","Strike_G"],"score":270,"play_id":"32a34f80-fd9d-4dd1-bbfa-e6cc44019031","local_time":"20210202005331","is_ascension_mode":true,"campfire_choices":[{"floor":7,"key":"REST"},{"floor":15,"key":"REST"},{"data":"Blade Dance","floor":23,"key":"SMITH"}],"circlet_count":0,"master_deck":["Strike_G","Strike_G","Strike_G","Strike_G","Defend_G","Defend_G","Defend_G","Defend_G","Defend_G","Survivor","Neutralize","Backstab","Blade Dance+1","Accuracy","Dodge and Roll","Infinite Blades","Adrenaline"],"relics":["Ring of the Snake","Letter Opener","Dream Catcher","Molten Egg 2","Oddly Smooth Stone","Omamori","Busted Crown"],"acts_visited":["Exordium","TheCity"],"potions_floor_usage":[6,16,22,24,24,24,24,24],"damage_taken":[{"damage":0,"enemies":"Small Slimes","floor":1,"turns":5},{"damage":27,"enemies":"Gremlin Nob","floor":6,"turns":5},{"damage":34,"enemies":"3 Sentries","floor":10,"turns":10},{"damage":19,"enemies":"Gremlin Nob","floor":12,"turns":4},{"damage":0,"enemies":"2 Louse","floor":13,"turns":1},{"damage":0,"enemies":"Jaw Worm","floor":14,"turns":4},{"damage":9,"enemies":"The Guardian","floor":16,"turns":11},{"damage":2,"enemies":"2 Thieves","floor":18,"turns":4},{"damage":10,"enemies":"3 Byrds","floor":19,"turns":7},{"damage":7,"enemies":"Centurion and Healer","floor":20,"turns":5},{"damage":7,"enemies":"Shelled Parasite and Fungi","floor":21,"turns":6},{"damage":10,"enemies":"Snake Plant","floor":22,"turns":5},{"damage":28,"enemies":"Book of Stabbing","floor":24,"turns":4}],"seed_played":"2547161499745203882","potions_obtained":[{"floor":1,"key":"Explosive Potion"},{"floor":14,"key":"BlessingOfTheForge"},{"floor":18,"key":"CultistPotion"},{"floor":19,"key":"EntropicBrew"},{"floor":21,"key":"PowerPotion"}],"is_trial":false,"path_per_floor":["M","?","$","?","?","E","R","$","T","E","$","E","M","M","R","B",null,"M","M","M","M","M","R","E"],"character_chosen":"THE_SILENT","items_purchased":["Accuracy"],"campfire_rested":2,"item_purchase_floors":[11],"current_hp_per_floor":[77,77,77,77,66,39,62,62,62,28,28,9,9,9,32,23,64,62,52,45,38,28,28,0,0],"gold":273,"neow_bonus":"TEN_PERCENT_HP_BONUS","is_daily":false,"chose_seed":false,"campfire_upgraded":1,"win_rate":0.0,"timestamp":1612223611,"path_taken":["M","?","$","?","?","E","R","$","T","E","$","E","M","M","R","BOSS","M","M","M","M","M","R","E"],"items_purchased_type":["Card"],"build_version":"2020-12-22","purchased_purges":2,"victory":false,"max_hp_per_floor":[77,77,77,77,77,77,77,77,77,77,77,77,77,77,77,77,77,77,77,77,77,77,77,77,77],"card_choices":[{"not_picked":["Sucker Punch","Dagger Throw"],"picked":"Backstab","floor":1},{"not_picked":["All Out Attack","Endless Agony","Acrobatics"],"picked":"SKIP","floor":6},{"not_picked":["Backflip","Dagger Spray"],"picked":"Blade Dance","floor":7},{"not_picked":["Dagger Throw+1","Backstab+1","Riddle With Holes+1"],"picked":"SKIP","floor":10},{"not_picked":["Dagger Throw+1","Backstab+1","Riddle With Holes+1"],"picked":"SKIP","floor":10},{"not_picked":["Dagger Spray+1","Backstab+1","Quick Slash+1"],"picked":"SKIP","floor":12},{"not_picked":["Heel Hook+1","Dagger Throw+1","Acrobatics"],"picked":"SKIP","floor":13},{"not_picked":["Acrobatics","Sucker Punch+1"],"picked":"Dodge and Roll","floor":14},{"not_picked":["Flechettes+1","PiercingWail"],"picked":"Infinite Blades","floor":15},{"not_picked":["Envenom","Corpse Explosion"],"picked":"Adrenaline","floor":16},{"not_picked":["Deadly Poison"],"picked":"SKIP","floor":18},{"not_picked":["Backstab+1"],"picked":"SKIP","floor":19},{"not_picked":["Slice+1"],"picked":"SKIP","floor":20},{"not_picked":["Caltrops"],"picked":"SKIP","floor":21},{"not_picked":["Caltrops"],"picked":"SKIP","floor":22}],"player_experience":323708,"relics_obtained":[{"floor":6,"key":"Dream Catcher"},{"floor":9,"key":"Molten Egg 2"},{"floor":10,"key":"Oddly Smooth Stone"},{"floor":12,"key":"Omamori"}],"event_choices":[{"damage_healed":0,"gold_gain":0,"player_choice":"Box","damage_taken":0,"relics_obtained":["Letter Opener"],"max_hp_gain":0,"max_hp_loss":0,"event_name":"Big Fish","floor":2,"gold_loss":0,"cards_obtained":["Regret"]},{"damage_healed":0,"gold_gain":0,"player_choice":"Leave","damage_taken":0,"max_hp_gain":0,"max_hp_loss":0,"event_name":"The Cleric","floor":4,"gold_loss":0},{"damage_healed":0,"gold_gain":75,"player_choice":"Gather Gold","damage_taken":11,"max_hp_gain":0,"max_hp_loss":0,"event_name":"World of Goop","floor":5,"gold_loss":0}],"is_beta":false,"boss_relics":[{"not_picked":["Fusion Hammer","HoveringKite"],"picked":"Busted Crown"}],"items_purged_floors":[3,8],"is_endless":false,"potions_floor_spawned":[1,14,18,19,21],"killed_by":"Book of Stabbing","ascension_level":5}}