{"host":"d744ndivyohnro60","time":1612203295,"event":{"mods":["BaseMod","Bestiary","Colored Powertips","Minty Spire (QoL Compilation)","Relic Stats"],"gold_per_floor":[167,242,342,360,370,370,403,415,415,415,449,449,449,399,399,499,499,517,517,534,140,160,160,160,60,87,101,136,11,11,30,30,30,30],"floor_reached":33,"language":"ENG","playtime":14083,"items_purged":["Shame","Defend_B","Defend_B"],"score":339,"play_id":"e805932d-5cda-4c64-98b8-ecba45a28242","local_time":"20210201131455","is_ascension_mode":true,"campfire_choices":[{"data":"Sunder","floor":6,"key":"SMITH"},{"floor":10,"key":"REST"},{"floor":12,"key":"REST"},{"data":"Consume","floor":15,"key":"SMITH"},{"floor":23,"key":"REST"},{"floor":32,"key":"REST"}],"circlet_count":0,"master_deck":["Strike_B+1","Strike_B","Strike_B","Defend_B","Defend_B","Zap","Dualcast","Loop","Turbo","Sunder+1","Hologram","Skim","Stack","Consume+1","Electrodynamics","Genetic Algorithm","Defragment","Double Energy+1","Stack","Compile Driver"],"relics":["Tiny House","Centennial Puzzle","Cables","Mango","Emotion Chip","Black Star","HornCleat","Pear","Akabeko","Omamori","PreservedInsect"],"acts_visited":["Exordium","TheCity"],"potions_floor_usage":[8,11,16,16,27,28],"damage_taken":[{"damage":8,"enemies":"2 Louse","floor":1,"turns":2},{"damage":3,"enemies":"Jaw Worm","floor":4,"turns":4},{"damage":0,"enemies":"Cultist","floor":5,"turns":4},{"damage":35,"enemies":"3 Sentries","floor":7,"turns":9},{"damage":1,"enemies":"Exordium Wildlife","floor":8,"turns":2},{"damage":20,"enemies":"Lagavulin","floor":11,"turns":7},{"damage":47,"enemies":"Hexaghost","floor":16,"turns":9},{"damage":27,"enemies":"Spheric Guardian","floor":18,"turns":4},{"damage":24,"enemies":"2 Thieves","floor":20,"turns":3},{"damage":18,"enemies":"Sentry and Sphere","floor":22,"turns":4},{"damage":14,"enemies":"Shelled Parasite and Fungi","floor":27,"turns":3},{"damage":63,"enemies":"Book of Stabbing","floor":28,"turns":6},{"damage":27,"enemies":"Cultist and Chosen","floor":31,"turns":5},{"damage":80,"enemies":"Champ","floor":33,"turns":9}],"seed_played":"1697641988914353206","potions_obtained":[{"floor":0,"key":"GamblersBrew"},{"floor":5,"key":"DuplicationPotion"},{"floor":7,"key":"FairyPotion"},{"floor":8,"key":"SkillPotion"},{"floor":11,"key":"Ancient Potion"},{"floor":20,"key":"Dexterity Potion"},{"floor":22,"key":"SkillPotion"}],"is_trial":false,"path_per_floor":["M","?","?","M","M","R","E","M","T","R","E","R","?","?","R","B",null,"M","?","M","$","M","R","?","$","T","M","E","$","?","M","R","B"],"character_chosen":"DEFECT","items_purchased":["Defragment","Pear"],"campfire_rested":4,"item_purchase_floors":[21,21],"current_hp_per_floor":[72,61,61,58,58,58,23,22,22,46,40,68,50,50,50,3,94,67,67,43,53,35,66,100,100,100,86,23,23,23,31,62,0,0],"gold":30,"neow_bonus":"BOSS_RELIC","is_daily":false,"chose_seed":false,"campfire_upgraded":2,"win_rate":0.0,"timestamp":1612203295,"path_taken":["M","?","?","?","M","R","E","M","T","R","E","R","?","?","R","BOSS","M","?","M","$","M","R","?","$","T","?","E","$","?","M","R","BOSS"],"items_purchased_type":["Card","Relic"],"build_version":"2020-12-22","purchased_purges":3,"victory":false,"max_hp_per_floor":[80,80,80,80,80,80,80,80,80,80,94,94,94,94,94,94,94,94,94,94,104,104,104,104,104,104,104,104,104,104,104,104,104,104],"relic_stats":{"Centennial Puzzle":[30],"Emotion Chip":[35,35,0,0,0],"counters":[14,70],"PreservedInsect":0,"Black Star":1,"obtain_stats":[{"Centennial Puzzle":7,"Emotion Chip":13,"Tiny House":0,"HornCleat":19,"Pear":21,"Mango":11,"PreservedInsect":28,"Black Star":17,"Omamori":28,"Cracked Core":0,"Akabeko":26,"Cables":9},{"Centennial Puzzle":4,"Emotion Chip":6,"Tiny House":0,"HornCleat":8,"Pear":9,"Mango":6,"PreservedInsect":12,"Black Star":7,"Omamori":12,"Cracked Core":0,"Akabeko":10,"Cables":5},{"Centennial Puzzle":19,"Emotion Chip":28,"Tiny House":0,"HornCleat":41,"Pear":44,"Mango":28,"PreservedInsect":56,"Black Star":37,"Omamori":56,"Cracked Core":0,"Akabeko":48,"Cables":21}],"Cables":[48,48,0,0,0]},"card_choices":[{"not_picked":["Coolheaded","Streamline"],"picked":"Loop","floor":0},{"not_picked":["Loop","Leap"],"picked":"Turbo","floor":1},{"not_picked":["Sweeping Beam","Genetic Algorithm"],"picked":"Sunder","floor":4},{"not_picked":["Go for the Eyes","Barrage"],"picked":"Hologram","floor":5},{"not_picked":["Beam Cell","Scrape"],"picked":"Skim","floor":7},{"not_picked":["Gash","Auto Shields"],"picked":"Stack","floor":8},{"not_picked":["All For One","Sweeping Beam"],"picked":"Consume","floor":11},{"not_picked":["Reboot","Buffer"],"picked":"Electrodynamics","floor":16},{"not_picked":["Streamline+1","Turbo+1"],"picked":"Genetic Algorithm","floor":18},{"not_picked":["Rebound","Aggregate","Cold Snap"],"picked":"SKIP","floor":20},{"not_picked":["Rainbow","Ball Lightning"],"picked":"Double Energy+1","floor":22},{"not_picked":["Heatsinks","Reprogram","Force Field+1"],"picked":"SKIP","floor":27},{"not_picked":["Cold Snap","Turbo+1"],"picked":"Stack","floor":28},{"not_picked":["Barrage","Fusion"],"picked":"Compile Driver","floor":31}],"player_experience":174355,"relics_obtained":[{"floor":7,"key":"Centennial Puzzle"},{"floor":9,"key":"Cables"},{"floor":11,"key":"Mango"},{"floor":26,"key":"Akabeko"},{"floor":28,"key":"Omamori"},{"floor":28,"key":"PreservedInsect"}],"event_choices":[{"damage_healed":0,"gold_gain":75,"player_choice":"Gather Gold","damage_taken":11,"max_hp_gain":0,"max_hp_loss":0,"event_name":"World of Goop","floor":2,"gold_loss":0},{"damage_healed":0,"gold_gain":100,"player_choice":"Pray","damage_taken":0,"max_hp_gain":0,"max_hp_loss":0,"event_name":"Golden Shrine","floor":3,"gold_loss":0},{"damage_healed":0,"gold_gain":0,"player_choice":"Success","damage_taken":18,"relics_obtained":["Emotion Chip"],"max_hp_gain":0,"max_hp_loss":0,"event_name":"Scrap Ooze","floor":13,"gold_loss":0},{"cards_removed":["Strike_B"],"damage_healed":0,"gold_gain":0,"player_choice":"Card Removal","damage_taken":0,"max_hp_gain":0,"max_hp_loss":0,"event_name":"The Cleric","floor":14,"gold_loss":50},{"damage_healed":0,"gold_gain":0,"player_choice":"Stole Relic","damage_taken":0,"relics_obtained":["HornCleat"],"max_hp_gain":0,"max_hp_loss":0,"event_name":"Addict","floor":19,"gold_loss":0,"cards_obtained":["Shame"]},{"damage_healed":34,"gold_gain":0,"player_choice":"Heal","damage_taken":0,"max_hp_gain":0,"max_hp_loss":0,"event_name":"The Library","floor":24,"gold_loss":0},{"damage_healed":0,"gold_gain":0,"player_choice":"Cursed","damage_taken":0,"max_hp_gain":0,"max_hp_loss":0,"event_name":"Wheel of Change","floor":30,"gold_loss":0,"cards_obtained":["Decay"]}],"is_beta":false,"boss_relics":[{"not_picked":["Velvet Choker","Coffee Dripper"],"picked":"Black Star"}],"items_purged_floors":[21,25,29],"is_endless":false,"potions_floor_spawned":[5,7,8,11,20,22],"killed_by":"Champ","ascension_level":3}}