{"host":"f5gffvlv6a66yqkd","time":1612180254,"event":{"mods":["2.2 Compatiblity","BaseMod","Colored Map","Custom Start","DeckTracker","Keyboard Shortcuts","Minty Spire (QoL Compilation)","Permanent Neow","Quick Restart","Relic Stats","StSLib","SuperFastMode"],"gold_per_floor":[113,126,139,154,167,167,195,195,221,221,59,59,83,103,103,202,202,222,222,54,54,89,89,107,107,107,148,169,94,113,136,136,136,136],"floor_reached":33,"language":"KOR","playtime":1044,"items_purged":[],"score":638,"play_id":"ae7bc7da-4b53-4e5d-af47-728c634fa3ac","local_time":"20210201205054","is_ascension_mode":true,"campfire_choices":[{"data":"Eruption","floor":6.0,"key":"SMITH"},{"data":"Tantrum","floor":8.0,"key":"SMITH"},{"data":"CutThroughFate","floor":10.0,"key":"SMITH"},{"data":"WheelKick","floor":15.0,"key":"SMITH"},{"data":"Adaptation","floor":23.0,"key":"SMITH"},{"data":"Adaptation","floor":25.0,"key":"SMITH"},{"data":"Scrawl","floor":32.0,"key":"SMITH"}],"circlet_count":0,"master_deck":["AscendersBane","Strike_P","Defend_P","Defend_P","Defend_P","Eruption+1","Vigilance","Halt","CutThroughFate+1","CarveReality","Indignation","Tantrum+1","Adaptation+1","WheelKick+1","InnerPeace","Vault","Adaptation+1","FearNoEvil","Wallop","Scrawl+1","WaveOfTheHand","EmptyMind"],"relics":["PureWater","Bag of Marbles","Nunchaku","Golden Idol","Empty Cage","Enchiridion","Bag of Preparation","Red Mask","Eternal Feather","Centennial Puzzle"],"acts_visited":["Exordium","TheCity"],"potions_floor_usage":[33],"damage_taken":[{"damage":4.0,"enemies":"2 Louse","floor":1.0,"turns":3.0},{"damage":2.0,"enemies":"Jaw Worm","floor":2.0,"turns":5.0},{"damage":2.0,"enemies":"Small Slimes","floor":3.0,"turns":4.0},{"damage":5.0,"enemies":"Red Slaver","floor":4.0,"turns":3.0},{"damage":0.0,"enemies":"Looter","floor":5.0,"turns":1.0},{"damage":24.0,"enemies":"3 Sentries","floor":7.0,"turns":5.0},{"damage":7.0,"enemies":"3 Louse","floor":13.0,"turns":2.0},{"damage":0.0,"enemies":"2 Fungi Beasts","floor":14.0,"turns":2.0},{"damage":0.0,"enemies":"Slime Boss","floor":16.0,"turns":4.0},{"damage":0.0,"enemies":"3 Byrds","floor":18.0,"turns":2.0},{"damage":0.0,"enemies":"Masked Bandits","floor":22.0,"turns":2.0},{"damage":0.0,"enemies":"Chosen","floor":24.0,"turns":3.0},{"damage":8.0,"enemies":"Book of Stabbing","floor":27.0,"turns":3.0},{"damage":3.0,"enemies":"Shelled Parasite and Fungi","floor":28.0,"turns":2.0},{"damage":7.0,"enemies":"Cultist and Chosen","floor":30.0,"turns":4.0},{"damage":0.0,"enemies":"Chosen and Byrds","floor":31.0,"turns":4.0},{"damage":23,"enemies":"Automaton","floor":33,"turns":9}],"seed_played":"-5998464216978788449","potions_obtained":[{"floor":3.0,"key":"PowerPotion"},{"floor":4.0,"key":"AttackPotion"},{"floor":5.0,"key":"SpeedPotion"},{"floor":28.0,"key":"StancePotion"}],"is_trial":false,"path_per_floor":["M","M","M","M","M","R","E","R","T","R","$","?","M","M","R","B",null,"M","?","$","?","?","R","M","R","T","E","M","?","M","M","R","B"],"character_chosen":"WATCHER","items_purchased":["Adaptation","WheelKick","Bag of Preparation"],"campfire_rested":0,"item_purchase_floors":[11,11,20],"current_hp_per_floor":[57,55,53,48,48,48,24,24,24,24,24,24,17,17,17,17,51,51,30,30,30,30,30,30,30,30,22,19,19,12,12,24,1,1],"gold":136,"neow_bonus":"THREE_CARDS","is_daily":false,"chose_seed":false,"campfire_upgraded":7,"win_rate":0.0,"timestamp":1612180254,"path_taken":["M","M","M","M","M","R","E","R","T","R","$","?","M","M","R","BOSS","M","?","$","?","?","R","?","R","T","E","M","?","M","?","R","BOSS"],"items_purchased_type":["Card","Card","Relic"],"build_version":"2020-12-22","purchased_purges":0,"victory":false,"max_hp_per_floor":[68,68,68,68,68,68,68,68,68,68,68,62,62,62,62,62,62,62,62,62,62,62,62,62,62,62,62,62,62,62,62,62,62,62],"relic_stats":{"Nunchaku":[9],"Centennial Puzzle":[9],"counters":[17,58],"Golden Idol":65,"Eternal Feather":12,"Bag of Preparation":[14],"obtain_stats":[{"Nunchaku":9,"Centennial Puzzle":27,"Golden Idol":12,"Enchiridion":19,"Eternal Feather":26,"Bag of Marbles":7,"Bag of Preparation":20,"Red Mask":22,"PureWater":0,"Empty Cage":17},{"Nunchaku":6,"Centennial Puzzle":13,"Golden Idol":6,"Enchiridion":10,"Eternal Feather":12,"Bag of Marbles":6,"Bag of Preparation":10,"Red Mask":11,"PureWater":0,"Empty Cage":9},{"Nunchaku":21,"Centennial Puzzle":39,"Golden Idol":21,"Enchiridion":31,"Eternal Feather":36,"Bag of Marbles":21,"Bag of Preparation":31,"Red Mask":33,"PureWater":0,"Empty Cage":29}]},"card_choices":[{"not_picked":["JustLucky","Prostrate"],"picked":"Halt","floor":0.0},{"not_picked":["Worship","Prostrate"],"picked":"CutThroughFate","floor":1.0},{"not_picked":["Prostrate","WreathOfFlame"],"picked":"CarveReality","floor":2.0},{"not_picked":["Protect","Halt","Weave"],"picked":"SKIP","floor":3.0},{"not_picked":["SashWhip","Prostrate"],"picked":"Indignation","floor":4.0},{"not_picked":["FlyingSleeves","Vengeance"],"picked":"Tantrum","floor":5.0},{"not_picked":["CutThroughFate","ReachHeaven","Conclude"],"picked":"SKIP","floor":7.0},{"not_picked":["CutThroughFate","ReachHeaven","Conclude"],"picked":"SKIP","floor":7.0},{"not_picked":["CutThroughFate","ClearTheMind"],"picked":"InnerPeace","floor":13.0},{"not_picked":["Blasphemy","ReachHeaven","Halt"],"picked":"SKIP","floor":14.0},{"not_picked":["DevaForm","SpiritShield"],"picked":"Vault","floor":16.0},{"not_picked":["Crescendo","EmptyFist"],"picked":"Adaptation","floor":18.0},{"not_picked":["Consecrate","PathToVictory"],"picked":"FearNoEvil","floor":22.0},{"not_picked":["InnerPeace","EmptyBody"],"picked":"Wallop","floor":24.0},{"not_picked":["Indignation","ConjureBlade","FlurryOfBlows"],"picked":"SKIP","floor":27.0},{"not_picked":["BattleHymn","Prostrate","Evaluate"],"picked":"SKIP","floor":28.0},{"not_picked":["Evaluate","Halt"],"picked":"EmptyMind","floor":30.0},{"not_picked":["Halt","Meditate","Prostrate"],"picked":"SKIP","floor":31.0}],"player_experience":1633270,"relics_obtained":[{"floor":7.0,"key":"Bag of Marbles"},{"floor":9.0,"key":"Nunchaku"},{"floor":19.0,"key":"Enchiridion"},{"floor":22.0,"key":"Red Mask"},{"floor":26.0,"key":"Eternal Feather"},{"floor":27.0,"key":"Centennial Puzzle"}],"event_choices":[{"damage_healed":0.0,"max_hp_gain":0.0,"max_hp_loss":6.0,"gold_gain":0.0,"event_name":"Golden Idol","player_choice":"Lose Max HP","floor":12.0,"gold_loss":0.0,"damage_taken":0.0,"relics_obtained":["Golden Idol"]},{"damage_healed":0.0,"max_hp_gain":0.0,"max_hp_loss":0.0,"gold_gain":0.0,"event_name":"Cursed Tome","player_choice":"Obtained Book","floor":19.0,"gold_loss":0.0,"damage_taken":21.0},{"damage_healed":0.0,"max_hp_gain":0.0,"max_hp_loss":0.0,"gold_gain":0.0,"event_name":"Masked Bandits","player_choice":"Fought Bandits","floor":22.0,"gold_loss":0.0,"damage_taken":0.0},{"damage_healed":0.0,"max_hp_gain":0.0,"max_hp_loss":0.0,"gold_gain":0.0,"cards_transformed":["Strike_P","Strike_P"],"event_name":"Designer","player_choice":"Transformed Cards","floor":29.0,"gold_loss":75.0,"damage_taken":0.0,"cards_obtained":["Scrawl","WaveOfTheHand"]}],"is_beta":false,"boss_relics":[{"not_picked":["Ectoplasm","Philosopher\u0027s Stone"],"picked":"Empty Cage"}],"items_purged_floors":[],"is_endless":false,"potions_floor_spawned":[3,4,5,7,16,22,27,28,30],"killed_by":"Automaton","ascension_level":20}}