{"host":"7jl348xfsxr8glry","time":1612151121,"event":{"mods":["AchievementEnabler","BaseMod","Colored Map","Minty Spire (QoL Compilation)","Random Character Button","Unceasing Turn Reminder"],"gold_per_floor":[117,192,192,42,42,42,74,84,107,32,64,74,74,89,89,188,188,199,213,113,113,64,64,64,94,94,94,112,112,124,33,33,128,128,148,148,23,23,23,23,23,23],"floor_reached":41,"language":"ENG","playtime":1461,"items_purged":["Strike_R","Strike_R","Writhe"],"score":529,"play_id":"675d44f6-17e9-43d1-b8d3-854aa71021c9","local_time":"20210201144521","is_ascension_mode":true,"campfire_choices":[{"data":"Bash","floor":6,"key":"SMITH"},{"data":"Pommel Strike","floor":13,"key":"SMITH"},{"data":"Flex","floor":15,"key":"SMITH"},{"floor":24,"key":"REST"},{"floor":27,"key":"REST"},{"floor":29,"key":"REST"},{"floor":32,"key":"REST"},{"floor":40,"key":"RECALL"}],"circlet_count":0,"master_deck":["Strike_R+1","Strike_R+1","Strike_R+1","Defend_R+1","Defend_R+1","Defend_R+1","Defend_R+1","Bash+1","Flex+1","Pommel Strike+1","Flex","Flex","Flex","Limit Break","Thunderclap","Pommel Strike","Warcry+1","Spot Weakness+1","Spot Weakness+1","Seeing Red+1","Feed"],"relics":["Burning Blood","NeowsBlessing","Anchor","Whetstone","Vajra","Strawberry","Black Star","Shuriken","Toxic Egg 2","Cursed Key"],"acts_visited":["Exordium","TheCity","TheBeyond"],"potions_floor_usage":[16,18,33,33,41,41,41,41,41],"damage_taken":[{"damage":0,"enemies":"Jaw Worm","floor":1,"turns":1},{"damage":0,"enemies":"Lagavulin","floor":7,"turns":1},{"damage":0,"enemies":"Small Slimes","floor":8,"turns":1},{"damage":10,"enemies":"Gremlin Nob","floor":11,"turns":3},{"damage":0,"enemies":"2 Louse","floor":12,"turns":2},{"damage":0,"enemies":"Lots of Slimes","floor":14,"turns":4},{"damage":26,"enemies":"Slime Boss","floor":16,"turns":6},{"damage":41,"enemies":"3 Byrds","floor":18,"turns":5},{"damage":25,"enemies":"Shell Parasite","floor":19,"turns":5},{"damage":22,"enemies":"Gremlin Leader","floor":25,"turns":8},{"damage":6,"enemies":"3 Cultists","floor":28,"turns":4},{"damage":22,"enemies":"Shelled Parasite and Fungi","floor":30,"turns":3},{"damage":64,"enemies":"Champ","floor":33,"turns":7},{"damage":0,"enemies":"Orb Walker","floor":35,"turns":2},{"damage":92,"enemies":"Nemesis","floor":41,"turns":6}],"seed_played":"255008547214207341","potions_obtained":[{"floor":11,"key":"LiquidBronze"},{"floor":12,"key":"Fire Potion"},{"floor":19,"key":"FearPotion"},{"floor":30,"key":"Ancient Potion"},{"floor":33,"key":"PowerPotion"},{"floor":35,"key":"EntropicBrew"}],"is_trial":false,"path_per_floor":["M","?","?","$","$","R","E","M","T","$","E","M","R","M","R","B",null,"M","M","$","?","$","?","R","E","T","R","M","R","M","$","R","B",null,"M","?","$","?","$","R","E"],"character_chosen":"IRONCLAD","items_purchased":["Anchor","Pommel Strike","Seeing Red+1","Block Potion"],"campfire_rested":4,"item_purchase_floors":[4,22,31,31],"current_hp_per_floor":[80,69,74,74,74,74,80,85,85,85,88,92,92,92,92,72,92,57,38,38,38,38,32,59,43,43,70,70,92,76,76,92,34,92,92,92,92,92,92,92,0,0],"gold":23,"neow_bonus":"THREE_ENEMY_KILL","is_daily":false,"chose_seed":false,"campfire_upgraded":3,"win_rate":0.0,"timestamp":1612151121,"path_taken":["M","?","?","?","$","R","E","M","T","$","E","M","R","M","R","BOSS","M","M","$","?","$","?","R","E","T","R","M","R","?","$","R","BOSS","M","?","$","?","$","R","E"],"items_purchased_type":["Relic","Card","Card","Potion"],"build_version":"2020-12-22","purchased_purges":3,"victory":false,"max_hp_per_floor":[80,80,85,85,85,85,85,85,85,85,92,92,92,92,92,92,92,92,92,92,92,92,92,92,92,92,92,92,92,92,92,92,92,92,92,92,92,92,92,92,92,92],"card_choices":[{"not_picked":["Anger","Shockwave"],"picked":"Flex","floor":1},{"not_picked":["Burning Pact","Barricade"],"picked":"Warcry","floor":7},{"not_picked":["Twin Strike","Wild Strike"],"picked":"Pommel Strike","floor":8},{"not_picked":["Whirlwind","Pommel Strike"],"picked":"Flex","floor":11},{"not_picked":["Havoc","Searing Blow"],"picked":"Flex","floor":12},{"not_picked":["Iron Wave","True Grit"],"picked":"Flex","floor":14},{"not_picked":["Juggernaut","Corruption"],"picked":"Limit Break","floor":16},{"not_picked":["Anger","Flex","Body Slam"],"picked":"SKIP","floor":18},{"not_picked":["Clash","Warcry"],"picked":"Thunderclap","floor":19},{"not_picked":["Flex+1","Intimidate+1"],"picked":"Warcry+1","floor":25},{"not_picked":["Burning Pact+1","Wild Strike+1"],"picked":"Spot Weakness+1","floor":28},{"not_picked":["Pommel Strike","Bloodletting+1"],"picked":"Spot Weakness+1","floor":30},{"not_picked":["Juggernaut","Double Tap+1"],"picked":"Feed","floor":33},{"not_picked":["Whirlwind","Iron Wave","Pummel"],"picked":"SKIP","floor":35}],"player_experience":182703,"relics_obtained":[{"floor":7,"key":"Whetstone"},{"floor":9,"key":"Vajra"},{"floor":11,"key":"Strawberry"},{"floor":25,"key":"Shuriken"},{"floor":25,"key":"Toxic Egg 2"}],"event_choices":[{"damage_healed":0,"gold_gain":75,"player_choice":"Gather Gold","damage_taken":11,"max_hp_gain":0,"max_hp_loss":0,"event_name":"World of Goop","floor":2,"gold_loss":0},{"damage_healed":0,"gold_gain":0,"player_choice":"Donut","damage_taken":0,"max_hp_gain":5,"max_hp_loss":0,"event_name":"Big Fish","floor":3,"gold_loss":0},{"damage_healed":0,"gold_gain":0,"player_choice":"Simplicity","damage_taken":0,"max_hp_gain":0,"max_hp_loss":0,"event_name":"Back to Basics","floor":21,"gold_loss":0,"cards_upgraded":["Strike_R","Defend_R","Defend_R","Defend_R","Defend_R"]},{"damage_healed":0,"gold_gain":0,"player_choice":"","damage_taken":6,"max_hp_gain":0,"max_hp_loss":0,"event_name":"Knowing Skull","floor":23,"potions_obtained":[],"gold_loss":0,"cards_obtained":[]},{"damage_healed":23,"gold_gain":0,"player_choice":"Writhe","damage_taken":0,"max_hp_gain":0,"max_hp_loss":0,"event_name":"Winding Halls","floor":36,"gold_loss":0,"cards_obtained":["Writhe"]},{"cards_removed":["Warcry"],"damage_healed":0,"gold_gain":0,"player_choice":"Removed Skill","damage_taken":0,"max_hp_gain":0,"max_hp_loss":0,"event_name":"Falling","floor":38,"gold_loss":0}],"is_beta":false,"boss_relics":[{"not_picked":["Philosopher\u0027s Stone","Mark of Pain"],"picked":"Black Star"},{"not_picked":["Tiny House","Runic Pyramid"],"picked":"Cursed Key"}],"items_purged_floors":[10,20,37],"is_endless":false,"potions_floor_spawned":[11,12,19,30,33,35],"killed_by":"Nemesis","ascension_level":3}}