{"host":"edndssuekvzbh3is","time":1612164806,"event":{"mods":["BaseMod","Colored Map","Colored Powertips","Minty Spire (QoL Compilation)","SuperFastMode"],"gold_per_floor":[114,127,144,160,186,186,218,218,218,183,183,183,203,238,238,343,343,355,373,393,410,509,509,509],"floor_reached":23,"language":"ENG","playtime":571,"items_purged":[],"score":294,"play_id":"562b0538-e28b-4787-9280-ce8f2853ac73","local_time":"20210201023326","is_ascension_mode":true,"campfire_choices":[{"data":"Hemokinesis","floor":6,"key":"SMITH"},{"data":"Clothesline","floor":11,"key":"SMITH"},{"data":"Demon Form","floor":15,"key":"SMITH"}],"circlet_count":0,"master_deck":["Strike_R","Strike_R","Strike_R","Strike_R","Strike_R","Defend_R","Defend_R","Defend_R","Defend_R","Bash","Wild Strike","Hemokinesis+1","Clothesline+1","Demon Form+1","Inflame","Inflame","Corruption","Seeing Red","Shrug It Off","Headbutt+1"],"relics":["Burning Blood","NeowsBlessing","Bag of Preparation","Regal Pillow","Dead Branch","Meat on the Bone","Black Star"],"acts_visited":["Exordium","TheCity"],"potions_floor_usage":[14,16,21,21,23,23],"damage_taken":[{"damage":0,"enemies":"Cultist","floor":1,"turns":1},{"damage":0,"enemies":"Jaw Worm","floor":2,"turns":1},{"damage":2,"enemies":"2 Louse","floor":3,"turns":1},{"damage":27,"enemies":"Large Slime","floor":4,"turns":7},{"damage":44,"enemies":"Lagavulin","floor":7,"turns":6},{"damage":6,"enemies":"Looter","floor":13,"turns":3},{"damage":16,"enemies":"Gremlin Nob","floor":14,"turns":4},{"damage":56,"enemies":"The Guardian","floor":16,"turns":9},{"damage":34,"enemies":"Chosen","floor":18,"turns":7},{"damage":28,"enemies":"Spheric Guardian","floor":19,"turns":5},{"damage":11,"enemies":"Cultist and Chosen","floor":20,"turns":5},{"damage":20,"enemies":"Shelled Parasite and Fungi","floor":21,"turns":3},{"damage":60,"enemies":"Masked Bandits","floor":23,"turns":5}],"seed_played":"-4447013380944002731","potions_obtained":[{"floor":4,"key":"SpeedPotion"},{"floor":7,"key":"SkillPotion"},{"floor":14,"key":"BloodPotion"},{"floor":18,"key":"HeartOfIron"},{"floor":20,"key":"ColorlessPotion"},{"floor":21,"key":"DistilledChaos"}],"is_trial":false,"path_per_floor":["M","M","M","M","T","R","E","?","T","?","R","?","M","E","R","B",null,"M","M","M","M","?","?"],"character_chosen":"IRONCLAD","items_purchased":[],"campfire_rested":0,"item_purchase_floors":[],"current_hp_per_floor":[78,80,80,59,59,59,21,21,21,41,41,67,67,57,57,35,69,53,43,50,48,48,0,0],"gold":509,"neow_bonus":"THREE_ENEMY_KILL","is_daily":false,"chose_seed":false,"campfire_upgraded":3,"win_rate":0.0,"timestamp":1612164806,"path_taken":["M","M","M","M","?","R","E","?","T","?","R","?","M","E","R","BOSS","M","M","M","M","?","?"],"items_purchased_type":[],"build_version":"2020-12-22","purchased_purges":0,"victory":false,"max_hp_per_floor":[80,80,80,80,80,80,80,80,80,80,80,80,80,80,80,80,80,80,80,80,80,80,80,80],"card_choices":[{"not_picked":["Thunderclap","Anger"],"picked":"Wild Strike","floor":1},{"not_picked":["Armaments","Sword Boomerang"],"picked":"Hemokinesis","floor":2},{"not_picked":["Heavy Blade","Burning Pact"],"picked":"Clothesline","floor":3},{"not_picked":["Twin Strike","Pummel"],"picked":"Demon Form","floor":4},{"not_picked":["Warcry","Sentinel","Clash"],"picked":"SKIP","floor":7},{"not_picked":["Burning Pact","Pummel"],"picked":"Inflame","floor":13},{"not_picked":["Hemokinesis","Burning Pact"],"picked":"Inflame","floor":14},{"not_picked":["Juggernaut","Offering"],"picked":"Corruption","floor":16},{"not_picked":["Body Slam+1","Pommel Strike"],"picked":"Seeing Red","floor":18},{"not_picked":["Iron Wave","Body Slam+1"],"picked":"Shrug It Off","floor":19},{"not_picked":["Clash","Rupture"],"picked":"Headbutt+1","floor":20},{"not_picked":["Warcry","Infernal Blade","Perfected Strike"],"picked":"SKIP","floor":21}],"player_experience":345661,"relics_obtained":[{"floor":5,"key":"Bag of Preparation"},{"floor":7,"key":"Regal Pillow"},{"floor":9,"key":"Dead Branch"},{"floor":14,"key":"Meat on the Bone"}],"event_choices":[{"damage_healed":0,"gold_gain":0,"player_choice":"Ignored","damage_taken":0,"max_hp_gain":0,"max_hp_loss":0,"event_name":"Liars Game","floor":8,"gold_loss":0},{"damage_healed":20,"gold_gain":0,"player_choice":"Healed","damage_taken":0,"max_hp_gain":0,"max_hp_loss":0,"event_name":"The Cleric","floor":10,"gold_loss":35},{"damage_healed":26,"gold_gain":0,"player_choice":"Banana","damage_taken":0,"max_hp_gain":0,"max_hp_loss":0,"event_name":"Big Fish","floor":12,"gold_loss":0},{"damage_healed":0,"gold_gain":99,"player_choice":"Stole From Cult","damage_taken":0,"max_hp_gain":0,"max_hp_loss":0,"event_name":"Nest","floor":22,"gold_loss":0},{"damage_healed":0,"gold_gain":0,"player_choice":"Fought Bandits","damage_taken":0,"max_hp_gain":0,"max_hp_loss":0,"event_name":"Masked Bandits","floor":23,"gold_loss":0}],"is_beta":false,"boss_relics":[{"not_picked":["Runic Dome","Mark of Pain"],"picked":"Black Star"}],"items_purged_floors":[],"is_endless":false,"potions_floor_spawned":[4,7,14,18,20,21],"killed_by":"Masked Bandits","ascension_level":9}}