{"host":"8962ghaoa8fyttvy","time":1612178481,"event":{"mods":["2.2 Compatiblity","AchievementEnabler","BaseMod","Bestiary","Colored Map","Colored Powertips","Curses Come First","Highlight Path","Keyboard Shortcuts","Minty Spire (QoL Compilation)","Relic Stats","Slay the Relics Exporter","StSLib","SuperFastMode"],"gold_per_floor":[115,115,130,144,27,27,40,55,55,55,81,156,156,176,176,176,176],"floor_reached":16,"language":"ENG","playtime":368,"items_purged":[],"score":102,"play_id":"4465972b-02d1-4a14-a4f0-5c8bde6a42e9","local_time":"20210201062121","is_ascension_mode":false,"campfire_choices":[{"data":"Conserve Battery","floor":6,"key":"SMITH"},{"data":"Capacitor","floor":10,"key":"SMITH"},{"data":"Conserve Battery","floor":15,"key":"SMITH"}],"circlet_count":0,"master_deck":["Strike_B","Strike_B","Strike_B","Defend_B","Defend_B","Defend_B","Defend_B","Zap","Dualcast","Redo","Barrage","Capacitor+1","Conserve Battery+1","Genetic Algorithm","Barrage","Conserve Battery+1","Conserve Battery"],"relics":["Cracked Core","NeowsBlessing","FaceOfCleric","Mummified Hand","White Beast Statue"],"acts_visited":["Exordium"],"potions_floor_usage":[16,16,16],"damage_taken":[{"damage":0,"enemies":"2 Louse","floor":1,"turns":1},{"damage":0,"enemies":"Cultist","floor":3,"turns":1},{"damage":0,"enemies":"Jaw Worm","floor":4,"turns":1},{"damage":17,"enemies":"3 Louse","floor":7,"turns":3},{"damage":3,"enemies":"Red Slaver","floor":8,"turns":4},{"damage":34,"enemies":"3 Sentries","floor":11,"turns":9},{"damage":7,"enemies":"Large Slime","floor":14,"turns":8},{"damage":18,"enemies":"The Guardian","floor":16,"turns":2}],"seed_played":"-495610908224551732","potions_obtained":[{"floor":3,"key":"SteroidPotion"},{"floor":8,"key":"FocusPotion"},{"floor":14,"key":"EssenceOfSteel"}],"is_trial":false,"path_per_floor":["M","?","M","M","$","R","M","M","T","R","E","?","?","M","R","B"],"character_chosen":"DEFECT","items_purchased":["Capacitor","Conserve Battery"],"campfire_rested":0,"item_purchase_floors":[5,5],"current_hp_per_floor":[75,75,76,77,77,77,61,59,59,59,26,15,15,9,9,0,0],"gold":176,"neow_bonus":"THREE_ENEMY_KILL","is_daily":false,"chose_seed":false,"campfire_upgraded":3,"win_rate":0.0,"timestamp":1612178481,"path_taken":["M","?","?","M","$","R","M","M","T","R","E","?","?","M","R","BOSS"],"items_purchased_type":["Card","Card"],"build_version":"2020-12-22","purchased_purges":0,"victory":false,"max_hp_per_floor":[75,75,76,77,77,77,78,79,79,79,80,80,80,81,81,81,81],"relic_stats":{"FaceOfCleric":6,"counters":[8,29],"Mummified Hand":[2],"obtain_stats":[{"NeowsBlessing":0,"FaceOfCleric":2,"Mummified Hand":9,"Cracked Core":0,"White Beast Statue":11},{"NeowsBlessing":0,"FaceOfCleric":1,"Mummified Hand":5,"Cracked Core":0,"White Beast Statue":6},{"NeowsBlessing":0,"FaceOfCleric":1,"Mummified Hand":10,"Cracked Core":0,"White Beast Statue":19}]},"card_choices":[{"not_picked":["Leap","Sunder"],"picked":"Redo","floor":1},{"not_picked":["Leap","Double Energy","Sweeping Beam"],"picked":"SKIP","floor":3},{"not_picked":["Double Energy","Meteor Strike"],"picked":"Barrage","floor":4},{"not_picked":["Chaos","FTL"],"picked":"Genetic Algorithm","floor":7},{"not_picked":["Coolheaded","Beam Cell"],"picked":"Barrage","floor":8},{"not_picked":["Hologram","Consume"],"picked":"Conserve Battery","floor":11},{"not_picked":["Reinforced Body","Ball Lightning"],"picked":"Conserve Battery","floor":14}],"player_experience":16574,"relics_obtained":[{"floor":9,"key":"Mummified Hand"},{"floor":11,"key":"White Beast Statue"}],"event_choices":[{"damage_healed":0,"gold_gain":0,"player_choice":"Trade","damage_taken":0,"relics_obtained":["FaceOfCleric"],"max_hp_gain":0,"max_hp_loss":0,"event_name":"FaceTrader","floor":2,"gold_loss":0},{"damage_healed":0,"gold_gain":75,"player_choice":"Gather Gold","damage_taken":11,"max_hp_gain":0,"max_hp_loss":0,"event_name":"World of Goop","floor":12,"gold_loss":0},{"cards_removed":["Strike_B"],"damage_healed":0,"gold_gain":0,"player_choice":"Purged","damage_taken":0,"max_hp_gain":0,"max_hp_loss":0,"event_name":"Purifier","floor":13,"gold_loss":0}],"is_beta":false,"boss_relics":[],"items_purged_floors":[],"is_endless":false,"potions_floor_spawned":[3,8,14],"killed_by":"The Guardian","ascension_level":0}}