{"host":"nnxvcju6x1qybncj","time":1612195619,"event":{"mods":["BaseMod","Block Reminder","Curses Come First","Custom Start","Dark Map","Displayed Cursed Tome","Downfall","Evolution","Jorbs\u0027s Wanderer Trilogy","Minty Spire (QoL Compilation)","Quick Restart","Relic Stats","StSLib"],"gold_per_floor":[114,114,134,209,232,41,41,74,74,89,106,6,36,48,48,124,124,134,147,159,258,110,110,110],"floor_reached":23,"language":"ENG","playtime":773,"items_purged":["Strike_G"],"score":384,"play_id":"8c870205-4bb4-4ee4-87a0-20cc18b0f3c5","local_time":"20210201170659","is_ascension_mode":true,"campfire_choices":[{"floor":7,"key":"REST"},{"floor":15,"key":"REST"}],"circlet_count":0,"master_deck":["AscendersBane","Poisoned Stab","Dagger Spray","Strike_G","Strike_G","Defend_G","Defend_G","Defend_G","Defend_G","Defend_G","Survivor","Neutralize+1","Deadly Poison+1","Deadly Poison","Bouncing Flask","Blur","Deflect","Crippling Poison","Noxious Fumes","Dodge and Roll","Skewer","Corpse Explosion","Bouncing Flask","Caltrops"],"relics":["Ring of the Snake","EVO:Axolotl","NeowsBlessing","Happy Flower","ClockworkSouvenir","Nunchaku","Centennial Puzzle","Busted Crown"],"acts_visited":["Exordium","TheCity"],"potions_floor_usage":[14,14,19,19],"damage_taken":[{"damage":0,"enemies":"Jaw Worm","floor":1,"turns":1},{"damage":0,"enemies":"Small Slimes","floor":3,"turns":1},{"damage":0,"enemies":"3 Sentries","floor":8,"turns":1},{"damage":0,"enemies":"Cultist","floor":10,"turns":3},{"damage":0,"enemies":"Blue Slaver","floor":11,"turns":4},{"damage":27,"enemies":"Gremlin Nob","floor":13,"turns":4},{"damage":2,"enemies":"Exordium Thugs","floor":14,"turns":3},{"damage":29,"enemies":"Slime Boss","floor":16,"turns":8},{"damage":1,"enemies":"Shell Parasite","floor":18,"turns":4},{"damage":7,"enemies":"2 Thieves","floor":19,"turns":2},{"damage":2,"enemies":"Snecko","floor":20,"turns":4},{"damage":44,"enemies":"Book of Stabbing","floor":23,"turns":5}],"seed_played":"3649125363825075290","potions_obtained":[{"floor":8,"key":"Energy Potion"},{"floor":10,"key":"Dexterity Potion"},{"floor":14,"key":"SkillPotion"},{"floor":16,"key":"ColorlessPotion"},{"floor":18,"key":"DistilledChaos"}],"is_trial":false,"path_per_floor":["M","?","M","?","T","$","R","E","T","M","M","$","E","M","R","B",null,"M","M","M","?","$","E"],"character_chosen":"THE_SILENT","items_purchased":["ClockworkSouvenir","Bouncing Flask","Noxious Fumes","Dodge and Roll","Caltrops"],"campfire_rested":2,"item_purchase_floors":[6,6,12,12,22],"current_hp_per_floor":[59,46,46,35,35,35,54,54,54,54,54,54,27,25,44,15,53,52,45,43,43,43,0,0],"gold":110,"neow_bonus":"THREE_ENEMY_KILL","is_daily":false,"chose_seed":false,"campfire_upgraded":0,"win_rate":0.0,"timestamp":1612195619,"path_taken":["M","?","M","?","?","$","R","E","T","M","M","?","E","M","R","BOSS","M","?","M","?","?","E"],"items_purchased_type":["Relic","Card","Card","Card","Card"],"build_version":"2020-12-22","purchased_purges":1,"victory":false,"max_hp_per_floor":[66,66,66,66,66,66,66,66,66,66,66,66,66,66,66,66,66,66,66,66,66,66,66,66],"relic_stats":{"Nunchaku":[3],"Centennial Puzzle":[18],"Busted Crown":6,"Happy Flower":[12],"counters":[12,40],"obtain_stats":[{"Nunchaku":8,"Centennial Puzzle":13,"Busted Crown":17,"NeowsBlessing":0,"Happy Flower":5,"EVO:Axolotl":0,"Ring of the Snake":0,"ClockworkSouvenir":6},{"Nunchaku":3,"Centennial Puzzle":6,"Busted Crown":8,"NeowsBlessing":0,"Happy Flower":2,"EVO:Axolotl":0,"Ring of the Snake":0,"ClockworkSouvenir":2},{"Nunchaku":3,"Centennial Puzzle":14,"Busted Crown":25,"NeowsBlessing":0,"Happy Flower":2,"EVO:Axolotl":0,"Ring of the Snake":0,"ClockworkSouvenir":2}],"Ring of the Snake":[24]},"card_choices":[{"not_picked":["Outmaneuver","Backflip"],"picked":"Deadly Poison","floor":1},{"not_picked":["Flying Knee","Prepared"],"picked":"Deadly Poison","floor":3},{"not_picked":["Cloak And Dagger","Escape Plan"],"picked":"Blur","floor":8},{"not_picked":["Night Terror","Blade Dance"],"picked":"Deflect","floor":10},{"not_picked":["Dagger Spray","Setup"],"picked":"Crippling Poison","floor":11},{"not_picked":["Venomology","Cloak And Dagger","Setup"],"picked":"SKIP","floor":13},{"not_picked":["Outmaneuver","Tactician"],"picked":"Skewer","floor":14},{"not_picked":["Envenom","Night Terror"],"picked":"Corpse Explosion","floor":16},{"not_picked":["Dagger Throw"],"picked":"SKIP","floor":18},{"not_picked":[],"picked":"Bouncing Flask","floor":19},{"not_picked":["Setup"],"picked":"SKIP","floor":20}],"player_experience":716463,"relics_obtained":[{"floor":5,"key":"Happy Flower"},{"floor":8,"key":"Nunchaku"},{"floor":13,"key":"Centennial Puzzle"}],"event_choices":[{"damage_healed":0,"gold_gain":0,"player_choice":"Entered Light","damage_taken":13,"max_hp_gain":0,"max_hp_loss":0,"event_name":"Shining Light","floor":2,"gold_loss":0,"cards_upgraded":["Neutralize","Deadly Poison"]},{"damage_healed":0,"gold_gain":75,"player_choice":"Gather Gold","damage_taken":11,"max_hp_gain":0,"max_hp_loss":0,"event_name":"World of Goop","floor":4,"gold_loss":0},{"damage_healed":0,"gold_gain":99,"player_choice":"Stole From Cult","damage_taken":0,"max_hp_gain":0,"max_hp_loss":0,"event_name":"Nest","floor":21,"gold_loss":0}],"is_beta":false,"boss_relics":[{"not_picked":["Runic Dome","SlaversCollar"],"picked":"Busted Crown"}],"items_purged_floors":[22],"is_endless":false,"potions_floor_spawned":[8,10,14,16,18],"killed_by":"Book of Stabbing","ascension_level":14}}