{"host":"vgmhxp0kxvybuvcq","time":1612156248,"event":{"mods":["BaseMod","Minty Spire (QoL Compilation)","Replay The Spire","StSLib"],"gold_per_floor":[109,109,109,51,63,63,97,97,172,185,185,213,223,242,242,345,345,363,288,68,68,86,86,117,131,131,141,168,179,189,201,201,303,303,319,319,319,289,306,306,306,306],"floor_reached":41,"language":"ENG","playtime":2375,"items_purged":["Strike_R"],"score":685,"play_id":"dbc5974b-ea92-47c8-8873-792ad96bd8bf","local_time":"20210131211048","is_ascension_mode":true,"campfire_choices":[{"data":"Bash","floor":6,"key":"SMITH"},{"data":"Shrug It Off","floor":8,"key":"SMITH"},{"data":"Flame Barrier","floor":11,"key":"SMITH"},{"data":"Strike_R","floor":15,"key":"PURGE"},{"data":"RitualDagger","floor":23,"key":"SMITH"},{"data":"ReplayTheSpireMod:LeadingStrike","floor":32,"key":"SMITH"}],"circlet_count":0,"master_deck":["Strike_R","Strike_R","Strike_R","Defend_R","Defend_R","Bash+1","Mayhem+1","Headbutt","Evolve+1","Headbutt","Shrug It Off+1","Flame Barrier+1","Pommel Strike","Thunderclap","Inflame+1","Immolate+1","Warcry","RitualDagger+1","Cleave","Warcry+1","Iron Wave","ReplayTheSpireMod:Muscle Training","ReplayTheSpireMod:LeadingStrike+1","Iron Wave+1","ReplayTheSpireMod:LeadingStrike+1","Berserk","Heavy Blade+1","Infernal Blade+1"],"relics":["Burning Blood","FossilizedHelix","Meat on the Bone","Peace Pipe","Mark of Pain","Guide Book","Eternal Feather","Pantograph","Ginger","Black Star","Ring of Misfortune"],"acts_visited":["Exordium","TheCity","TheBeyond"],"potions_floor_usage":[16,28,29,30,33,40,40,40],"damage_taken":[{"damage":0,"enemies":"2 Louse","floor":1,"turns":3},{"damage":0,"enemies":"Cultist","floor":5,"turns":2},{"damage":17,"enemies":"3 Sentries","floor":7,"turns":10},{"damage":0,"enemies":"Small Slimes","floor":10,"turns":2},{"damage":11,"enemies":"Gremlin Nob","floor":12,"turns":4},{"damage":11,"enemies":"3 Louse","floor":13,"turns":4},{"damage":6,"enemies":"Looter","floor":14,"turns":3},{"damage":23,"enemies":"The Guardian","floor":16,"turns":9},{"damage":7,"enemies":"Shell Parasite","floor":18,"turns":6},{"damage":10,"enemies":"3 Byrds","floor":22,"turns":4},{"damage":9,"enemies":"Gremlin Leader","floor":24,"turns":5},{"damage":0,"enemies":"Snecko","floor":25,"turns":3},{"damage":14,"enemies":"Centurion and Healer","floor":27,"turns":4},{"damage":7,"enemies":"Book of Stabbing","floor":28,"turns":5},{"damage":1,"enemies":"Snake Plant","floor":29,"turns":3},{"damage":25,"enemies":"Shelled Parasite and Fungi","floor":30,"turns":3},{"damage":0,"enemies":"Snecko","floor":31,"turns":4},{"damage":27,"enemies":"Pondfish","floor":33,"turns":9},{"damage":0,"enemies":"Orb Walker","floor":35,"turns":2},{"damage":33,"enemies":"3 Darklings","floor":39,"turns":3},{"damage":32,"enemies":"Nemesis","floor":40,"turns":8},{"damage":55,"enemies":"Spire Growth","floor":41,"turns":4}],"seed_played":"1324252012712610789","potions_obtained":[{"floor":1,"key":"SpeedPotion"},{"floor":14,"key":"PowerPotion"},{"floor":18,"key":"SkillPotion"},{"floor":27,"key":"Weak Potion"},{"floor":28,"key":"BloodPotion"},{"floor":29,"key":"BlessingOfTheForge"},{"floor":30,"key":"DuplicationPotion"},{"floor":38,"key":"SmokeBomb"},{"floor":38,"key":"SpeedPotion"},{"floor":39,"key":"GamblersBrew"}],"is_trial":false,"path_per_floor":["M","?","?","$","M","R","E","R","T","M","R","E","M","M","R","B",null,"M","?","$","?","M","R","E","M","T","M","E","M","M","M","R","B",null,"M","?","?","?","M","E","M"],"character_chosen":"IRONCLAD","items_purchased":["Evolve+1","Guide Book"],"campfire_rested":0,"item_purchase_floors":[4,20],"current_hp_per_floor":[80,80,80,80,80,80,69,69,69,75,75,70,65,65,65,48,80,79,79,79,73,69,69,66,72,72,64,63,68,49,55,70,59,80,80,80,80,80,53,55,0,0],"gold":306,"neow_bonus":"RANDOM_COLORLESS_2","is_daily":false,"chose_seed":false,"campfire_upgraded":5,"win_rate":0.0,"timestamp":1612156248,"path_taken":["M","?","?","$","?","R","E","R","T","M","R","E","M","M","R","BOSS","M","?","$","?","M","R","E","M","T","M","E","M","M","M","R","BOSS","M","?","?","?","M","E","M"],"items_purchased_type":["Card","Relic"],"build_version":"2020-12-22","purchased_purges":1,"victory":false,"max_hp_per_floor":[80,80,80,80,80,80,80,80,80,80,80,80,80,80,80,80,80,80,80,80,80,80,80,80,80,80,80,80,80,80,80,80,80,80,80,80,80,80,80,80,80,80],"card_choices":[{"not_picked":["Magnetism","Sadistic Nature"],"picked":"Mayhem","floor":0},{"not_picked":["Flame Barrier","Clothesline"],"picked":"Headbutt","floor":1},{"not_picked":["Evolve","Dual Wield"],"picked":"Headbutt","floor":5},{"not_picked":["Headbutt","Pommel Strike"],"picked":"Shrug It Off","floor":7},{"not_picked":["Spot Weakness","Cleave"],"picked":"Flame Barrier","floor":10},{"not_picked":["Warcry","Flex"],"picked":"Pommel Strike","floor":12},{"not_picked":["ReplayTheSpireMod:Strike From Hell","Juggernaut"],"picked":"Thunderclap","floor":13},{"not_picked":["Dropkick","Wild Strike"],"picked":"Inflame","floor":14},{"not_picked":["Demonic Infusion","Corruption"],"picked":"Immolate","floor":16},{"not_picked":["Clash+1","Rage"],"picked":"Warcry","floor":18},{"not_picked":["Flame Barrier","Life Link"],"picked":"Cleave","floor":22},{"not_picked":["Rage","Wild Strike"],"picked":"Warcry+1","floor":24},{"not_picked":["Run Through","Clothesline"],"picked":"Iron Wave","floor":25},{"not_picked":["Clothesline","Armaments","Body Slam"],"picked":"SKIP","floor":27},{"not_picked":["Brutality","Flex"],"picked":"ReplayTheSpireMod:Muscle Training","floor":28},{"not_picked":["Perfected Strike","Wild Strike+1"],"picked":"ReplayTheSpireMod:LeadingStrike","floor":29},{"not_picked":["Flex+1","Clothesline"],"picked":"Iron Wave+1","floor":30},{"not_picked":["Clothesline","Feel No Pain"],"picked":"ReplayTheSpireMod:LeadingStrike+1","floor":31},{"not_picked":["Fiend Fire","Barricade"],"picked":"Berserk","floor":33},{"not_picked":["Pummel+1","Body Slam"],"picked":"Heavy Blade+1","floor":35},{"not_picked":["Flex","Whirlwind+1"],"picked":"Infernal Blade+1","floor":39}],"player_experience":286242,"relics_obtained":[{"floor":7,"key":"FossilizedHelix"},{"floor":9,"key":"Meat on the Bone"},{"floor":12,"key":"Peace Pipe"},{"floor":24,"key":"Eternal Feather"},{"floor":26,"key":"Pantograph"},{"floor":28,"key":"Ginger"},{"floor":37,"key":"Ring of Misfortune"}],"event_choices":[{"damage_healed":0,"gold_gain":0,"player_choice":"Grow","damage_taken":0,"max_hp_gain":0,"max_hp_loss":0,"event_name":"Living Wall","floor":2,"gold_loss":0,"cards_upgraded":["Mayhem"]},{"damage_healed":0,"gold_gain":0,"player_choice":"Forge","damage_taken":0,"max_hp_gain":0,"max_hp_loss":0,"event_name":"Accursed Blacksmith","floor":3,"gold_loss":0,"cards_upgraded":["ReplayTheSpireMod:Faulty Equipment"]},{"cards_removed":["Defend_R"],"damage_healed":0,"gold_gain":0,"player_choice":"Gave Gold","damage_taken":0,"max_hp_gain":0,"max_hp_loss":0,"event_name":"Beggar","floor":19,"gold_loss":75},{"damage_healed":0,"gold_gain":0,"player_choice":"Joined the Cult","damage_taken":6,"max_hp_gain":0,"max_hp_loss":0,"event_name":"Nest","floor":21,"gold_loss":0,"cards_obtained":["RitualDagger"]},{"cards_removed":["Defend_R"],"damage_healed":0,"gold_gain":0,"player_choice":"Removed Skill","damage_taken":0,"max_hp_gain":0,"max_hp_loss":0,"event_name":"Falling","floor":36,"gold_loss":0},{"damage_healed":0,"gold_gain":0,"player_choice":"Bought 2 Potions","damage_taken":0,"max_hp_gain":0,"max_hp_loss":0,"event_name":"The Woman in Blue","floor":38,"gold_loss":0}],"is_beta":false,"boss_relics":[{"not_picked":["Sozu","Tiny House"],"picked":"Mark of Pain"},{"not_picked":["Busted Crown","Replay:Drink Me"],"picked":"Black Star"}],"items_purged_floors":[20],"is_endless":false,"potions_floor_spawned":[1,14,18,27,28,29,30,39],"killed_by":"Spire Growth","ascension_level":2}}