{"host":"kzfpatocel9exp3u","time":1612169027,"event":{"mods":["BaseMod","Googly Eyes","Minty Spire (QoL Compilation)","Reliquary","StSLib","[IsaacMod]ÒÔÈö¼âËþ"],"gold_per_floor":[115,190,190,264,364,30,63,88,88,102,102,137,137,162,162,262,262,276,276,43,43,74,141,222,301,326,406,455,455,501,302,302,403,403,422,124,141,17,67,67,67,67,67,97,121,146,6,36,36,36],"floor_reached":51,"language":"ZHS","playtime":1634,"items_purged":["Strike_R","Strike_R","Strike_R","Strike_R"],"score":1303,"play_id":"d6f9e459-c42c-44bc-9126-b504b4beb979","local_time":"20210201164347","daily_mods":["Vintage","Heirloom","Flight","DeadlyEvents","Elite Swarm"],"is_ascension_mode":true,"campfire_choices":[{"floor":11.0,"key":"REST"},{"data":"Barricade","floor":13.0,"key":"SMITH"},{"data":"DoctorFetus","floor":15.0,"key":"SMITH"},{"data":"1","floor":29.0,"key":"LIFT"},{"data":"2","floor":32.0,"key":"LIFT"},{"data":"3","floor":40,"key":"LIFT"},{"data":"Limit Break","floor":41,"key":"SMITH"},{"data":"Pommel Strike","floor":42,"key":"SMITH"},{"data":"Double Tap","floor":49,"key":"SMITH"}],"circlet_count":0,"master_deck":["Defend_R","Defend_R+1","Defend_R","Defend_R","Bash","DoctorFetus+1","Pommel Strike+1","Barricade+1","Feed","Demon Form+1","Reaper","Limit Break+1","Impervious","Offering+1","Double Tap+1","Impervious","Limit Break+1","Heavy Blade+1"],"relics":["Burning Blood","HushsDoor","GuppysHead","Thread and Needle","Pantograph","Shuriken","SteamSale","Tiny Chest","StrikeDummy","reliquary:PartyBalloon","Blue Candle","Mercury Hourglass","Blood Vial","FossilizedHelix","Mark of Pain","Meat on the Bone","reliquary:Buckler","Happy Flower","TheAbacus","SalivaCoin","Vajra","reliquary:PurpleTingedLeaf","TuHaoJin","Sundial","reliquary:TuningFork","reliquary:TatteredRug","Girya","reliquary:SilkGlove","Art of War","Toolbox","Snecko Eye","GuppysHairball","GuppysCollar","MoneyPower","reliquary:Boomerang","Bird Faced Urn","Habit","Bottled Flame","reliquary:JackalopeAntler","BlankCard","Dream Catcher","Singing Bowl","PreservedInsect","War Paint","Strange Spoon","Void"],"acts_visited":["Exordium","TheCity","TheBeyond"],"potions_floor_usage":[],"damage_taken":[{"damage":0.0,"enemies":"2 Louse","floor":1.0,"turns":3.0},{"damage":27.0,"enemies":"Lagavulin","floor":7.0,"turns":8.0},{"damage":45.0,"enemies":"Gremlin Nob","floor":8.0,"turns":5.0},{"damage":0.0,"enemies":"Jaw Worm","floor":10.0,"turns":3.0},{"damage":18.0,"enemies":"3 Sentries","floor":12.0,"turns":4.0},{"damage":14.0,"enemies":"Gremlin Nob","floor":14.0,"turns":4.0},{"damage":13.0,"enemies":"The Guardian","floor":16.0,"turns":10.0},{"damage":7.0,"enemies":"Chosen","floor":18.0,"turns":5.0},{"damage":12.0,"enemies":"Spheric Guardian","floor":22.0,"turns":4.0},{"damage":55.0,"enemies":"Slavers","floor":23.0,"turns":4.0},{"damage":62.0,"enemies":"Gremlin Leader","floor":24.0,"turns":5.0},{"damage":39.0,"enemies":"Slavers","floor":27.0,"turns":6.0},{"damage":18.0,"enemies":"Gremlin Leader","floor":28.0,"turns":6.0},{"damage":19.0,"enemies":"Book of Stabbing","floor":30.0,"turns":5.0},{"damage":0.0,"enemies":"Champ","floor":33.0,"turns":6.0},{"damage":0,"enemies":"3 Shapes","floor":35,"turns":3},{"damage":0,"enemies":"3 Darklings","floor":37,"turns":3},{"damage":0,"enemies":"Mind Bloom Boss Battle","floor":39,"turns":1},{"damage":0,"enemies":"Giant Head","floor":44,"turns":4},{"damage":0,"enemies":"Nemesis","floor":48,"turns":5},{"damage":0,"enemies":"Awakened One","floor":50,"turns":10}],"seed_played":"-4672107303147936366","potions_obtained":[{"floor":7.0,"key":"Fire Potion"},{"floor":8.0,"key":"Strength Potion"},{"floor":12.0,"key":"FearPotion"},{"floor":18.0,"key":"FearPotion"},{"floor":24.0,"key":"ElixirPotion"},{"floor":27.0,"key":"DistilledChaos"},{"floor":37,"key":"Fire Potion"},{"floor":39,"key":"BlessingOfTheForge"}],"is_trial":true,"path_per_floor":["M","?","?","T","?","$","E","E","T","M","R","E","R","E","R","B",null,"M","?","$","T","M","E","E","T","T","E","E","R","E","$","R","B",null,"M","$","M","$","?","R","R","R","T","E","T","T","$","E","R","B",null],"character_chosen":"IRONCLAD","items_purchased":["SteamSale","Barricade","Tiny Chest","Happy Flower","Limit Break","TheAbacus","Art of War","Toolbox","GuppysHairball","GuppysCollar","Limit Break","reliquary:Boomerang","Bird Faced Urn","Habit","reliquary:JackalopeAntler","Strange Spoon"],"campfire_rested":1,"item_purchase_floors":[6,6,6,20,20,20,31,31,34,34,34,36,36,36,38,47],"current_hp_per_floor":[80,69,69,69,69,69,48,9,9,18,42,30,30,24,24,47,76,77,77,77,77,83,51,33,33,33,37,47,47,58,58,58,95,63,66,66,66,66,66,66,66,66,66,71,71,71,71,76,76,76],"gold":36,"neow_bonus":"","is_daily":false,"chose_seed":false,"campfire_upgraded":5,"win_rate":0.0,"timestamp":1612169027,"path_taken":["M","?","?","?","?","$","E","E","T","M","R","E","R","E","R","BOSS","M","?","$","?","M","E","?","?","T","E","?","R","E","$","R","BOSS","M","$","M","$","?","R","R","R","T","E","?","?","$","E","R","BOSS"],"items_purchased_type":["Relic","Card","Relic","Relic","Card","Relic","Relic","Relic","Relic","Relic","Card","Relic","Relic","Relic","Relic","Relic"],"build_version":"2020-12-22","purchased_purges":4,"victory":true,"max_hp_per_floor":[80,80,80,80,80,80,80,80,80,83,83,83,83,83,83,86,86,86,86,86,86,86,89,89,89,89,92,92,92,92,92,92,95,63,66,66,66,66,66,66,66,66,66,71,71,71,71,76,76,76],"card_choices":[{"not_picked":[],"picked":"DoctorFetus","floor":0.0},{"not_picked":["Berserk","Fiend Fire"],"picked":"Feed","floor":7.0},{"not_picked":["Feed","Juggernaut"],"picked":"Demon Form","floor":8.0},{"not_picked":["Berserk","Exhume","Double Tap"],"picked":"SKIP","floor":12.0},{"not_picked":["Exhume","Barricade","Juggernaut"],"picked":"SKIP","floor":14.0},{"not_picked":["Impervious","Juggernaut"],"picked":"Reaper","floor":16.0},{"not_picked":["Immolate","Juggernaut"],"picked":"Impervious","floor":23.0},{"not_picked":["Immolate","Bludgeon"],"picked":"Offering","floor":24.0},{"not_picked":["Juggernaut","Brutality","Bludgeon"],"picked":"SKIP","floor":27.0},{"not_picked":["Exhume","Brutality"],"picked":"Double Tap","floor":28.0},{"not_picked":["Brutality","Demon Form","Juggernaut"],"picked":"SKIP","floor":30.0},{"not_picked":["Corruption","Offering"],"picked":"Impervious","floor":33.0},{"not_picked":["Warcry","Dropkick"],"picked":"Heavy Blade+1","floor":39},{"not_picked":["Demon Form","Limit Break","Brutality"],"picked":"Singing Bowl","floor":44},{"not_picked":["Double Tap","Corruption","Immolate"],"picked":"Singing Bowl","floor":48}],"player_experience":1317582,"relics_obtained":[{"floor":1.0,"key":"Pantograph"},{"floor":4.0,"key":"Shuriken"},{"floor":7.0,"key":"StrikeDummy"},{"floor":8.0,"key":"reliquary:PartyBalloon"},{"floor":9.0,"key":"Blue Candle"},{"floor":10.0,"key":"Mercury Hourglass"},{"floor":12.0,"key":"Blood Vial"},{"floor":14.0,"key":"FossilizedHelix"},{"floor":18.0,"key":"Meat on the Bone"},{"floor":21.0,"key":"SalivaCoin"},{"floor":22.0,"key":"Vajra"},{"floor":23.0,"key":"reliquary:PurpleTingedLeaf"},{"floor":24.0,"key":"TuHaoJin"},{"floor":25.0,"key":"Sundial"},{"floor":26.0,"key":"reliquary:TuningFork"},{"floor":27.0,"key":"reliquary:TatteredRug"},{"floor":28.0,"key":"Girya"},{"floor":30.0,"key":"reliquary:SilkGlove"},{"floor":35,"key":"MoneyPower"},{"floor":37,"key":"Bottled Flame"},{"floor":39,"key":"BlankCard"},{"floor":43,"key":"Dream Catcher"},{"floor":44,"key":"Singing Bowl"},{"floor":45,"key":"PreservedInsect"},{"floor":46,"key":"War Paint"},{"floor":48,"key":"Void"}],"event_choices":[{"damage_healed":0.0,"max_hp_gain":0.0,"max_hp_loss":0.0,"gold_gain":75.0,"event_name":"World of Goop","player_choice":"Gather Gold","floor":2.0,"gold_loss":0.0,"damage_taken":11.0},{"damage_healed":0.0,"max_hp_gain":0.0,"max_hp_loss":0.0,"gold_gain":0.0,"cards_transformed":["Strike_R"],"event_name":"Living Wall","player_choice":"Change","floor":3.0,"gold_loss":0.0,"damage_taken":0.0,"cards_obtained":["Pommel Strike"]},{"damage_healed":0.0,"max_hp_gain":0.0,"max_hp_loss":0.0,"gold_gain":0.0,"event_name":"WeMeetAgain","player_choice":"Gave Potion","floor":19.0,"gold_loss":0.0,"damage_taken":0.0,"relics_obtained":["reliquary:Buckler"]},{"damage_healed":0,"gold_gain":0,"player_choice":"Fight","damage_taken":0,"max_hp_gain":0,"max_hp_loss":0,"event_name":"MindBloom","floor":39,"gold_loss":0}],"is_beta":false,"boss_relics":[{"not_picked":["reliquary:RedCape","reliquary:Ember"],"picked":"Mark of Pain"},{"not_picked":[]},{"not_picked":["Tiny House","Pandora\u0027s Box"],"picked":"Snecko Eye"},{"not_picked":[]}],"items_purged_floors":[6,31,34,47],"is_endless":false,"potions_floor_spawned":[7,8,12,18,24,27,37,39],"ascension_level":5}}