{"host":"cq8xacpj8p19paz6","time":1612180385,"event":{"mods":["Aspiration","BaseMod","Better Altar","Better Match","Better Sensory Stone","Better Skull","Better Third Choice","BetterRewards","Conspire","Downfall","Hermit","Infinite Spire","Marisa????????","Minty Spire (QoL Compilation)","Replay The Spire","Shop Mod","StSLib","The Bladedancer","The Cursed","The Disciple","The Hierophant","The Jungle","The Necromancer","The Poker Player","The Runesmith","The Servant 0.9.4"],"gold_per_floor":[113,133,93,111,130,165,165,347,347,347,366,384,384,401,401,507,507,526,541,541,563,563,563,574,576,576,610,114,64,90,106,106,207,207,227,249,0,12,14,43,382,400,400,418,418,418,826,846,846,848],"floor_reached":51,"language":"ENG","playtime":6313,"items_purged":["TheCursedMod:Strike_TheCursed","TheCursedMod:ReleasedKnowledge","TheCursedMod:Defend_TheCursed","Sadistic Nature","TheCursedMod:Defend_TheCursed"],"score":928,"play_id":"979aaf87-6a73-4baa-812c-b3e87b9c9a80","local_time":"20210201115305","is_ascension_mode":false,"campfire_choices":[{"data":"TheCursedMod:SpitefulPlan","floor":7,"key":"SMITH"},{"data":"TheCursedMod:NeowsMight","floor":10,"key":"SMITH"},{"data":"Secret Technique","floor":13,"key":"SMITH"},{"data":"TheCursedMod:Wield","floor":15,"key":"SMITH"},{"data":"TheCursedMod:VoidForm","floor":23,"key":"SMITH"},{"data":"TheCursedMod:HellfireBreathing","floor":32,"key":"SMITH"}],"circlet_count":0,"master_deck":["TheCursedMod:Strike_TheCursed+1","TheCursedMod:Defend_TheCursed","TheCursedMod:Defend_TheCursed","TheCursedMod:CursedWand+1","TheCursedMod:CleanUpWorkshop","TheCursedMod:Dregs","TheCursedMod:HellsGateOpen","TheCursedMod:NeowsMight+1","TheCursedMod:SpitefulStrike","TheCursedMod:SpitefulPlan+1","TheCursedMod:Torture","TheCursedMod:CursedShiv","TheCursedMod:CursedAmulet","Secret Technique+1","TheCursedMod:CursedBlade","TheCursedMod:Stigma","TheCursedMod:Wield+1","TheCursedMod:CursedBlade","TheCursedMod:VoidForm+1","TheCursedMod:BlessingInDisguise+1","TheCursedMod:Hemoplague+1","infinitespire:Punishment","TheCursedMod:SurpriseAttack","TheCursedMod:HellfireBreathing+1","TheCursedMod:SurpriseAttack","TheCursedMod:CursedSpellbook","TheCursedMod:NeowsMight","TheCursedMod:SurpriseAttack+1","TheCursedMod:CursedSpellbook+1","Madness+1","TheCursedMod:ManaBullet","TheCursedMod:LuckyCharm","TheCursedMod:CursedAmulet","infinitespire:Punishment","Mayhem","TheCursedMod:CircleOfWindfury"],"relics":["TheCursedMod:BlackMagic101","infinitespire:Golems Mask","Replay:Mystery Machine","IceCream?","MerchantsRug","TheCursedMod:SoulVessel","aspiration:ChemicalBlood","infinitespire:Midas Blood","Bronze Scales","Nunchaku","infinitespire:Joker Card","ClockworkSouvenir","Whetstone","Question Card","Philosopher\u0027s Stone","Mercury Hourglass","Blood Vial","conspire:Flyswatter","Pantograph","Ornamental Fan","aspiration:Nostalgia","m_MercuryCore","Runic Dome","Red Mask","aspiration:HiddenCompartment","conspire:TopHat","Peace Pipe","Replay:WaspNest","InkBottle"],"acts_visited":["TheCity","TheBeyond"],"potions_floor_usage":[6,16,16,40,50,50,50],"damage_taken":[{"damage":0,"enemies":"Cultist","floor":1,"turns":2},{"damage":1,"enemies":"Jaw Worm","floor":2,"turns":3},{"damage":4,"enemies":"Small Slimes","floor":4,"turns":3},{"damage":0,"enemies":"Gremlin Gang","floor":5,"turns":4},{"damage":7,"enemies":"Lagavulin","floor":6,"turns":5},{"damage":7,"enemies":"Blue Slaver","floor":11,"turns":2},{"damage":0,"enemies":"Large Slime","floor":12,"turns":3},{"damage":0,"enemies":"Exordium Wildlife","floor":14,"turns":3},{"damage":29,"enemies":"Fading Forest","floor":16,"turns":11},{"damage":0,"enemies":"Chosen","floor":18,"turns":3},{"damage":0,"enemies":"Shell Parasite","floor":19,"turns":2},{"damage":14,"enemies":"Snecko","floor":21,"turns":4},{"damage":0,"enemies":"3 Cultists","floor":24,"turns":2},{"damage":4,"enemies":"conspire:SneckoGhost","floor":27,"turns":3},{"damage":20,"enemies":"Snake Plant","floor":30,"turns":2},{"damage":0,"enemies":"Chosen and Byrds","floor":31,"turns":2},{"damage":9,"enemies":"Automaton","floor":33,"turns":4},{"damage":11,"enemies":"3 Shapes","floor":35,"turns":2},{"damage":8,"enemies":"Orb Walker","floor":36,"turns":2},{"damage":0,"enemies":"Transient","floor":38,"turns":5},{"damage":0,"enemies":"R_Hoarder","floor":40,"turns":4},{"damage":0,"enemies":"3 Darklings","floor":42,"turns":2},{"damage":0,"enemies":"Jaw Worm Horde","floor":44,"turns":1},{"damage":0,"enemies":"4 Shapes","floor":48,"turns":2},{"damage":20,"enemies":"conspire:OrnateMirror","floor":50,"turns":3}],"seed_played":"-2971236572265582523","potions_obtained":[{"floor":3,"key":"Regen Potion"},{"floor":3,"key":"hexamod:SoulburnPotion"},{"floor":3,"key":"Weak Potion"},{"floor":11,"key":"hexamod:SoulburnPotion"},{"floor":19,"key":"Flashbang"},{"floor":21,"key":"EssenceOfSteel"},{"floor":40,"key":"SkillPotion"}],"is_trial":false,"path_per_floor":["M","M","?","M","M","E","R","$","T","R","M","M","R","M","R","B",null,"M","M","AVR","M","?","R","M","?","T","E","$","?","M","M","R","B",null,"M","M","?","M","?","E","$","M","T","M","AVR","?","$","M","R","B",null],"character_chosen":"THE_CURSED","items_purchased":["infinitespire:Golems Mask","Replay:Mystery Machine","Strange Spoon","TheCursedMod:HellsGateOpen","Sadistic Nature","MerchantsRug","infinitespire:Joker Card","ClockworkSouvenir","Secret Technique","Whetstone","TheCursedMod:CursedBlade","Ornamental Fan","aspiration:Nostalgia","conspire:TopHat","TheCursedMod:LuckyCharm","Peace Pipe","InkBottle","Mayhem"],"campfire_rested":0,"item_purchase_floors":[0,0,0,0,0,0,8,8,8,8,8,28,28,41,41,41,47,47],"current_hp_per_floor":[68,69,69,66,67,63,63,63,63,63,57,58,58,58,58,56,75,75,75,75,61,61,61,62,42,42,72,72,72,54,56,56,67,75,64,58,58,63,48,75,75,75,75,75,75,75,75,75,75,68],"gold":848,"neow_bonus":"","is_daily":false,"chose_seed":false,"campfire_upgraded":6,"win_rate":0.0,"timestamp":1612180385,"path_taken":["M","M","?","M","?","E","R","?","T","R","M","M","R","?","R","BOSS","M","M","AVR","M","?","R","M","?","T","E","?","?","?","?","R","BOSS","M","M","?","M","?","E","?","?","T","M","AVR","?","$","M","R","BOSS"],"items_purchased_type":["Relic","Relic","Relic","Card","Card","Relic","Relic","Relic","Card","Relic","Card","Relic","Relic","Relic","Card","Relic","Relic","Card"],"build_version":"2020-12-22","purchased_purges":5,"victory":true,"max_hp_per_floor":[75,75,75,75,75,75,75,75,75,75,75,75,75,75,75,75,75,75,75,75,75,75,75,75,75,75,75,75,75,75,75,75,75,75,75,75,75,75,75,75,75,75,75,75,75,75,75,75,75,75],"card_choices":[{"not_picked":["TheCursedMod:Wield","TheCursedMod:LuckyCharm"],"picked":"TheCursedMod:SpitefulPlan","floor":1},{"not_picked":["TheCursedMod:TacticalStrike","TheCursedMod:BloodBarrier"],"picked":"TheCursedMod:Torture","floor":2},{"not_picked":["TheCursedMod:CircleOfBlood","TheCursedMod:RavingStaff"],"picked":"TheCursedMod:CursedShiv","floor":4},{"not_picked":["TheCursedMod:DoubleShield","TheCursedMod:Torture"],"picked":"TheCursedMod:ReleasedKnowledge","floor":5},{"not_picked":["TheCursedMod:SpitefulStrike","TheCursedMod:Stretching"],"picked":"TheCursedMod:CursedAmulet","floor":6},{"not_picked":["TheCursedMod:SpitefulPlan","TheCursedMod:SpreadPlague","TheCursedMod:WearCloak"],"picked":"TheCursedMod:Stigma","floor":11},{"not_picked":["TheCursedMod:ParallelWorld","TheCursedMod:CursedStaff","TheCursedMod:SpitefulPlan"],"picked":"TheCursedMod:Wield","floor":12},{"not_picked":["TheCursedMod:VitalStrike","TheCursedMod:CursedMace","TheCursedMod:BloodBarrier"],"picked":"TheCursedMod:CursedBlade","floor":14},{"not_picked":["TheCursedMod:DarkBarrier","TheCursedMod:CursedRelics","TheCursedMod:StunningStrike"],"picked":"TheCursedMod:VoidForm","floor":16},{"not_picked":["TheCursedMod:ReleasedStrength","TheCursedMod:SurpriseAttack","TheCursedMod:CursedBlade"],"picked":"TheCursedMod:BlessingInDisguise","floor":18},{"not_picked":["TheCursedMod:HellsGateOpen","TheCursedMod:Stretching","TheCursedMod:TacticalStrike+1"],"picked":"TheCursedMod:Hemoplague+1","floor":19},{"not_picked":["TheCursedMod:CursedBlade","TheCursedMod:CursedAmulet","TheCursedMod:SmokeScreen+1"],"picked":"TheCursedMod:SurpriseAttack","floor":21},{"not_picked":["TheCursedMod:ManaBullet","TheCursedMod:VitalStrike+1","TheCursedMod:HellsGateOpen"],"picked":"TheCursedMod:HellfireBreathing","floor":24},{"not_picked":["TheCursedMod:VitalStrike+1","TheCursedMod:StunningStrike","TheCursedMod:SmokeScreen"],"picked":"TheCursedMod:SurpriseAttack","floor":27},{"not_picked":["TheCursedMod:SpitefulStrike+1","TheCursedMod:HellfireBreathing+1","TheCursedMod:SurpriseAttack"],"picked":"TheCursedMod:CursedSpellbook","floor":30},{"not_picked":["TheCursedMod:Obscuration+1","TheCursedMod:StingEye","TheCursedMod:Torture+1","TheCursedMod:ReleasedStrength"],"picked":"SKIP","floor":31},{"not_picked":["TheCursedMod:StunningStrike","TheCursedMod:ParallelWorld","TheCursedMod:DarkBarrier"],"picked":"TheCursedMod:NeowsMight","floor":33},{"not_picked":["TheCursedMod:CircleOfFocus+1","TheCursedMod:CursedShiv","TheCursedMod:SoulCrush"],"picked":"TheCursedMod:SurpriseAttack+1","floor":35},{"not_picked":["TheCursedMod:SurpriseAttack","TheCursedMod:SpitefulStrike+1","TheCursedMod:SmokeScreen","TheCursedMod:RapidMovement"],"picked":"SKIP","floor":36},{"not_picked":["TheCursedMod:ForbiddenAlchemy","TheCursedMod:TacticalStrike","TheCursedMod:VitalStrike"],"picked":"TheCursedMod:CursedSpellbook+1","floor":38},{"not_picked":["TheCursedMod:Grudge","TheCursedMod:VoidForm","TheCursedMod:VitalStrike+1"],"picked":"TheCursedMod:ManaBullet","floor":40},{"not_picked":["TheCursedMod:Mangle+1","TheCursedMod:AshesToAshes+1","TheCursedMod:CursedMace+1"],"picked":"TheCursedMod:CursedAmulet","floor":42},{"not_picked":["TheCursedMod:CursedBoomerang","TheCursedMod:FuryStrike","TheCursedMod:RapidMovement","TheCursedMod:CircleOfFlame"],"picked":"SKIP","floor":44},{"not_picked":["TheCursedMod:FleshFromBone","TheCursedMod:Grudge+1","TheCursedMod:WearCloak+1"],"picked":"TheCursedMod:CircleOfWindfury","floor":48}],"player_experience":102768,"relics_obtained":[{"floor":6,"key":"Nunchaku"},{"floor":9,"key":"Question Card"},{"floor":26,"key":"conspire:Flyswatter"},{"floor":27,"key":"Pantograph"},{"floor":40,"key":"aspiration:HiddenCompartment"},{"floor":43,"key":"Replay:WaspNest"}],"event_choices":[{"damage_healed":0,"gold_gain":0,"player_choice":"Bought 3 Potions","damage_taken":0,"max_hp_gain":0,"max_hp_loss":0,"event_name":"The Woman in Blue","floor":3,"gold_loss":0},{"damage_healed":0,"gold_gain":0,"player_choice":" Vial ","damage_taken":20,"relics_obtained":["Blood Vial"],"max_hp_gain":62,"max_hp_loss":42,"event_name":"betterAltar:BetterAltar","floor":25,"potions_obtained":[],"relics_lost":[],"gold_loss":0},{"damage_healed":0,"gold_gain":0,"player_choice":"Bet on Murderer","damage_taken":0,"max_hp_gain":0,"max_hp_loss":0,"event_name":"The Joust","floor":29,"gold_loss":50},{"damage_healed":0,"gold_gain":0,"player_choice":"Paid","damage_taken":0,"relics_obtained":["Red Mask"],"max_hp_gain":0,"max_hp_loss":0,"event_name":"Tomb of Lord Red Mask","floor":37,"gold_loss":249},{"damage_healed":0,"gold_gain":3,"player_choice":"2","damage_taken":0,"max_hp_gain":0,"max_hp_loss":15,"event_name":"betterStone:BetterStone","floor":39,"gold_loss":0},{"damage_healed":0,"gold_gain":0,"player_choice":"Ignored","damage_taken":0,"max_hp_gain":0,"max_hp_loss":0,"event_name":"betterThird:BetterPortal","floor":46,"gold_loss":0}],"is_beta":false,"boss_relics":[{"not_picked":["ReplayTheSpireMod:SealedPack","bronze:MakeshiftBattery"],"picked":"Philosopher\u0027s Stone"},{"not_picked":["Ring of Chaos","Runic Pyramid"],"picked":"Runic Dome"}],"items_purged_floors":[0,20,28,41,47],"is_endless":false,"potions_floor_spawned":[4,6,11,12,19,30,31,33,38,40,48],"ascension_level":0}}