{"host":"thn8o1tmql8xszd5","time":1612148522,"event":{"mods":["2.2 Compatiblity","AchievementEnabler","BaseMod","Bestiary","Block Reminder","Colored Map","DeckTracker","Downfall","Highlight Path","Minty Spire (QoL Compilation)","Permanent Neow","Quick Restart","Random Character Button","Relic Sorter","Relic Stats","StSLib","The Blue Laboratory"],"gold_per_floor":[99,119,129,229,329,345,345,378,396,410,410,420,420,431,444,546,546,546,562,572,572,134,145,145,145,156,185,203,221,221,321,337,442,492,492,504,224,274,288,306,331,331,363,85,85,96,116,149,165,165,165,165],"floor_reached":50,"language":"ENG","playtime":4226,"items_purged":["downfall:Aged","Pride","Pride"],"score":782,"play_id":"c5f79cd9-7ff3-4eff-9670-64dbc4001ee5","local_time":"20210131220202","is_ascension_mode":false,"campfire_choices":[{"data":"champ:Execute","floor":1,"key":"SMITH"},{"data":"champ:PerfectedStrike","floor":11,"key":"SMITH"},{"floor":13,"key":"REST"},{"data":"champ:BladeFlurry","floor":18,"key":"SMITH"},{"data":"champ:Taunt","floor":25,"key":"SMITH"},{"floor":30,"key":"REST"},{"data":"champ:Devastate","floor":35,"key":"SMITH"},{"data":"champ:LastStand","floor":42,"key":"SMITH"},{"floor":45,"key":"REST"}],"circlet_count":0,"master_deck":["champ:Strike","champ:Strike","champ:Strike","champ:Strike","champ:Defend","champ:Defend","champ:Defend","champ:Defend","champ:Execute+1","champ:Taunt+1","champ:Devastate+1","champ:DeathBlow","champ:PerfectedStrike+1","downfall:Haunted","downfall:Haunted","Writhe","Pain","champ:ShieldThrow+1","champ:FlashCut","champ:CrookedStrike+1","champ:StanceDance+1","champ:SkillfulDodge+1","champ:BladeFlurry+1","champ:BladeFlurry","champ:ShieldSlam+1","champ:LastStand+1","CurseOfTheBell","champ:PerfectedStrike+1","champ:PerfectedStrike+1","champ:Backstep+1","Master of Strategy+1","champ:BladeFlurry+1","champ:TripleStrike+1","champ:BladeFlurry+1","champ:FlashCut+1","champ:MurderStrike+1","champ:EnGarde+1","champ:BringItOn+1","champ:PerfectedStrike+1","champ:Circumvent+1","champ:ShieldWall","champ:EnGarde+1","champ:ShieldSlam+1","champ:ArenaPreparation+1","champ:EnGarde+1"],"relics":["champ:ChampionCrown","Du-Vu Doll","Toxic Egg 2","Strawberry","Calling Bell","Regal Pillow","InkBottle","Torii","Whetstone","Unceasing Top","Molten Egg 2","downfall:CloakOfManyFaces","CultistMask","FaceOfCleric","NlothsMask","GremlinMask","SsserpentHead","Tiny House","Oddly Smooth Stone","Bottled Lightning","Vajra","champ:DefensiveTrainingManual","Sundial"],"acts_visited":["Exordium","TheCity","TheBeyond"],"potions_floor_usage":[15,19,22,23,27,27,33,33,43,49,50],"damage_taken":[{"damage":18,"enemies":"Jaw Worm","floor":2,"turns":4},{"damage":10,"enemies":"Small Slimes","floor":3,"turns":2},{"damage":0,"enemies":"2 Louse","floor":6,"turns":3},{"damage":24,"enemies":"Gremlin Nob","floor":8,"turns":4},{"damage":9,"enemies":"Blue Slaver","floor":9,"turns":2},{"damage":24,"enemies":"Red Slaver","floor":10,"turns":3},{"damage":1,"enemies":"2 Fungi Beasts","floor":12,"turns":2},{"damage":19,"enemies":"Large Slime","floor":14,"turns":3},{"damage":10,"enemies":"Blue Slaver","floor":15,"turns":2},{"damage":32,"enemies":"SI_SHIV_ARCHETYPE","floor":16,"turns":6},{"damage":13,"enemies":"Shell Parasite","floor":19,"turns":3},{"damage":0,"enemies":"Spheric Guardian","floor":20,"turns":2},{"damage":3,"enemies":"downfall:FleeingMerchant","floor":22,"turns":4},{"damage":3,"enemies":"Snake Plant","floor":23,"turns":2},{"damage":10,"enemies":"Centurion and Healer","floor":26,"turns":3},{"damage":32,"enemies":"Gremlin Leader","floor":27,"turns":5},{"damage":15,"enemies":"Shelled Parasite and Fungi","floor":28,"turns":3},{"damage":13,"enemies":"Cultist and Chosen","floor":29,"turns":4},{"damage":0,"enemies":"downfall:FaceTrader","floor":31,"turns":5},{"damage":0,"enemies":"Snake Plant","floor":32,"turns":2},{"damage":52,"enemies":"DF_ARCHETYPE_CLAW","floor":33,"turns":7},{"damage":9,"enemies":"3 Darklings","floor":36,"turns":3},{"damage":0,"enemies":"downfall:FleeingMerchant","floor":37,"turns":2},{"damage":0,"enemies":"Orb Walker","floor":39,"turns":2},{"damage":9,"enemies":"Sphere and 2 Shapes","floor":40,"turns":4},{"damage":47,"enemies":"Reptomancer","floor":43,"turns":6},{"damage":20,"enemies":"3 Darklings","floor":46,"turns":4},{"damage":4,"enemies":"Jaw Worm Horde","floor":47,"turns":5},{"damage":50,"enemies":"Nemesis","floor":48,"turns":7},{"damage":21,"enemies":"Writhing Mass","floor":49,"turns":5},{"damage":39,"enemies":"WA_ARCHETYPE_DIVINITY","floor":50,"turns":5}],"seed_played":"4000244020338581612","potions_obtained":[{"floor":6,"key":"Energy Potion"},{"floor":8,"key":"blueLaboratory:EnragingPotion"},{"floor":9,"key":"FearPotion"},{"floor":15,"key":"blueLaboratory:ExaltedPotion"},{"floor":20,"key":"Fire Potion"},{"floor":23,"key":"blueLaboratory:BubblePotion"},{"floor":26,"key":"blueLaboratory:Moonshine"},{"floor":31,"key":"blueLaboratory:ExaltedPotion"},{"floor":32,"key":"blueLaboratory:StoneskinPotion"},{"floor":34,"key":"Block Potion"},{"floor":39,"key":"blueLaboratory:Moonshine"},{"floor":46,"key":"Explosive Potion"}],"is_trial":false,"path_per_floor":["R","M","M","?","?","M","T","E","M","M","R","M","R","M","M","B",null,"R","M","M","?","$","M","T","R","M","E","M","M","R","?","M","B",null,"R","M","$","?","M","M","T","R","E","$","R","M","M","E","M","B"],"character_chosen":"THE_CHAMP","items_purchased":["Master of Strategy+1","Whetstone","champ:PerfectedStrike+1","Oddly Smooth Stone","Bottled Lightning","champ:Circumvent+1","champ:ShieldWall","champ:DefensiveTrainingManual"],"campfire_rested":3,"item_purchase_floors":[22,22,37,37,37,37,37,44],"current_hp_per_floor":[90,82,82,87,87,87,87,80,71,57,57,56,86,77,77,55,102,102,89,89,68,65,62,62,62,62,40,35,32,79,79,80,49,114,114,106,107,107,108,100,100,100,74,74,119,100,97,48,38,0,0,0],"gold":165,"neow_bonus":"ONE_RANDOM_RARE_CARD","is_daily":false,"chose_seed":false,"campfire_upgraded":6,"win_rate":0.0,"timestamp":1612148522,"path_taken":["R","M","M","?","?","M","T","E","M","M","R","M","R","M","M","BOSS","R","M","M","?","$","M","T","R","M","E","M","M","R","?","M","BOSS","R","M","?","?","M","M","T","R","E","$","R","M","M","E","M","BOSS"],"items_purchased_type":["Card","Relic","Card","Relic","Relic","Card","Card","Relic"],"build_version":"2020-12-22","purchased_purges":3,"victory":false,"max_hp_per_floor":[90,90,90,95,95,95,95,102,102,102,102,102,102,102,102,102,102,102,102,102,107,107,107,107,107,107,107,107,107,107,107,108,109,114,114,115,116,116,117,118,118,118,119,119,119,120,121,122,123,123,123,123],"relic_stats":{"SsserpentHead":100,"Regal Pillow":25,"Torii":22,"FaceOfCleric":11,"counters":[31,114],"Sundial":[0],"Whetstone":["champ:ShieldThrow","champ:CrookedStrike"],"obtain_stats":[{"Regal Pillow":17,"Tiny House":34,"Torii":17,"Oddly Smooth Stone":37,"Vajra":43,"champ:ChampionCrown":0,"GremlinMask":31,"Whetstone":22,"Du-Vu Doll":4,"Calling Bell":17,"SsserpentHead":31,"FaceOfCleric":31,"champ:DefensiveTrainingManual":44,"Sundial":48,"Strawberry":8,"Molten Egg 2":27,"CultistMask":31,"downfall:CloakOfManyFaces":31,"Bottled Lightning":37,"Toxic Egg 2":7,"InkBottle":17,"Unceasing Top":24,"NlothsMask":31},{"Regal Pillow":10,"Tiny House":21,"Torii":10,"Oddly Smooth Stone":23,"Vajra":26,"champ:ChampionCrown":0,"GremlinMask":19,"Whetstone":13,"Du-Vu Doll":2,"Calling Bell":10,"SsserpentHead":19,"FaceOfCleric":19,"champ:DefensiveTrainingManual":26,"Sundial":29,"Strawberry":4,"Molten Egg 2":16,"CultistMask":19,"downfall:CloakOfManyFaces":19,"Bottled Lightning":23,"Toxic Egg 2":3,"InkBottle":10,"Unceasing Top":14,"NlothsMask":19},{"Regal Pillow":31,"Tiny House":71,"Torii":31,"Oddly Smooth Stone":76,"Vajra":88,"champ:ChampionCrown":0,"GremlinMask":62,"Whetstone":40,"Du-Vu Doll":6,"Calling Bell":31,"SsserpentHead":62,"FaceOfCleric":62,"champ:DefensiveTrainingManual":88,"Sundial":104,"Strawberry":13,"Molten Egg 2":50,"CultistMask":62,"downfall:CloakOfManyFaces":62,"Bottled Lightning":76,"Toxic Egg 2":9,"InkBottle":31,"Unceasing Top":42,"NlothsMask":62}],"InkBottle":[26],"Unceasing Top":[0]},"card_choices":[{"not_picked":["champ:EnGarde","champ:Haymaker"],"picked":"champ:DeathBlow","floor":2},{"not_picked":["champ:CrownThrow","champ:Circumvent"],"picked":"champ:PerfectedStrike","floor":3},{"not_picked":["champ:Shatter","champ:Backstep"],"picked":"champ:FlashCut","floor":6},{"not_picked":["champ:EndlessRage","champ:FocusedDefense+1"],"picked":"champ:CrookedStrike","floor":8},{"not_picked":["champ:Lariat+1","champ:FaceSlap"],"picked":"champ:StanceDance+1","floor":9},{"not_picked":["champ:TornadoPunch","champ:HeartStrike"],"picked":"champ:SkillfulDodge+1","floor":10},{"not_picked":["champ:Endure+1","champ:BerserkersShout+1"],"picked":"champ:BladeFlurry","floor":12},{"not_picked":["champ:IronFortress","champ:UltimateStance+1"],"picked":"champ:BladeFlurry","floor":14},{"not_picked":["champ:EnGarde+1","champ:HeartStrike"],"picked":"champ:ShieldSlam+1","floor":15},{"not_picked":["champ:SwordThrow","champ:SteelEdge"],"picked":"champ:LastStand","floor":16},{"not_picked":["champ:UltimateStance+1","champ:EnGarde+1"],"picked":"champ:PerfectedStrike+1","floor":19},{"not_picked":["champ:BerserkersShout+1","champ:PreemptiveStrike+1"],"picked":"champ:PerfectedStrike+1","floor":20},{"not_picked":["champ:BerserkersShout+1","champ:Circumvent+1"],"picked":"champ:Backstep+1","floor":22},{"not_picked":["champ:Endure+1","champ:FaceSlap+1"],"picked":"champ:BladeFlurry","floor":23},{"not_picked":["champ:AdrenalArmor+1","champ:FocusedBerserking+1","champ:ArenaPreparation+1"],"picked":"SKIP","floor":26},{"not_picked":["champ:FocusedBerserking+1","champ:PreciseThrust+1","champ:RecklessLeap+1"],"picked":"SKIP","floor":27},{"not_picked":["champ:Circumvent+1","champ:EnGarde+1"],"picked":"champ:TripleStrike+1","floor":28},{"not_picked":["champ:FanOfKnives+1","champ:Duel+1","champ:EndlessRage+1"],"picked":"SKIP","floor":29},{"not_picked":["champ:FalseCounter+1","champ:HeartStrike+1"],"picked":"champ:BladeFlurry+1","floor":31},{"not_picked":["champ:BringItOn+1","champ:Backstep+1"],"picked":"champ:FlashCut+1","floor":32},{"not_picked":["champ:Improvising","champ:SteelEdge+1"],"picked":"champ:MurderStrike+1","floor":33},{"not_picked":["champ:StanceDance+1","champ:GutPunch+1"],"picked":"champ:EnGarde+1","floor":34},{"not_picked":["champ:RecklessLeap+1","champ:FaceSlap+1","champ:GladiatorStyle+1"],"picked":"SKIP","floor":36},{"not_picked":["champ:ShieldSlam+1","champ:DeathBlow+1"],"picked":"champ:BringItOn+1","floor":37},{"not_picked":["champ:Haymaker+1","champ:GutPunch+1"],"picked":"champ:EnGarde+1","floor":39},{"not_picked":["champ:GutPunch+1","champ:FanOfKnives+1"],"picked":"champ:ShieldSlam+1","floor":40},{"not_picked":["champ:Duel+1","champ:HeavySlash+1","champ:TornadoPunch+1"],"picked":"SKIP","floor":43},{"not_picked":["champ:Haymaker+1","champ:BringItOn+1","champ:TornadoPunch+1"],"picked":"SKIP","floor":46},{"not_picked":["champ:Circumvent+1","champ:FaceSlap+1"],"picked":"champ:ArenaPreparation+1","floor":47},{"not_picked":["champ:Endure+1","champ:GladiatorStyle+1","champ:FanOfKnives+1"],"picked":"SKIP","floor":48},{"not_picked":["champ:AdrenalArmor+1","champ:DeathBlow+1"],"picked":"champ:EnGarde+1","floor":49}],"player_experience":833133,"relics_obtained":[{"floor":7,"key":"Toxic Egg 2"},{"floor":8,"key":"Strawberry"},{"floor":17,"key":"Regal Pillow"},{"floor":17,"key":"InkBottle"},{"floor":17,"key":"Torii"},{"floor":24,"key":"Unceasing Top"},{"floor":27,"key":"Molten Egg 2"},{"floor":31,"key":"downfall:CloakOfManyFaces"},{"floor":43,"key":"Vajra"},{"floor":48,"key":"Sundial"}],"event_choices":[],"is_beta":false,"boss_relics":[{"not_picked":["champ:ChampionCrownUpgraded","SlaversCollar"],"picked":"Calling Bell"},{"not_picked":["Runic Pyramid","SacredBark"],"picked":"Tiny House"}],"items_purged_floors":[22,37,44],"is_endless":false,"potions_floor_spawned":[6,8,9,15,16,20,23,26,31,32,39,40,46],"killed_by":"WA_ARCHETYPE_DIVINITY","ascension_level":0}}