{"host":"jumrmhf584hajrnz","time":1612217816,"event":{"mods":["BaseMod","Duelist Mod","GifTheSpireLib","Minty Spire (QoL Compilation)","Quick Restart","StSLib"],"gold_per_floor":[137,137,137,155,155,188,188,211,279,279,279,279,2,41,41,136,136,160,185,201,221,221,221,259,259,312,312,336,359,395,1,1,95,95,111,111,111,11,26,60,60,60,60],"floor_reached":42,"language":"ENG","playtime":2581,"items_purged":["theDuelist:CurseAnubis","Injury"],"score":1090,"play_id":"61f751de-44c1-4fae-ad4e-6c0b67d04ac8","local_time":"20210201231656","is_ascension_mode":true,"campfire_choices":[{"floor":7,"key":"REST"},{"floor":15,"key":"REST"},{"floor":23,"key":"REST"},{"floor":25,"key":"REST"},{"floor":32,"key":"RECALL"}],"circlet_count":0,"master_deck":["theDuelist:AngelTrumpeter+1","AscendersBane","theDuelist:CactusBouncer","theDuelist:CastleWalls","theDuelist:CastleWalls+1","theDuelist:DarkworldThorns","theDuelist:Inmato","theDuelist:JerryBeansMan","theDuelist:JerryBeansMan","theDuelist:Sparks","theDuelist:Sparks","theDuelist:SuperSolarNutrient+1","theDuelist:PredaplantFlytrap+1","theDuelist:LordPoison","theDuelist:CopyPlant","theDuelist:DeltaMagnet","theDuelist:PredaplantChlamydosundew","theDuelist:RevivalRose","theDuelist:Predaponics+1","theDuelist:PlantFoodChain","theDuelist:PredaplantChlamydosundew","theDuelist:PredaplantChlamydosundew","theDuelist:PredaplantChimerafflesia+1","theDuelist:Gigaplant+1"],"relics":["theDuelist:MillenniumPuzzle","theDuelist:CardPoolRelic","theDuelist:CardPoolBasicRelic","theDuelist:BoosterPackPoolRelic","theDuelist:CardPoolAddRelic","theDuelist:CardPoolMinusRelic","theDuelist:CardPoolSaveRelic","theDuelist:CardPoolOptionsRelic","theDuelist:SummonAnchorRare","Golden Idol","War Paint","Mummified Hand","theDuelist:MillenniumPrayerbook","theDuelist:MillenniumRing","Ornamental Fan","FossilizedHelix","theDuelist:GamblerChip","theDuelist:DuelistOrichalcum","theDuelist:PrayerPageA","Oddly Smooth Stone","Black Star","theDuelist:MillenniumPeriapt","Molten Egg 2"],"acts_visited":["Exordium","TheCity","TheBeyond"],"potions_floor_usage":[16,21],"damage_taken":[{"damage":1,"enemies":"Small Slimes","floor":1,"turns":3},{"damage":6,"enemies":"Jaw Worm","floor":4,"turns":4},{"damage":29,"enemies":"3 Sentries","floor":6,"turns":7},{"damage":0,"enemies":"Cultist","floor":8,"turns":3},{"damage":0,"enemies":"Gremlin Nob","floor":14,"turns":3},{"damage":22,"enemies":"Hexaghost","floor":16,"turns":6},{"damage":11,"enemies":"2 Thieves","floor":18,"turns":3},{"damage":31,"enemies":"Chosen","floor":19,"turns":4},{"damage":0,"enemies":"Snake Plant","floor":20,"turns":4},{"damage":0,"enemies":"Cultist and Chosen","floor":21,"turns":4},{"damage":0,"enemies":"theDuelist:KaibaA2","floor":24,"turns":4},{"damage":15,"enemies":"Shelled Parasite and Fungi","floor":28,"turns":3},{"damage":0,"enemies":"Slavers","floor":30,"turns":3},{"damage":40,"enemies":"Champ","floor":33,"turns":9},{"damage":20,"enemies":"3 Shapes","floor":35,"turns":3},{"damage":0,"enemies":"Orb Walker","floor":39,"turns":2},{"damage":7,"enemies":"Nemesis","floor":40,"turns":5},{"damage":42,"enemies":"Reptomancer","floor":42,"turns":2}],"seed_played":"6377737919826706062","potions_obtained":[{"floor":4,"key":"EssenceOfSteel"},{"floor":8,"key":"theDuelist:DebuffArmorPotion"},{"floor":19,"key":"Dexterity Potion"},{"floor":21,"key":"SteroidPotion"}],"is_trial":false,"path_per_floor":["M","?","?","M","?","E","R","M","T","?","?","?","$","E","R","B",null,"M","M","M","M","?","R","E","R","T","?","M","T","E","$","R","B",null,"M","?","?","$","M","E","$","E"],"character_chosen":"THE_DUELIST","items_purchased":["Ornamental Fan","theDuelist:SeedCannon","theDuelist:FallenAngelRoses","Bandage Up"],"campfire_rested":4,"item_purchase_floors":[13,31,31,31],"current_hp_per_floor":[62,43,43,37,37,8,26,26,26,18,18,18,18,18,36,14,51,40,9,9,9,11,30,30,49,49,65,50,50,50,50,50,10,63,43,43,43,43,43,36,36,0,0],"gold":60,"neow_bonus":"ONE_RARE_RELIC","is_daily":false,"chose_seed":false,"campfire_upgraded":0,"win_rate":0.0,"timestamp":1612217816,"path_taken":["M","?","?","M","?","E","R","M","T","?","?","?","$","E","R","BOSS","M","M","?","M","?","R","E","R","T","?","?","?","E","$","R","BOSS","M","?","?","$","M","E","?","E"],"items_purchased_type":["Relic","Card","Card","Card"],"build_version":"2020-12-22","purchased_purges":2,"victory":false,"max_hp_per_floor":[63,63,63,63,63,63,63,63,63,63,63,63,63,63,63,63,63,63,63,63,63,65,65,65,65,65,81,81,81,81,81,81,81,81,81,81,81,81,81,81,81,81,81],"card_choices":[{"not_picked":["theDuelist:BotanicalLion","theDuelist:Firegrass","theDuelist:Inmato","theDuelist:Invigoration"],"picked":"theDuelist:SuperSolarNutrient","floor":1},{"not_picked":["theDuelist:JerryBeansMan","theDuelist:LonefireBlossom","theDuelist:SilverApples","theDuelist:WorldCarrot"],"picked":"theDuelist:PredaplantFlytrap","floor":4},{"not_picked":["theDuelist:BotanicalLion","theDuelist:JerryBeansMan","theDuelist:WhiteRoseDragon","theDuelist:Invigoration"],"picked":"theDuelist:LordPoison","floor":6},{"not_picked":["theDuelist:JerryBeansMan","theDuelist:Invigoration","theDuelist:CactusBouncer","theDuelist:WormApocalypse"],"picked":"theDuelist:CopyPlant","floor":8},{"not_picked":["theDuelist:BotanicalLion","theDuelist:WormApocalypse","theDuelist:Invigoration","theDuelist:SilverApples"],"picked":"theDuelist:PredaplantChlamydosundew","floor":14},{"not_picked":["theDuelist:PlantFoodChain","theDuelist:RoseArcher","theDuelist:QueenAngelRoses","theDuelist:PredaplantChimerafflesia"],"picked":"theDuelist:RevivalRose","floor":16},{"not_picked":["theDuelist:LonefireBlossom","theDuelist:CrystalRose","theDuelist:RagingMadPlants","theDuelist:WormApocalypse"],"picked":"theDuelist:Predaponics+1","floor":18},{"not_picked":["theDuelist:BottomlessTrapHole","theDuelist:BloomingDarkestRose","theDuelist:Reinforcements","theDuelist:BlossomBombardment"],"picked":"theDuelist:PlantFoodChain","floor":19},{"not_picked":["theDuelist:DestroyerGolem","theDuelist:GolemSentry+1","theDuelist:EvilswarmHeliotrope","theDuelist:CatapultZone+1"],"picked":"theDuelist:WingedKuribohLv9","floor":20},{"not_picked":["Deep Breath","Dramatic Entrance","Thinking Ahead"],"picked":"Sadistic Nature+1","floor":21},{"not_picked":["theDuelist:PlantFoodChain","theDuelist:BlossomBombardment","theDuelist:RoseArcher","theDuelist:RevivalRose"],"picked":"theDuelist:Gigaplant+1","floor":24},{"not_picked":["theDuelist:BattleOx","theDuelist:Hinotama","theDuelist:WormKing","theDuelist:WormWarlord+1"],"picked":"theDuelist:Mudora","floor":28},{"not_picked":["theDuelist:CactusBouncer","theDuelist:Spore","theDuelist:BotanicalLion+1","theDuelist:FrozenRose"],"picked":"theDuelist:PredaplantChlamydosundew","floor":30},{"not_picked":["theDuelist:PlantFoodChain","theDuelist:RevivalRose","theDuelist:BlackRoseMoonlight","theDuelist:Gigaplant"],"picked":"theDuelist:KamionTimelord+1","floor":33},{"not_picked":["theDuelist:JerryBeansMan+1","theDuelist:WhiteRoseDragon","theDuelist:CheerfulCoffin","theDuelist:RagingMadPlants"],"picked":"theDuelist:PredaplantChlamydosundew","floor":35},{"not_picked":["theDuelist:PlantFoodChain+1","theDuelist:KamionTimelord+1","theDuelist:BlossomBombardment","theDuelist:HeartUnderdog"],"picked":"theDuelist:PredaplantChimerafflesia+1","floor":36},{"not_picked":["theDuelist:AcidTrapHole","theDuelist:PredaplantDrosophyllum","theDuelist:DarkworldThorns+1","theDuelist:PredaplantSpinodionaea"],"picked":"theDuelist:PredaplantFlytrap","floor":39},{"not_picked":["theDuelist:KamionTimelord+1","theDuelist:PredaplantChimerafflesia+1","theDuelist:Reinforcements","theDuelist:BlossomBombardment"],"picked":"theDuelist:Gigaplant+1","floor":40}],"player_experience":1661689,"relics_obtained":[{"floor":6,"key":"War Paint"},{"floor":9,"key":"Mummified Hand"},{"floor":14,"key":"FossilizedHelix"},{"floor":24,"key":"theDuelist:DuelistOrichalcum"},{"floor":29,"key":"theDuelist:PrayerPageA"},{"floor":30,"key":"Oddly Smooth Stone"},{"floor":40,"key":"theDuelist:MillenniumPeriapt"},{"floor":40,"key":"Molten Egg 2"}],"event_choices":[{"damage_healed":0,"gold_gain":0,"player_choice":"Entered Light","damage_taken":19,"max_hp_gain":0,"max_hp_loss":0,"event_name":"Shining Light","floor":2,"gold_loss":0,"cards_upgraded":["theDuelist:AngelTrumpeter","theDuelist:CastleWalls"]},{"damage_healed":0,"gold_gain":0,"player_choice":"Take Wound","damage_taken":0,"relics_obtained":["Golden Idol"],"max_hp_gain":0,"max_hp_loss":0,"event_name":"Golden Idol","floor":3,"gold_loss":0,"cards_obtained":["Injury"]},{"damage_healed":0,"gold_gain":0,"player_choice":"Ignored","damage_taken":0,"max_hp_gain":0,"max_hp_loss":0,"event_name":"Liars Game","floor":5,"gold_loss":0},{"damage_healed":0,"gold_gain":0,"player_choice":"Dig - random Duelist relic","duelist":true,"damage_taken":0,"max_hp_gain":0,"max_hp_loss":0,"event_name":"Aknamkanon\u0027s Tomb","floor":10,"gold_loss":0},{"damage_healed":0,"gold_gain":0,"player_choice":"Delta Electro","duelist":true,"damage_taken":0,"max_hp_gain":0,"max_hp_loss":0,"event_name":"Egyptian Village","floor":11,"gold_loss":0,"cards_obtained":["Delta Electromagnet Warrior"]},{"damage_healed":0,"gold_gain":0,"player_choice":"Took item - Received: Millennium Ring","duelist":true,"damage_taken":0,"max_hp_gain":0,"max_hp_loss":0,"event_name":"Millennium Items","floor":12,"gold_loss":0},{"total_magic_score":51,"gold_gain":0,"duelist":true,"damage_taken":0,"relics_obtained":[],"points":4,"max_hp_gain":2,"max_hp_loss":0,"spent_points":{"magic":0,"greed":0,"war":0,"power":0,"hunger":4},"event_name":"Nameless Tomb","hunger_reward":4,"floor":22,"gold_loss":0,"cards_obtained":[]},{"total_magic_score":51,"gold_gain":0,"duelist":true,"damage_taken":0,"relics_obtained":[],"points":6,"max_hp_gain":16,"max_hp_loss":0,"spent_points":{"magic":0,"greed":0,"war":2,"power":0,"hunger":4},"event_name":"Nameless Tomb","hunger_reward":4,"floor":27,"gold_loss":0,"cards_obtained":[]},{"damage_healed":0,"gold_gain":0,"player_choice":"Memory 1","damage_taken":0,"max_hp_gain":0,"max_hp_loss":0,"event_name":"SensoryStone","floor":36,"gold_loss":0},{"cards_removed":["theDuelist:WingedKuribohLv9"],"damage_healed":0,"gold_gain":0,"player_choice":"Removed Skill","damage_taken":0,"max_hp_gain":0,"max_hp_loss":0,"event_name":"Falling","floor":37,"gold_loss":0}],"is_beta":false,"boss_relics":[{"not_picked":["Runic Cube","Empty Cage"],"picked":"theDuelist:GamblerChip"},{"not_picked":["SacredBark","Coffee Dripper"],"picked":"Black Star"}],"items_purged_floors":[31,38],"is_endless":false,"potions_floor_spawned":[4,8,14,19,21,28,40],"killed_by":"Reptomancer","ascension_level":20}}