{"host":"d6gsnuetzz7j8con","time":1612217561,"event":{"mods":["AchievementEnabler","BaseMod","Better Altar","Better Match","Better Note","Better Sensory Stone","Better Skull","Better Third Choice","BetterRewards","Evolution","Minty Spire (QoL Compilation)","Permanent Neow","Remove Card Discount Mod","StSLib"],"gold_per_floor":[110,75,86,86,161,192,152,186,237,250,250,277,296,309,309,309,309],"floor_reached":16,"language":"ENG","playtime":2100,"items_purged":["Defend_B","Dualcast","Barrage","Barrage"],"score":145,"play_id":"599e36ef-b1a1-4cd0-8bfe-0d5e8832144d","local_time":"20210201171241","is_ascension_mode":false,"campfire_choices":[{"floor":11,"key":"RECALL"},{"data":"Magnetism","floor":15,"key":"SMITH"}],"circlet_count":0,"master_deck":["Barrage","Barrage","Defend_B","Defend_B","Zap","Mayhem","Magnetism+1","Beam Cell","All For One","Double Energy+1","Swift Strike","Hologram+1","Redo+1","Compile Driver","Scrape","FTL","Seek+1","Go for the Eyes","Capacitor"],"relics":["Cracked Core","EVO:Axolotl","Toxic Egg 2","Mango","Strawberry","Tiny Chest","Bronze Scales","Bottled Tornado","Nunchaku","Gambling Chip"],"acts_visited":["Exordium"],"potions_floor_usage":[8],"damage_taken":[{"damage":6,"enemies":"Cultist","floor":1,"turns":3},{"damage":6,"enemies":"2 Louse","floor":3,"turns":2},{"damage":25,"enemies":"3 Sentries","floor":6,"turns":6},{"damage":11,"enemies":"Lagavulin","floor":8,"turns":4},{"damage":0,"enemies":"Small Slimes","floor":10,"turns":2},{"damage":12,"enemies":"3 Sentries","floor":12,"turns":4},{"damage":8,"enemies":"Red Slaver","floor":13,"turns":2},{"damage":0,"enemies":"Looter","floor":14,"turns":1},{"damage":19,"enemies":"The Guardian","floor":16,"turns":3}],"seed_played":"5355884373458057748","potions_obtained":[{"floor":7,"key":"EssenceOfSteel"},{"floor":7,"key":"Weak Potion"},{"floor":7,"key":"Swift Potion"},{"floor":8,"key":"Energy Potion"},{"floor":12,"key":"Energy Potion"}],"is_trial":false,"path_per_floor":["M","?","M","?","?","E","?","E","T","M","R","E","M","M","R","B"],"character_chosen":"DEFECT","items_purchased":["Toxic Egg 2","All For One","Double Energy+1","Swift Strike"],"campfire_rested":0,"item_purchase_floors":[0,0,0,0],"current_hp_per_floor":[90,96,90,83,72,47,47,36,36,36,36,24,16,16,16,0,0],"gold":309,"neow_bonus":"","is_daily":false,"chose_seed":false,"campfire_upgraded":1,"win_rate":0.0,"timestamp":1612217561,"path_taken":["M","?","M","?","?","E","?","E","T","M","R","E","M","M","R","BOSS"],"items_purchased_type":["Relic","Card","Card","Card"],"build_version":"2020-12-22","purchased_purges":4,"victory":false,"max_hp_per_floor":[96,96,96,96,96,96,96,96,96,96,96,96,96,96,96,96,96],"card_choices":[{"not_picked":["Sweeping Beam","Blizzard"],"picked":"Hologram+1","floor":1},{"not_picked":["Hologram+1","Loop"],"picked":"Redo+1","floor":3},{"not_picked":["Force Field+1","Hello World"],"picked":"Compile Driver","floor":6},{"not_picked":["Redo+1","Meteor Strike"],"picked":"Scrape","floor":8},{"not_picked":["Redo+1","Darkness+1"],"picked":"FTL","floor":10},{"not_picked":["Sweeping Beam","Coolheaded+1"],"picked":"Seek+1","floor":12},{"not_picked":["Storm","Stack+1"],"picked":"Go for the Eyes","floor":13},{"not_picked":["Cold Snap","Glacier+1"],"picked":"Capacitor","floor":14}],"player_experience":74325,"relics_obtained":[{"floor":6,"key":"Bronze Scales"},{"floor":8,"key":"Bottled Tornado"},{"floor":9,"key":"Nunchaku"},{"floor":12,"key":"Gambling Chip"}],"event_choices":[{"damage_healed":24,"gold_gain":0,"player_choice":"Healed","damage_taken":0,"max_hp_gain":0,"max_hp_loss":0,"event_name":"The Cleric","floor":2,"gold_loss":35},{"damage_healed":0,"gold_gain":0,"player_choice":"Relic ","damage_taken":7,"max_hp_gain":0,"max_hp_loss":0,"event_name":"betterThird:BetterScrap","floor":4,"gold_loss":0,"cards_obtained":["Wraith Form v2"]},{"damage_healed":0,"gold_gain":75,"player_choice":"Gold","damage_taken":11,"max_hp_gain":0,"max_hp_loss":0,"event_name":"betterThird:BetterGoop","floor":5,"gold_loss":0},{"damage_healed":0,"gold_gain":0,"player_choice":"Bought 3 Potions","damage_taken":0,"max_hp_gain":0,"max_hp_loss":0,"event_name":"The Woman in Blue","floor":7,"gold_loss":0}],"is_beta":false,"boss_relics":[],"items_purged_floors":[0,0,0,0],"is_endless":false,"potions_floor_spawned":[8,10,12,13],"killed_by":"The Guardian","ascension_level":0}}