{"host":"d5i1qeb9dejicw1z","time":1612157125,"event":{"mods":["AchievementEnabler","BaseMod","Better Note","BetterRewards","Evolution","Gold Saver","Minty Spire (QoL Compilation)","Permanent Neow","Relic Filter Mod","Reliquary","StSLib"],"gold_per_floor":[480,491,491,505,505,535,535,535,586,601,495,495,460,474,474,552,552,562,562,134,151,169,169,196,216,216,216,131,145,145,164,164,243,243,255,270,570,585,598,598,80,80,154,168,58,58,58],"floor_reached":46,"language":"ENG","playtime":1651,"items_purged":["Defend_B","Parasite"],"score":934,"play_id":"f0554ccb-8b5d-4338-9f05-6f0cd85dfc44","local_time":"20210131212525","is_ascension_mode":true,"campfire_choices":[{"floor":8,"key":"REST"},{"data":"Zap","floor":15,"key":"SMITH"},{"floor":23,"key":"REST"},{"floor":27,"key":"REST"},{"floor":32,"key":"REST"},{"floor":40,"key":"REST"},{"floor":42,"key":"REST"}],"circlet_count":0,"master_deck":["AscendersBane","Sweeping Beam","Sweeping Beam","Sweeping Beam","Sweeping Beam","Defend_B","Defend_B","Defend_B","Zap+1","Dualcast","Conserve Battery","Glacier","Beam Cell","Echo Form","Electrodynamics","Loop"],"relics":["FrozenCore","EVO:Axolotl","Lizard Tail","HornCleat","Incense Burner","reliquary:TuningFork","Busted Crown","reliquary:QuartzCube","Pen Nib","Potion Belt","reliquary:HotPoker","reliquary:RoseTintedGlasses","Regal Pillow","reliquary:Firecrackers"],"acts_visited":["Exordium","TheCity","TheBeyond"],"potions_floor_usage":[6,10,16,16,21,33,36,39,44,44],"damage_taken":[{"damage":4,"enemies":"Small Slimes","floor":1,"turns":2},{"damage":1,"enemies":"Cultist","floor":2,"turns":3},{"damage":3,"enemies":"2 Louse","floor":4,"turns":2},{"damage":26,"enemies":"Lagavulin","floor":6,"turns":6},{"damage":5,"enemies":"Exordium Wildlife","floor":10,"turns":5},{"damage":1,"enemies":"Large Slime","floor":14,"turns":3},{"damage":16,"enemies":"Slime Boss","floor":16,"turns":7},{"damage":0,"enemies":"Shell Parasite","floor":18,"turns":7},{"damage":17,"enemies":"2 Thieves","floor":21,"turns":2},{"damage":27,"enemies":"Shelled Parasite and Fungi","floor":22,"turns":6},{"damage":14,"enemies":"Gremlin Leader","floor":24,"turns":5},{"damage":6,"enemies":"Centurion and Healer","floor":25,"turns":5},{"damage":9,"enemies":"Snecko","floor":29,"turns":6},{"damage":0,"enemies":"Snake Plant","floor":31,"turns":3},{"damage":77,"enemies":"Collector","floor":33,"turns":10},{"damage":0,"enemies":"3 Shapes","floor":35,"turns":3},{"damage":3,"enemies":"3 Darklings","floor":36,"turns":4},{"damage":4,"enemies":"Sphere and 2 Shapes","floor":38,"turns":3},{"damage":34,"enemies":"Writhing Mass","floor":39,"turns":7},{"damage":41,"enemies":"Maw","floor":44,"turns":9},{"damage":58,"enemies":"Transient","floor":46,"turns":4}],"seed_played":"-7869089384505021494","potions_obtained":[{"floor":2,"key":"CultistPotion"},{"floor":6,"key":"SkillPotion"},{"floor":14,"key":"SpeedPotion"},{"floor":21,"key":"FairyPotion"},{"floor":29,"key":"Strength Potion"},{"floor":33,"key":"Strength Potion"},{"floor":35,"key":"Weak Potion"},{"floor":38,"key":"Swift Potion"}],"is_trial":false,"path_per_floor":["M","M","?","M","?","E","T","R","T","M","$","?","?","M","R","B",null,"M","?","$","M","M","R","E","M","T","R","?","M","?","M","R","B",null,"M","M","?","M","M","R","$","R","T","M","$","M"],"character_chosen":"DEFECT","items_purchased":["BlessingOfTheForge","Beam Cell","reliquary:QuartzCube","DuplicationPotion","reliquary:RoseTintedGlasses","Regal Pillow","Regen Potion","EssenceOfDarkness"],"campfire_rested":6,"item_purchase_floors":[11,11,20,20,41,41,41,45],"current_hp_per_floor":[60,59,59,56,45,19,19,40,40,35,35,35,52,51,51,35,62,62,62,62,45,18,39,25,19,19,40,40,31,31,31,52,35,62,62,59,59,55,21,42,42,68,68,35,35,0,0],"gold":58,"neow_bonus":"HUNDRED_GOLD","is_daily":false,"chose_seed":false,"campfire_upgraded":1,"win_rate":0.0,"timestamp":1612157125,"path_taken":["M","M","?","?","?","E","?","R","T","M","$","?","?","M","R","BOSS","M","?","$","M","M","R","E","M","T","R","?","M","?","M","R","BOSS","M","M","?","M","M","R","$","R","T","?","$","M"],"items_purchased_type":["Potion","Card","Relic","Potion","Relic","Relic","Potion","Potion"],"build_version":"2020-12-22","purchased_purges":2,"victory":false,"max_hp_per_floor":[71,71,71,71,71,71,71,71,71,71,71,71,71,71,71,71,71,71,71,71,71,71,71,71,71,71,71,71,71,71,71,71,71,71,71,71,71,71,71,71,68,68,68,68,68,68,68],"card_choices":[{"not_picked":["Cold Snap","Leap"],"picked":"Conserve Battery","floor":1},{"not_picked":["Rebound","Aggregate","Recycle"],"picked":"SKIP","floor":2},{"not_picked":["Redo","Reinforced Body","Scrape"],"picked":"SKIP","floor":4},{"not_picked":["Rebound","Sweeping Beam","Steam Power"],"picked":"SKIP","floor":6},{"not_picked":["Aggregate","All For One"],"picked":"Glacier","floor":10},{"not_picked":["Leap","Compile Driver","Lockon"],"picked":"SKIP","floor":14},{"not_picked":["Fission","Machine Learning"],"picked":"Echo Form","floor":16},{"not_picked":["Stack"],"picked":"SKIP","floor":18},{"not_picked":["Lockon"],"picked":"SKIP","floor":21},{"not_picked":["Rebound"],"picked":"SKIP","floor":22},{"not_picked":["Sunder"],"picked":"SKIP","floor":24},{"not_picked":["Steam"],"picked":"SKIP","floor":25},{"not_picked":["Redo"],"picked":"SKIP","floor":29},{"not_picked":["Sunder"],"picked":"SKIP","floor":31},{"not_picked":["Hologram"],"picked":"SKIP","floor":35},{"not_picked":["Barrage+1"],"picked":"SKIP","floor":36},{"not_picked":["Beam Cell+1"],"picked":"SKIP","floor":38},{"not_picked":["Beam Cell+1"],"picked":"SKIP","floor":39},{"not_picked":[],"picked":"Loop","floor":44}],"player_experience":1220363,"relics_obtained":[{"floor":6,"key":"HornCleat"},{"floor":7,"key":"Incense Burner"},{"floor":9,"key":"reliquary:TuningFork"},{"floor":24,"key":"Pen Nib"},{"floor":26,"key":"Potion Belt"},{"floor":43,"key":"reliquary:Firecrackers"}],"event_choices":[{"damage_healed":0,"gold_gain":0,"player_choice":"0 cards matched","damage_taken":0,"max_hp_gain":0,"max_hp_loss":0,"event_name":"Match and Keep!","floor":3,"gold_loss":0,"cards_obtained":[]},{"damage_healed":0,"gold_gain":0,"player_choice":"Success","damage_taken":11,"relics_obtained":["Lizard Tail"],"max_hp_gain":0,"max_hp_loss":0,"event_name":"Scrap Ooze","floor":5,"gold_loss":0},{"damage_healed":0,"gold_gain":0,"player_choice":"Ignored","damage_taken":0,"max_hp_gain":0,"max_hp_loss":0,"event_name":"Liars Game","floor":12,"gold_loss":0},{"damage_healed":17,"gold_gain":0,"player_choice":"Healed","damage_taken":0,"max_hp_gain":0,"max_hp_loss":0,"event_name":"The Cleric","floor":13,"gold_loss":35},{"cards_removed":["Electrodynamics"],"damage_healed":0,"gold_gain":0,"player_choice":"Take \u0026 Give","damage_taken":0,"max_hp_gain":0,"max_hp_loss":0,"event_name":"betterNote:BetterNote","floor":19,"gold_loss":0,"cards_obtained":["Electrodynamics"]},{"damage_healed":0,"gold_gain":0,"player_choice":"Obtained Relic","damage_taken":0,"relics_obtained":["reliquary:HotPoker"],"max_hp_gain":0,"max_hp_loss":0,"event_name":"Addict","floor":28,"gold_loss":85},{"damage_healed":0,"gold_gain":0,"player_choice":"Ignored","damage_taken":0,"max_hp_gain":0,"max_hp_loss":0,"event_name":"Beggar","floor":30,"gold_loss":0},{"damage_healed":0,"gold_gain":300,"player_choice":"Gold","damage_taken":0,"max_hp_gain":0,"max_hp_loss":0,"event_name":"Wheel of Change","floor":37,"gold_loss":0}],"is_beta":false,"boss_relics":[{"not_picked":["reliquary:WritOfMandamus","Ectoplasm"],"picked":"Busted Crown"},{"not_picked":["Sozu","Coffee Dripper"],"picked":"FrozenCore"}],"items_purged_floors":[20,41],"is_endless":false,"potions_floor_spawned":[2,6,14,21,29,33,35,38],"killed_by":"Transient","ascension_level":20}}