{"host":"i9wanet4r0ff4t9y","time":1612188569,"event":{"mods":["2.2 Compatiblity","Act Like it!","BaseMod","Bestiary","Better Altar","Better Match","Better Note","Better Sensory Stone","Better Skull","Better Third Choice","Better Vampires","BetterRewards","CapriCore","Colored Map","Curses Come First","Downfall","Minty Spire (QoL Compilation)","Quick Restart","READ ME - Guardian Mod","READ ME - Snecko Mod","Relic Stats","Reliquary","Say the Spire","Spicy Shops","StSLib","The Disciple","The Gatherer","Waifu the Spire"],"gold_per_floor":[119,119,137,15,15,15,46,46,69,82,82,96,159,175,175,264,264,285,285,84,109,109,148,148,182,182,220,88,108,50,50,50,145,208,232,246,579,854,874,908,927,952,952,952,952,77,77,177,177,177,177],"floor_reached":52,"language":"POL","playtime":1258,"items_purged":[],"score":2618,"play_id":"3214b954-4c24-477b-be5f-137df08abc7e","local_time":"20210201150929","is_ascension_mode":true,"campfire_choices":[{"data":"Armaments","floor":6.0,"key":"SMITH"},{"data":"Spot Weakness","floor":8.0,"key":"SMITH"},{"data":"Uppercut","floor":15.0,"key":"SMITH"},{"data":"Infernal Blade","floor":24.0,"key":"SMITH"},{"data":"Rupture","floor":32.0,"key":"SMITH"},{"floor":45,"key":"REST"},{"data":"Limit Break","floor":47,"key":"SMITH"},{"data":"Magnetism","floor":49,"key":"SMITH"}],"circlet_count":0,"master_deck":["AscendersBane","Strike_R","Strike_R","Strike_R+1","Strike_R","Strike_R","Defend_R","Defend_R","Defend_R","Bash","Immolate","Anger","Armaments+1","Whirlwind","Iron Wave","Feel No Pain","Metallicize","Spot Weakness+1","Uppercut+1","Injury","Ghostly Armor+1","Dropkick","Bludgeon","CurseOfTheBell","Disarm","Battle Trance+1","Infernal Blade+1","Flex","Disarm+1","Bloodletting+1","Enlightenment","Cleave","Juggernaut","Rupture+1","Pain","Limit Break+1","Spot Weakness","Sword Boomerang","Anger+1","Regret","Uppercut+1","Anger","Shockwave+1","Magnetism+1","Flame Barrier","Feel No Pain","downfall:Haunted","downfall:Haunted","Decay","Fiend Fire","Injury","Parasite"],"relics":["Burning Blood","Blood Vial","ClockworkSouvenir","PreservedInsect","CaptainsWheel","Darkstone Periapt","Matryoshka","MealTicket","Meat on the Bone","reliquary:TuningFork","Calling Bell","Bronze Scales","Mummified Hand","Ginger","Toolbox","Potion Belt","Shuriken","reliquary:RosewoodLute","reliquary:Firecrackers","War Paint","WarpedTongs","Tiny House","Turnip","reliquary:Crutches","Lantern","Ice Cream","Du-Vu Doll"],"acts_visited":["Exordium","TheCity","TheBeyond"],"potions_floor_usage":[40,40,40,46,50],"damage_taken":[{"damage":6.0,"enemies":"Cultist","floor":1.0,"turns":3.0},{"damage":0.0,"enemies":"2 Louse","floor":3.0,"turns":1.0},{"damage":6.0,"enemies":"3 Sentries","floor":7.0,"turns":3.0},{"damage":4.0,"enemies":"Jaw Worm","floor":10.0,"turns":3.0},{"damage":9.0,"enemies":"Lots of Slimes","floor":12.0,"turns":2.0},{"damage":1.0,"enemies":"Looter","floor":14.0,"turns":2.0},{"damage":25.0,"enemies":"Hexaghost","floor":16.0,"turns":9.0},{"damage":30.0,"enemies":"2 Thieves","floor":18.0,"turns":3.0},{"damage":3.0,"enemies":"3 Byrds","floor":21.0,"turns":3.0},{"damage":40.0,"enemies":"Slavers","floor":23.0,"turns":3.0},{"damage":11.0,"enemies":"Gremlin Leader","floor":25.0,"turns":3.0},{"damage":19.0,"enemies":"Slavers","floor":27.0,"turns":3.0},{"damage":1.0,"enemies":"Centurion and Healer","floor":29.0,"turns":4.0},{"damage":48.0,"enemies":"Collector","floor":33.0,"turns":8.0},{"damage":16.0,"enemies":"Orb Walker","floor":35.0,"turns":3.0},{"damage":7.0,"enemies":"3 Darklings","floor":36.0,"turns":3.0},{"damage":61.0,"enemies":"Jaw Worm Horde","floor":39.0,"turns":4.0},{"damage":61,"enemies":"Giant Head","floor":40,"turns":6},{"damage":32,"enemies":"Sphere and 2 Shapes","floor":41,"turns":5},{"damage":67,"enemies":"Donu and Deca","floor":50,"turns":6},{"damage":25,"enemies":"Time Eater","floor":51,"turns":6}],"seed_played":"-84348341429887376","potions_obtained":[{"floor":1.0,"key":"SteroidPotion"},{"floor":3.0,"key":"DuplicationPotion"},{"floor":18.0,"key":"Fruit Juice"},{"floor":21.0,"key":"CultistPotion"},{"floor":27.0,"key":"SneckoOil"},{"floor":29.0,"key":"Regen Potion"},{"floor":34.0,"key":"DuplicationPotion"},{"floor":36.0,"key":"GamblersBrew"},{"floor":41,"key":"SteroidPotion"}],"is_trial":false,"path_per_floor":["M","?","M","$","?","R","E","R","T","M","?","M","?","M","R","B",null,"M","?","$","M","$","E","R","E","T","E","$","M","$","?","R","B",null,"M","M","?","?","M","E","M","T","T","?","R","$","R","?","R","B","B",null],"character_chosen":"IRONCLAD","items_purchased":["Blood Vial","ClockworkSouvenir","PreservedInsect","Immolate","Anger","Metamorphosis","Darkstone Periapt","Armaments","Whirlwind","Metallicize","Toolbox","Infernal Blade","Enlightenment","Cleave","Rupture","Ice Cream","Fruit Juice","Magnetism","Flame Barrier","Feel No Pain"],"campfire_rested":1,"item_purchase_floors":[0,0,0,0,0,0,0,0,0,4,20,20,28,28,30,46,46,46,46,46],"current_hp_per_floor":[22,85,85,85,74,74,76,76,76,80,86,85,85,91,91,72,92,75,75,90,95,102,68,68,65,65,66,81,88,102,108,108,66,103,95,96,96,102,61,35,23,23,23,23,58,78,78,113,113,66,61],"gold":177,"neow_bonus":"","is_daily":false,"chose_seed":false,"campfire_upgraded":7,"win_rate":0.0,"timestamp":1612188569,"path_taken":["M","?","M","?","?","R","E","R","T","M","?","?","?","M","R","BOSS","M","?","?","?","?","E","R","E","T","E","$","M","$","?","R","BOSS","M","M","?","?","M","E","?","?","T","?","R","$","R","?","R","BOSS","BOSS"],"items_purchased_type":["Relic","Relic","Relic","Card","Card","Card","Relic","Card","Card","Card","Relic","Card","Card","Card","Card","Relic","Potion","Card","Card","Card"],"build_version":"2020-12-22","purchased_purges":0,"victory":true,"max_hp_per_floor":[75,85,85,85,85,85,85,85,85,85,91,91,91,91,91,91,97,102,102,102,102,102,102,102,102,102,102,102,102,102,108,108,108,113,113,113,113,119,119,119,119,119,119,119,119,124,124,159,159,159,159],"relic_stats":{"Darkstone Periapt":54,"counters":[148,647],"PreservedInsect":610,"Ginger":[10],"War Paint":["Ghostly Armor","Battle Trance"],"Burning Blood":896,"WarpedTongs":[41],"Blood Vial":59,"Mummified Hand":[52],"Shuriken":[25],"Bronze Scales":[418],"MealTicket":66,"Turnip":[5],"obtain_stats":[{"Whetstone":0,"Ginger":45,"reliquary:Tamtam":2,"Sling":0,"Boot":17,"Old Coin":23,"reliquary:FerryPass":10,"Blood Vial":38,"MealTicket":48,"HandDrill":0,"Pear":0,"Blue Candle":0,"reliquary:WeakTea":0,"reliquary:Bookmark":0,"Mark of Pain":17,"reliquary:SculptingSteel":26,"CultistMask":24,"StrikeDummy":26,"Unceasing Top":22,"Lantern":0,"Regal Pillow":3,"reliquary:SilkGlove":9,"Singing Bowl":43,"reliquary:Aerogel":25,"Magic Flower":0,"Bag of Preparation":7,"hubris:EmptyBottle":0,"Cursed Key":17,"Smiling Mask":9,"Burning Blood":0,"Shovel":7,"Matryoshka":0,"Toolbox":0,"reliquary:Buckler":0,"WingedGreaves":26,"downfall:ExtraCursedBell":7,"Potion Belt":26,"Lee\u0027s Waffle":11,"Golden Idol":2,"PreservedInsect":22,"Omamori":11,"hubris:Towel":47,"reliquary:RosewoodLute":0,"Frozen Egg 2":9,"reliquary:Crutches":42,"sneckomod:BabySnecko":21,"Busted Crown":17,"Ornamental Fan":0,"betterThird:SlimedRelic":4,"Bloody Idol":24,"Orrery":0,"Turnip":40,"Champion Belt":0,"Toy Ornithopter":10,"Ice Cream":27,"Calipers":0,"Tiny House":34,"reliquary:PartyBalloon":14,"CeramicFish":0,"Vajra":15,"Sozu":17,"Centennial Puzzle":24,"Lizard Tail":0,"HornCleat":13,"reliquary:SharkskinSheath":9,"Girya":5,"Oddly Smooth Stone":0,"Charon\u0027s Ashes":0,"Letter Opener":24,"War Paint":0,"WarpedTongs":30,"reliquary:JackalopeAntler":26,"Du-Vu Doll":48,"Shuriken":9,"Bronze Scales":6,"Molten Egg 2":31,"reliquary:BallBearing":12,"Black Star":34,"reliquary:MedicineBall":0,"reliquary:Knoch":0,"Pocketwatch":27,"Meat on the Bone":0,"Darkstone Periapt":10,"reliquary:PrincelyHelmet":7,"reliquary:Firecrackers":31,"Enchiridion":25,"Mango":0,"Incense Burner":19,"Juzu Bracelet":0,"ClockworkSouvenir":0,"Dream Catcher":9,"Nunchaku":42,"hubris:Icosahedron":2,"Mummified Hand":17,"Gambling Chip":17,"Tiny Chest":0,"hubris:IronBody":26,"Red Mask":39,"hexamod:CandleOfCauterizing":9,"Orichalcum":0,"Odd Mushroom":8,"White Beast Statue":17,"reliquary:IridiumChain":0,"Mercury Hourglass":32,"Calling Bell":17,"reliquary:ExpiredCoupon":0,"Anchor":9,"CaptainsWheel":0,"reliquary:Stiletto":11,"reliquary:TuningFork":0,"Membership Card":0,"hubris:Potato":6,"TungstenRod":0},{"Whetstone":0,"Ginger":125,"reliquary:Tamtam":99,"Sling":3,"Boot":46,"Old Coin":38,"reliquary:FerryPass":108,"Blood Vial":21,"MealTicket":126,"HandDrill":39,"Pear":26,"Blue Candle":59,"reliquary:WeakTea":102,"reliquary:Bookmark":26,"Mark of Pain":65,"reliquary:SculptingSteel":69,"CultistMask":114,"StrikeDummy":115,"Unceasing Top":68,"Lantern":0,"Regal Pillow":1,"reliquary:SilkGlove":42,"Singing Bowl":23,"reliquary:Aerogel":97,"Magic Flower":3,"Bag of Preparation":61,"hubris:EmptyBottle":0,"Cursed Key":13,"Smiling Mask":30,"Burning Blood":0,"Shovel":61,"Matryoshka":102,"Toolbox":80,"reliquary:Buckler":59,"WingedGreaves":49,"downfall:ExtraCursedBell":61,"Potion Belt":115,"Lee\u0027s Waffle":61,"Golden Idol":27,"PreservedInsect":113,"Omamori":11,"hubris:Towel":24,"reliquary:RosewoodLute":39,"Frozen Egg 2":90,"reliquary:Crutches":146,"sneckomod:BabySnecko":113,"Busted Crown":111,"Ornamental Fan":80,"betterThird:SlimedRelic":28,"Bloody Idol":49,"Orrery":0,"Turnip":145,"Champion Belt":53,"Toy Ornithopter":11,"Ice Cream":115,"Calipers":98,"Tiny House":141,"reliquary:PartyBalloon":45,"CeramicFish":98,"Vajra":64,"Sozu":35,"Centennial Puzzle":69,"Lizard Tail":85,"HornCleat":91,"reliquary:SharkskinSheath":107,"Girya":105,"Oddly Smooth Stone":39,"Charon\u0027s Ashes":26,"Letter Opener":17,"War Paint":0,"WarpedTongs":18,"reliquary:JackalopeAntler":97,"Du-Vu Doll":146,"Shuriken":57,"Bronze Scales":106,"Molten Egg 2":19,"reliquary:BallBearing":62,"Black Star":20,"reliquary:MedicineBall":39,"reliquary:Knoch":80,"Pocketwatch":69,"Meat on the Bone":102,"Darkstone Periapt":31,"reliquary:PrincelyHelmet":61,"reliquary:Firecrackers":72,"Enchiridion":49,"Mango":85,"Incense Burner":14,"Juzu Bracelet":98,"ClockworkSouvenir":3,"Dream Catcher":61,"Nunchaku":125,"hubris:Icosahedron":1,"Mummified Hand":134,"Gambling Chip":46,"Tiny Chest":50,"hubris:IronBody":17,"Red Mask":21,"hexamod:CandleOfCauterizing":10,"Orichalcum":85,"Odd Mushroom":90,"White Beast Statue":46,"reliquary:IridiumChain":85,"Mercury Hourglass":72,"Calling Bell":46,"reliquary:ExpiredCoupon":53,"Anchor":101,"CaptainsWheel":127,"reliquary:Stiletto":43,"reliquary:TuningFork":53,"Membership Card":98,"hubris:Potato":9,"TungstenRod":102},{"Whetstone":0,"Ginger":550,"reliquary:Tamtam":452,"Sling":10,"Boot":217,"Old Coin":178,"reliquary:FerryPass":483,"Blood Vial":105,"MealTicket":553,"HandDrill":184,"Pear":133,"Blue Candle":267,"reliquary:WeakTea":463,"reliquary:Bookmark":133,"Mark of Pain":295,"reliquary:SculptingSteel":310,"CultistMask":506,"StrikeDummy":509,"Unceasing Top":307,"Lantern":0,"Regal Pillow":4,"reliquary:SilkGlove":192,"Singing Bowl":113,"reliquary:Aerogel":444,"Magic Flower":10,"Bag of Preparation":273,"hubris:EmptyBottle":0,"Cursed Key":60,"Smiling Mask":144,"Burning Blood":0,"Shovel":273,"Matryoshka":463,"Toolbox":354,"reliquary:Buckler":267,"WingedGreaves":231,"downfall:ExtraCursedBell":273,"Potion Belt":509,"Lee\u0027s Waffle":273,"Golden Idol":135,"PreservedInsect":503,"Omamori":47,"hubris:Towel":117,"reliquary:RosewoodLute":184,"Frozen Egg 2":390,"reliquary:Crutches":635,"sneckomod:BabySnecko":503,"Busted Crown":497,"Ornamental Fan":354,"betterThird:SlimedRelic":138,"Bloody Idol":231,"Orrery":0,"Turnip":630,"Champion Belt":243,"Toy Ornithopter":47,"Ice Cream":509,"Calipers":449,"Tiny House":614,"reliquary:PartyBalloon":207,"CeramicFish":449,"Vajra":288,"Sozu":166,"Centennial Puzzle":310,"Lizard Tail":370,"HornCleat":396,"reliquary:SharkskinSheath":479,"Girya":471,"Oddly Smooth Stone":184,"Charon\u0027s Ashes":133,"Letter Opener":82,"War Paint":0,"WarpedTongs":88,"reliquary:JackalopeAntler":444,"Du-Vu Doll":635,"Shuriken":258,"Bronze Scales":475,"Molten Egg 2":92,"reliquary:BallBearing":278,"Black Star":100,"reliquary:MedicineBall":184,"reliquary:Knoch":354,"Pocketwatch":310,"Meat on the Bone":463,"Darkstone Periapt":146,"reliquary:PrincelyHelmet":273,"reliquary:Firecrackers":319,"Enchiridion":231,"Mango":370,"Incense Burner":66,"Juzu Bracelet":449,"ClockworkSouvenir":10,"Dream Catcher":273,"Nunchaku":550,"hubris:Icosahedron":4,"Mummified Hand":587,"Gambling Chip":217,"Tiny Chest":235,"hubris:IronBody":82,"Red Mask":105,"hexamod:CandleOfCauterizing":42,"Orichalcum":370,"Odd Mushroom":390,"White Beast Statue":217,"reliquary:IridiumChain":370,"Mercury Hourglass":319,"Calling Bell":217,"reliquary:ExpiredCoupon":243,"Anchor":458,"CaptainsWheel":564,"reliquary:Stiletto":196,"reliquary:TuningFork":243,"Membership Card":449,"hubris:Potato":36,"TungstenRod":463}],"Meat on the Bone":270},"card_choices":[{"not_picked":["Shrug It Off","Pommel Strike"],"picked":"Iron Wave","floor":1.0},{"not_picked":["Reckless Charge","True Grit"],"picked":"Feel No Pain","floor":3.0},{"not_picked":["Pommel Strike","True Grit"],"picked":"Spot Weakness","floor":7.0},{"not_picked":["Cleave","Body Slam"],"picked":"Uppercut","floor":10.0},{"not_picked":["Shrug It Off","Flex"],"picked":"Ghostly Armor","floor":12.0},{"not_picked":["Blood for Blood","Heavy Blade"],"picked":"Dropkick","floor":14.0},{"not_picked":["Juggernaut","Fiend Fire"],"picked":"Bludgeon","floor":16.0},{"not_picked":["Sword Boomerang","True Grit"],"picked":"Disarm","floor":18.0},{"not_picked":["Second Wind","Havoc"],"picked":"Flex","floor":21.0},{"not_picked":["Shrug It Off","Heavy Blade+1"],"picked":"Combust","floor":23.0},{"not_picked":["Heavy Blade","Reckless Charge"],"picked":"Disarm+1","floor":25.0},{"not_picked":["Dropkick","Perfected Strike"],"picked":"Bloodletting+1","floor":27.0},{"not_picked":["True Grit","Clash"],"picked":"Juggernaut","floor":29.0},{"not_picked":["Barricade","Immolate"],"picked":"Limit Break","floor":33.0},{"not_picked":["Flame Barrier","Carnage"],"picked":"Spot Weakness","floor":34.0},{"not_picked":["Perfected Strike+1","True Grit"],"picked":"Sword Boomerang","floor":35.0},{"not_picked":["Shockwave","Wild Strike+1"],"picked":"Anger+1","floor":36.0},{"not_picked":["Perfected Strike","Warcry"],"picked":"Uppercut+1","floor":39.0},{"not_picked":["Sentinel","Clash"],"picked":"Anger","floor":40},{"not_picked":["Heavy Blade","Anger"],"picked":"Shockwave+1","floor":41}],"player_experience":467991,"relics_obtained":[{"floor":7.0,"key":"MealTicket"},{"floor":9.0,"key":"Meat on the Bone"},{"floor":9.0,"key":"reliquary:TuningFork"},{"floor":17.0,"key":"Bronze Scales"},{"floor":17.0,"key":"Mummified Hand"},{"floor":17.0,"key":"Ginger"},{"floor":23.0,"key":"Potion Belt"},{"floor":25.0,"key":"Shuriken"},{"floor":26.0,"key":"reliquary:RosewoodLute"},{"floor":26.0,"key":"reliquary:Firecrackers"},{"floor":27.0,"key":"War Paint"},{"floor":40,"key":"Turnip"},{"floor":42,"key":"reliquary:Crutches"},{"floor":43,"key":"Lantern"}],"event_choices":[{"cards_removed":["Metamorphosis"],"damage_healed":53.0,"max_hp_gain":10.0,"max_hp_loss":0.0,"gold_gain":0.0,"event_name":"Bonfire Elementals","player_choice":"Offered Rare","floor":2.0,"gold_loss":0.0,"damage_taken":0.0},{"damage_healed":0.0,"max_hp_gain":0.0,"max_hp_loss":0.0,"gold_gain":0.0,"event_name":"betterThird:BetterScrap","player_choice":"Relic ","floor":5.0,"gold_loss":0.0,"damage_taken":11.0,"cards_obtained":["MasterReality"]},{"damage_healed":0.0,"max_hp_gain":0.0,"max_hp_loss":0.0,"gold_gain":0.0,"event_name":"Golden Idol","player_choice":"Take Wound","floor":11.0,"gold_loss":0.0,"damage_taken":0.0,"relics_obtained":["Golden Idol"],"cards_obtained":["Injury"]},{"damage_healed":0.0,"max_hp_gain":0.0,"max_hp_loss":0.0,"gold_gain":63.0,"event_name":"Golden Wing","player_choice":"Gained Gold","floor":13.0,"gold_loss":0.0,"damage_taken":0.0},{"damage_healed":0.0,"max_hp_gain":0.0,"max_hp_loss":0.0,"gold_gain":0.0,"cards_transformed":["Defend_R"],"event_name":"Transmorgrifier","player_choice":"Transformed","floor":19.0,"gold_loss":0.0,"damage_taken":0.0,"cards_obtained":["Battle Trance"]},{"damage_healed":0.0,"max_hp_gain":0.0,"max_hp_loss":0.0,"gold_gain":0.0,"event_name":"Accursed Blacksmith","player_choice":"Rummage","floor":31.0,"gold_loss":0.0,"damage_taken":0.0,"relics_obtained":["WarpedTongs"],"cards_obtained":["Pain"]},{"damage_healed":0.0,"max_hp_gain":0.0,"max_hp_loss":0.0,"gold_gain":333.0,"event_name":"The Moai Head","player_choice":"Gave Idol","floor":37.0,"relics_lost":["Golden Idol"],"gold_loss":0.0,"damage_taken":0.0},{"damage_healed":0.0,"max_hp_gain":0.0,"max_hp_loss":0.0,"gold_gain":275.0,"event_name":"Golden Shrine","player_choice":"Desecrate","floor":38.0,"gold_loss":0.0,"damage_taken":0.0,"cards_obtained":["Regret"]},{"cards_removed":["Combust"],"damage_healed":0,"gold_gain":0,"player_choice":"Removed Power","damage_taken":0,"max_hp_gain":0,"max_hp_loss":0,"event_name":"Falling","floor":44,"gold_loss":0}],"is_beta":false,"boss_relics":[{"not_picked":["reliquary:WritOfMandamus","Black Star"],"picked":"Calling Bell"},{"not_picked":["bronze:MakeshiftBattery","reliquary:RedPaperclip"],"picked":"Tiny House"}],"items_purged_floors":[],"is_endless":false,"potions_floor_spawned":[1,3,18,21,27,29,36,41],"ascension_level":20}}