{"host":"eaiphzh066bwqdh7","time":1612147773,"event":{"mods":["BaseMod","Better Note","Halation","Hubris","Minty Spire (QoL Compilation)","Reliquary","Replay The Spire","StSLib"],"gold_per_floor":[112,14,34,54,18,45,45,45,69,88,20,20,38,57,57,162,162,181,181,181,207,13,13,13,13],"floor_reached":24,"language":"ENG","playtime":914,"items_purged":["Regret","Strike_B"],"score":223,"play_id":"f7b6a453-9154-4e70-8a68-fd8ce26581f5","local_time":"20210131214933","is_ascension_mode":true,"campfire_choices":[{"floor":7,"key":"REST"},{"floor":12,"key":"REST"},{"data":"Buffer","floor":15,"key":"SMITH"},{"data":"Fission","floor":23,"key":"SMITH"}],"circlet_count":0,"master_deck":["Strike_B","Strike_B","Strike_B","Defend_B","Defend_B","Defend_B","Defend_B","Zap","Dualcast","Rebound","Rebound","Streamline","Loop","Doom and Gloom","Self Repair","Gash","Hyperbeam","Buffer+1","Fission+1"],"relics":["Cracked Core","halation:OrihimeAndHikoboshiSamaAndTears","Replay:Mystery Machine","Replay:Antivirus Software","hubris:GlazedTorus","hubris:ScarierMask","Smiling Mask","Raider\u0027s Mask","Prayer Wheel"],"acts_visited":["Exordium","TheCity"],"potions_floor_usage":[13,16,24,24],"damage_taken":[{"damage":7,"enemies":"2 Louse","floor":1,"turns":4},{"damage":4,"enemies":"Cultist","floor":3,"turns":3},{"damage":5,"enemies":"Jaw Worm","floor":4,"turns":3},{"damage":22,"enemies":"Lagavulin","floor":6,"turns":6},{"damage":22,"enemies":"Exordium Thugs","floor":10,"turns":5},{"damage":12,"enemies":"Exordium Wildlife","floor":13,"turns":2},{"damage":12,"enemies":"Large Slime","floor":14,"turns":4},{"damage":14,"enemies":"Hexaghost","floor":16,"turns":10},{"damage":17,"enemies":"2 Thieves","floor":18,"turns":3},{"damage":47,"enemies":"Replay:Snechameleon","floor":24,"turns":5}],"seed_played":"-2262078379142731045","potions_obtained":[{"floor":3,"key":"LiquidBronze"},{"floor":10,"key":"AttackPotion"},{"floor":13,"key":"GamblersBrew"},{"floor":14,"key":"DistilledChaos"},{"floor":16,"key":"SneckoOil"}],"is_trial":false,"path_per_floor":["M","$","M","M","$","E","R","?","T","M","$","R","M","M","R","B",null,"M","?","HB","T","$","R","E"],"character_chosen":"DEFECT","items_purchased":["Rebound","Doom and Gloom","Hyperbeam","Raider\u0027s Mask"],"campfire_rested":2,"item_purchase_floors":[2,5,11,22],"current_hp_per_floor":[68,68,64,59,59,37,59,59,59,37,37,59,47,42,42,35,75,65,51,40,40,40,40,0,0],"gold":13,"neow_bonus":"ONE_RARE_RELIC","is_daily":false,"chose_seed":false,"campfire_upgraded":2,"win_rate":0.0,"timestamp":1612147773,"path_taken":["M","$","M","M","$","E","R","?","T","M","?","R","?","M","R","BOSS","M","?","HB","?","$","R","E"],"items_purchased_type":["Card","Card","Card","Relic"],"build_version":"2020-12-22","purchased_purges":2,"victory":false,"max_hp_per_floor":[75,75,75,75,75,75,75,75,75,75,75,75,75,75,75,75,75,75,80,40,40,40,40,40,40],"card_choices":[{"not_picked":["Cold Snap","Turbo"],"picked":"Rebound","floor":1},{"not_picked":["Genetic Algorithm","Stack"],"picked":"Streamline","floor":3},{"not_picked":["ReplaySort","Panic Button"],"picked":"Loop","floor":4},{"not_picked":["Melter","Barrage"],"picked":"Self Repair","floor":6},{"not_picked":["Cold Snap","Sweeping Beam"],"picked":"Gash","floor":10},{"not_picked":["Panic Button","Compile Driver"],"picked":"Buffer","floor":13},{"not_picked":["Compile Driver","hubris:Ukulele","Barrage"],"picked":"SKIP","floor":14},{"not_picked":["Creative AI","Hyperbeam"],"picked":"Fission","floor":16},{"not_picked":["Reinforced Body","Rip and Tear","Barrage+1"],"picked":"SKIP","floor":18}],"player_experience":219601,"relics_obtained":[{"floor":6,"key":"Replay:Mystery Machine"},{"floor":9,"key":"reliquary:FerryPass"},{"floor":16,"key":"hubris:GlazedTorus"},{"floor":21,"key":"Smiling Mask"}],"event_choices":[{"damage_healed":0,"gold_gain":0,"player_choice":"Gave Potion","damage_taken":0,"relics_obtained":["Replay:Antivirus Software"],"max_hp_gain":0,"max_hp_loss":0,"event_name":"WeMeetAgain","floor":8,"gold_loss":0},{"damage_healed":0,"gold_gain":0,"player_choice":"Shed Blood","damage_taken":19,"max_hp_gain":5,"max_hp_loss":0,"event_name":"Forgotten Altar","floor":19,"gold_loss":0}],"is_beta":false,"boss_relics":[{"not_picked":["reliquary:Ember","reliquary:RedPaperclip"],"picked":"hubris:ScarierMask"}],"items_purged_floors":[2,22],"is_endless":false,"potions_floor_spawned":[3,10,13,14,16],"killed_by":"Replay:Snechameleon","ascension_level":3}}