{"host":"wwo1kwxjf4eyz37q","time":1612173845,"event":{"mods":["AchievementEnabler","BaseMod","Colored Map","Minty Spire (QoL Compilation)","Quick Restart","SuperFastMode"],"gold_per_floor":[359,372,172,188,203,203,237,237,309,309,309],"floor_reached":10,"language":"KOR","playtime":328,"items_purged":["Strike_B"],"score":99,"play_id":"d6fe06a1-5d39-44b9-a400-76fe2003adb5","local_time":"20210201190405","is_ascension_mode":true,"campfire_choices":[{"floor":6.0,"key":"REST"},{"data":"Dualcast","floor":8.0,"key":"SMITH"}],"circlet_count":0,"master_deck":["Strike_B","Strike_B","Strike_B","Defend_B","Defend_B","Defend_B","Defend_B","Zap","Dualcast+1","Skim","Capacitor","Coolheaded","Streamline","Self Repair","Reinforced Body"],"relics":["Cracked Core","Shovel","Toxic Egg 2"],"acts_visited":["Exordium"],"potions_floor_usage":[10,10],"damage_taken":[{"damage":1.0,"enemies":"Cultist","floor":1.0,"turns":3.0},{"damage":2.0,"enemies":"Jaw Worm","floor":2.0,"turns":3.0},{"damage":9.0,"enemies":"2 Louse","floor":4.0,"turns":3.0},{"damage":10.0,"enemies":"Looter","floor":5.0,"turns":4.0},{"damage":40.0,"enemies":"3 Sentries","floor":7.0,"turns":8.0},{"damage":6,"enemies":"Gremlin Nob","floor":10,"turns":4}],"seed_played":"2626757770000431847","potions_obtained":[{"floor":5.0,"key":"Strength Potion"},{"floor":7.0,"key":"Block Potion"}],"is_trial":false,"path_per_floor":["M","M","$","M","M","R","E","R","T","E"],"character_chosen":"DEFECT","items_purchased":["Capacitor","Coolheaded"],"campfire_rested":1,"item_purchase_floors":[3,3],"current_hp_per_floor":[49,47,47,38,28,50,17,17,17,11,11],"gold":309,"neow_bonus":"TWO_FIFTY_GOLD","is_daily":false,"chose_seed":false,"campfire_upgraded":1,"win_rate":0.0,"timestamp":1612173845,"path_taken":["M","M","$","M","M","R","E","R","T","E"],"items_purchased_type":["Card","Card"],"build_version":"2020-12-22","purchased_purges":1,"victory":false,"max_hp_per_floor":[75,75,75,75,75,75,75,75,75,75,75],"card_choices":[{"not_picked":["Turbo","FTL"],"picked":"Skim","floor":1.0},{"not_picked":["Steam Power","Beam Cell","Compile Driver"],"picked":"SKIP","floor":2.0},{"not_picked":["Lockon","Capacitor"],"picked":"Streamline","floor":4.0},{"not_picked":["Rebound","Beam Cell"],"picked":"Self Repair","floor":5.0},{"not_picked":["Hello World","Consume"],"picked":"Reinforced Body","floor":7.0}],"player_experience":260035,"relics_obtained":[{"floor":7.0,"key":"Shovel"},{"floor":9.0,"key":"Toxic Egg 2"}],"event_choices":[],"is_beta":false,"boss_relics":[],"items_purged_floors":[3],"is_endless":false,"potions_floor_spawned":[5,7],"killed_by":"Gremlin Nob","ascension_level":9}}