{"host":"lxihx0b6awoz2w1j","time":1612202189,"event":{"mods":["Act Like it!","Ascension Reborn","BaseMod","Better Third Choice","BetterRewards","CapriCore","Colored Powertips","Conspire","Downfall","Fox Events","Gensokyo","Hermit","Hubris","Infinite Spire","JesterMod","Luminous","Melee Mod","Minty Spire (QoL Compilation)","Permanent Neow","Prisma Mod","Quick Restart","Relic Stats","Reliquary","Replay The Spire","Shade Mod","Spicy Shops","StSLib","Td1madao Mod","The Alterego","The Blue Laboratory","The Construct","The Cursed","The Death Knight","The Disciple","The Forsaken","The Gatherer","The Immortal","The Jungle","The Marked","The Mystic","The Runesmith","The Senshi","The Servant 0.9.4","The Spell Scribe","Waifu the Spire"],"gold_per_floor":[111,131,145,145,145,145,159,194,194,39,60,60,80,107,107,221,221,246,246,272,300,300,300,300],"floor_reached":23,"language":"ENG","playtime":1491,"items_purged":[],"score":195,"play_id":"5750df6f-a786-425c-a613-27b08fab94a5","local_time":"20210201185628","is_ascension_mode":false,"campfire_choices":[{"floor":6.0,"key":"REST"},{"data":"Noxious Fumes","floor":12.0,"key":"SMITH"},{"floor":15.0,"key":"DIG"}],"circlet_count":0,"master_deck":["Strike_G","Strike_G","Strike_G","Strike_G","Strike_G","Defend_G","Defend_G","Defend_G","Defend_G","Survivor","Neutralize","Cloak And Dagger","Flying Knee","Dagger Throw","ReplayTheSpireMod:Scrap Shanks","Corpse Explosion","Caltrops","Cloak And Dagger","Bane","infinitespire:Starlight","Blade Dance","ReplayTheSpireMod:Necrosis","Noxious Fumes+1","Endless Agony+1","Bane","PiercingWail","conspire:PoisonWeapons+1","Dodge and Roll","Bouncing Flask","Storm of Steel","Underhanded Strike","conspire:DoublingDagger","Dagger Throw"],"relics":["Ring of the Snake","Membership Card","Replay:Accelerometer","Bronze Scales","Pet Ghost","CeramicFish","theForsaken:Lifeblossom","hubris:FunFungus","Black Star","SsserpentHead"],"acts_visited":["Exordium","TheCity"],"potions_floor_usage":[],"damage_taken":[{"damage":8.0,"enemies":"infinitespire:Voidling","floor":1.0,"turns":3.0},{"damage":2.0,"enemies":"conspire:RoseBush","floor":2.0,"turns":3.0},{"damage":5.0,"enemies":"Jaw Worm","floor":3.0,"turns":3.0},{"damage":2.0,"enemies":"Blue Slaver","floor":7.0,"turns":4.0},{"damage":8.0,"enemies":"3 Sentries","floor":8.0,"turns":5.0},{"damage":1.0,"enemies":"Lots of Slimes","floor":11.0,"turns":3.0},{"damage":11.0,"enemies":"Exordium Thugs","floor":13.0,"turns":4.0},{"damage":7.0,"enemies":"Looter","floor":14.0,"turns":2.0},{"damage":20.0,"enemies":"Slime Boss","floor":16.0,"turns":8.0},{"damage":16.0,"enemies":"conspire:FuzzyDice","floor":18.0,"turns":6.0},{"damage":14.0,"enemies":"Shell Parasite","floor":20.0,"turns":4.0},{"damage":40,"enemies":"Sentry and Sphere","floor":21,"turns":7},{"damage":4,"enemies":"Nightmare","floor":23,"turns":3}],"seed_played":"-1857016420827766155","potions_obtained":[{"floor":7.0,"key":"blueLaboratory:HorrorPotion"},{"floor":8.0,"key":"Weak Potion"},{"floor":13.0,"key":"blueLaboratory:AbyssPotion"}],"is_trial":false,"path_per_floor":["M","M","M","?","?","R","M","E","T","$","M","R","M","M","R","B",null,"M","?","M","M","?","NM"],"character_chosen":"THE_SILENT","items_purchased":["Membership Card","Replay:Accelerometer","Cloak And Dagger","Flying Knee","Dagger Throw","ReplayTheSpireMod:Scrap Shanks","Corpse Explosion","Bronze Scales","Noxious Fumes","theForsaken:Lifeblossom","Endless Agony+1","Bane","PiercingWail"],"campfire_rested":1,"item_purchase_floors":[0,0,0,0,0,0,0,0,10,10,10,10,10],"current_hp_per_floor":[55,53,48,31,31,52,60,62,62,62,67,67,62,60,60,46,70,59,59,59,27,27,29,29],"gold":300,"neow_bonus":"","is_daily":false,"chose_seed":false,"campfire_upgraded":1,"win_rate":0.0,"timestamp":1612202188,"path_taken":["M","?","M","?","?","R","M","E","T","$","M","R","M","M","R","BOSS","M","?","?","M","?","NM"],"items_purchased_type":["Relic","Relic","Card","Card","Card","Card","Card","Relic","Card","Relic","Card","Card","Card"],"build_version":"2020-12-22","purchased_purges":0,"victory":false,"max_hp_per_floor":[70,70,70,70,70,70,70,70,70,70,70,70,70,70,70,70,70,70,70,70,70,70,70,70],"relic_stats":{"SsserpentHead":0,"counters":[20,84],"Bronze Scales":[113],"CeramicFish":108,"Black Star":0,"obtain_stats":[{"Replay:Accelerometer":6,"ReplayTheSpireMod:CursedCoin":0,"reliquary:PartyBalloon":0,"CeramicFish":8,"theForsaken:Lifeblossom":0,"Replay:Kaleidoscope":0,"Pet Ghost":0,"Strange Spoon":0,"SsserpentHead":22,"Bird Faced Urn":0,"Bronze Scales":0,"Turnip":0,"hubris:FunFungus":15,"Black Star":0,"Replay:Bottled Flurry":6,"Membership Card":0,"Ring of the Snake":0},{"Replay:Accelerometer":6,"ReplayTheSpireMod:CursedCoin":7,"reliquary:PartyBalloon":7,"CeramicFish":12,"theForsaken:Lifeblossom":7,"Replay:Kaleidoscope":7,"Pet Ghost":7,"Strange Spoon":7,"SsserpentHead":19,"Bird Faced Urn":7,"Bronze Scales":7,"Turnip":7,"hubris:FunFungus":15,"Black Star":0,"Replay:Bottled Flurry":6,"Membership Card":7,"Ring of the Snake":0},{"Replay:Accelerometer":28,"ReplayTheSpireMod:CursedCoin":29,"reliquary:PartyBalloon":29,"CeramicFish":47,"theForsaken:Lifeblossom":29,"Replay:Kaleidoscope":29,"Pet Ghost":29,"Strange Spoon":29,"SsserpentHead":81,"Bird Faced Urn":29,"Bronze Scales":29,"Turnip":29,"hubris:FunFungus":56,"Black Star":0,"Replay:Bottled Flurry":28,"Membership Card":29,"Ring of the Snake":0}],"Ring of the Snake":[27]},"card_choices":[{"not_picked":["Sucker Punch","Backflip"],"picked":"Caltrops","floor":1.0},{"not_picked":["Prepared","ReplayTheSpireMod:Speed Training"],"picked":"Cloak And Dagger","floor":2.0},{"not_picked":["Riddle With Holes","Toxin Wave"],"picked":"Bane","floor":3.0},{"not_picked":["infinitespire:Execution","infinitespire:FutureSight"],"picked":"infinitespire:Starlight","floor":4.0},{"not_picked":["Prepared","Slice"],"picked":"Blade Dance","floor":7.0},{"not_picked":["Outmaneuver","Sneak Up"],"picked":"ReplayTheSpireMod:Necrosis","floor":8.0},{"not_picked":["Deflect","Acrobatics"],"picked":"conspire:PoisonWeapons","floor":11.0},{"not_picked":["Outmaneuver","Skewer"],"picked":"Dodge and Roll","floor":13.0},{"not_picked":["Deadly Poison","Outmaneuver"],"picked":"Bouncing Flask","floor":14.0},{"not_picked":["Unload","Corpse Explosion"],"picked":"Storm of Steel","floor":16.0},{"not_picked":["PiercingWail","Hidden Blade"],"picked":"Underhanded Strike","floor":18.0},{"not_picked":["Flechettes","Underhanded Strike"],"picked":"conspire:DoublingDagger","floor":20.0},{"not_picked":["Acrobatics","ReplayTheSpireMod:Exploit Weakness"],"picked":"Dagger Throw","floor":21}],"player_experience":697413,"relics_obtained":[{"floor":8.0,"key":"CeramicFish"},{"floor":15.0,"key":"hubris:FunFungus"}],"event_choices":[{"damage_healed":0.0,"max_hp_gain":0.0,"max_hp_loss":0.0,"gold_gain":0.0,"event_name":"Upgrade Shrine","player_choice":"Upgraded","floor":19.0,"gold_loss":0.0,"damage_taken":0.0,"cards_upgraded":["conspire:PoisonWeapons"]},{"damage_healed":0,"gold_gain":0,"player_choice":"Trade","damage_taken":0,"relics_obtained":["SsserpentHead"],"max_hp_gain":0,"max_hp_loss":0,"event_name":"FaceTrader","floor":22,"gold_loss":0}],"is_beta":false,"boss_relics":[{"not_picked":["ReplayTheSpireMod:DimensionalGlitch","Ring of Chaos"],"picked":"Black Star"}],"items_purged_floors":[],"is_endless":false,"potions_floor_spawned":[7,8,13],"killed_by":"Nightmare","ascension_level":0}}