{"host":"rylkjufw9dlhr07b","time":1612220773,"event":{"mods":["AchievementEnabler","BaseMod","Better Note","BetterRewards","Hubris","Minty Spire (QoL Compilation)","Quick Restart","StSLib"],"gold_per_floor":[113,113,113,132,132,132,132,132,132,153,153,153,166,71,71,170,170,185,206,206,206,227,227,227],"floor_reached":23,"language":"FRA","playtime":758,"items_purged":[],"score":304,"play_id":"037d31b6-db70-43fb-a53b-9b227c882bad","local_time":"20210202000613","is_ascension_mode":true,"campfire_choices":[{"data":"Bouncing Flask","floor":6,"key":"SMITH"},{"data":"Accuracy","floor":8,"key":"SMITH"},{"floor":12,"key":"REST"},{"data":"Footwork","floor":15,"key":"SMITH"}],"circlet_count":0,"master_deck":["AscendersBane","Strike_G","Strike_G","Strike_G","Strike_G","Defend_G","Defend_G","Defend_G","Defend_G","Defend_G","Survivor","Neutralize","hubris:Sloth","Slice","Bouncing Flask+1","Accuracy+1","Footwork+1","PiercingWail","Cloak And Dagger","Blade Dance","Die Die Die","Poisoned Stab","Cloak And Dagger"],"relics":["Ring of the Snake","StoneCalendar","Golden Idol","Darkstone Periapt","SlaversCollar"],"acts_visited":["Exordium","TheCity"],"potions_floor_usage":[19,19],"damage_taken":[{"damage":13,"enemies":"Cultist","floor":1,"turns":7},{"damage":0,"enemies":"2 Louse","floor":4,"turns":4},{"damage":5,"enemies":"Jaw Worm","floor":10,"turns":6},{"damage":3,"enemies":"Blue Slaver","floor":13,"turns":6},{"damage":8,"enemies":"The Guardian","floor":16,"turns":8},{"damage":26,"enemies":"Shell Parasite","floor":18,"turns":7},{"damage":28,"enemies":"Chosen","floor":19,"turns":7},{"damage":24,"enemies":"Snake Plant","floor":22,"turns":7},{"damage":12,"enemies":"Slavers","floor":23,"turns":5}],"seed_played":"1926943040014202594","potions_obtained":[{"floor":4,"key":"GamblersBrew"},{"floor":11,"key":"GhostInAJar"},{"floor":11,"key":"Fire Potion"}],"is_trial":false,"path_per_floor":["M","?","?","M","?","R","?","R","T","M","?","R","M","$","R","B",null,"M","M","?","?","M","E"],"character_chosen":"THE_SILENT","items_purchased":["Cloak And Dagger","Blade Dance"],"campfire_rested":1,"item_purchase_floors":[14,14],"current_hp_per_floor":[46,46,46,46,51,51,51,51,51,46,46,67,64,64,64,56,67,41,13,13,36,12,0,0],"gold":227,"neow_bonus":"ONE_RARE_RELIC","is_daily":false,"chose_seed":false,"campfire_upgraded":3,"win_rate":0.0,"timestamp":1612220773,"path_taken":["M","?","?","?","?","R","?","R","T","?","?","R","M","$","R","BOSS","M","M","?","?","M","E"],"items_purchased_type":["Card","Card"],"build_version":"2020-12-22","purchased_purges":0,"victory":false,"max_hp_per_floor":[66,66,66,66,71,71,71,71,71,71,71,71,71,71,71,71,71,71,71,71,71,71,71,71],"card_choices":[{"not_picked":["Blade Dance","Dagger Throw"],"picked":"Slice","floor":1},{"not_picked":["Reflex","Prepared"],"picked":"Bouncing Flask","floor":4},{"not_picked":["hubris:Counter","Flying Knee"],"picked":"Footwork","floor":10},{"not_picked":["Outmaneuver","Endless Agony"],"picked":"PiercingWail","floor":13},{"not_picked":["Storm of Steel","Burst"],"picked":"Die Die Die","floor":16},{"not_picked":["Deadly Poison","Backflip"],"picked":"Poisoned Stab","floor":18},{"not_picked":["Outmaneuver","Endless Agony"],"picked":"Cloak And Dagger","floor":19},{"not_picked":["Calculated Gamble","hubris:TrickCloak","Concentrate"],"picked":"SKIP","floor":22}],"player_experience":567228,"relics_obtained":[{"floor":9,"key":"Darkstone Periapt"}],"event_choices":[{"damage_healed":0,"gold_gain":0,"player_choice":"Take Wound","damage_taken":0,"relics_obtained":["Golden Idol"],"max_hp_gain":0,"max_hp_loss":0,"event_name":"Golden Idol","floor":2,"gold_loss":0,"cards_obtained":["Injury"]},{"cards_removed":["Injury"],"damage_healed":0,"gold_gain":0,"player_choice":"Purged","damage_taken":0,"max_hp_gain":0,"max_hp_loss":0,"event_name":"Purifier","floor":3,"gold_loss":0},{"damage_healed":0,"gold_gain":0,"player_choice":"Donut","damage_taken":0,"max_hp_gain":5,"max_hp_loss":0,"event_name":"Big Fish","floor":5,"gold_loss":0},{"damage_healed":0,"gold_gain":0,"cards_transformed":["Strike_G"],"player_choice":"Transformed","damage_taken":0,"max_hp_gain":0,"max_hp_loss":0,"event_name":"Transmorgrifier","floor":7,"gold_loss":0,"cards_obtained":["Accuracy"]},{"damage_healed":0,"gold_gain":0,"player_choice":"Got Potions","damage_taken":0,"max_hp_gain":0,"max_hp_loss":0,"event_name":"Lab","floor":11,"gold_loss":0},{"damage_healed":0,"gold_gain":0,"player_choice":"Ignored","damage_taken":0,"max_hp_gain":0,"max_hp_loss":0,"event_name":"betterNote:BetterNote","floor":20,"gold_loss":0,"cards_obtained":["SignatureMove"]},{"damage_healed":23,"gold_gain":0,"player_choice":"Heal","damage_taken":0,"max_hp_gain":0,"max_hp_loss":0,"event_name":"The Library","floor":21,"gold_loss":0}],"is_beta":false,"boss_relics":[{"not_picked":["Ectoplasm","hubris:TerracottaHorce"],"picked":"SlaversCollar"}],"items_purged_floors":[],"is_endless":false,"potions_floor_spawned":[4,18],"killed_by":"Slavers","ascension_level":14}}