{"host":"o26sfx8ce29lcfco","time":1612185475,"event":{"mods":["2.2 Compatiblity","Bard","BaseMod","Colored Map","Dark Map","Downfall","GifTheSpireLib","Hermit","Hubris","Jorbs\u0027s Wanderer Trilogy","Marisa????????","Minty Spire (QoL Compilation)","Permanent Neow","Quick Restart","Random Character Mod","Rare Cards Sparkle","Replay The Spire","Shop Mod","StSLib","The Animator","The Bug Knight","The Disciple","The Jungle","The Poker Player","The Runesmith","The Servant 0.9.4"],"gold_per_floor":[119,194,210,385,195,225,225,251,274,274,291,305,333,370,370,475,529,548,259,270,290,371,371,385,385,385,385,401,412,421,421,421,421,421],"floor_reached":33,"language":"ENG","playtime":2807,"items_purged":["hermit:Strike_Hermit","hermit:EternalForm"],"score":280,"play_id":"d3549767-736d-4ab8-be0d-1d223de467f3","local_time":"20210201131755","is_ascension_mode":true,"campfire_choices":[{"data":"hermit:Malice","floor":7,"key":"SMITH"},{"data":"hermit:CursedWeapon","floor":23,"key":"SMITH"},{"data":"hermit:CursedWeapon","floor":25,"key":"SMITH"},{"data":"Secret Weapon","floor":27,"key":"SMITH"},{"floor":32,"key":"REST"}],"circlet_count":0,"master_deck":["hermit:Snapshot","hermit:Covet","animator:Curse_GriefSeed","Secret Weapon+1","hermit:Enervate","hermit:Malice+1","Doubt","hubris:Insight","hermit:Quickdraw","hermit:ShadowCloak","hermit:GoldenBullet","hermit:Manifest+1","hermit:BlackWind","hermit:Ricochet","hermit:FinalCanter","hermit:Cheat","hermit:CursedWeapon+1","hermit:CursedWeapon+1","hermit:Manifest+1","hermit:Dive","Shame"],"relics":["hermit:Momento","BargainBundle","Simple Rune","Tiny Chest","CeramicFish","Ice Cream","Pandora\u0027s Box","Oddly Smooth Stone","Replay:WaspNest","Garlic","Replay:Bottled Snecko"],"acts_visited":["Exordium","TheCity"],"potions_floor_usage":[14,20,33,33,33],"damage_taken":[{"damage":0,"enemies":"2 Louse","floor":1,"turns":2},{"damage":6,"enemies":"Jaw Worm","floor":3,"turns":3},{"damage":18,"enemies":"Replay:BlueRogue","floor":6,"turns":5},{"damage":4,"enemies":"3 Sentries","floor":8,"turns":4},{"damage":0,"enemies":"Small Slimes","floor":11,"turns":1},{"damage":2,"enemies":"Looter","floor":12,"turns":3},{"damage":1,"enemies":"Red Slaver","floor":13,"turns":3},{"damage":11,"enemies":"Lagavulin","floor":14,"turns":9},{"damage":22,"enemies":"The Guardian","floor":16,"turns":17},{"damage":15,"enemies":"Spheric Guardian","floor":18,"turns":4},{"damage":4,"enemies":"Chosen","floor":20,"turns":3},{"damage":12,"enemies":"Sentry and Sphere","floor":21,"turns":5},{"damage":8,"enemies":"Cultist and Chosen","floor":24,"turns":4},{"damage":10,"enemies":"Snecko","floor":28,"turns":5},{"damage":2,"enemies":"Snake Plant","floor":29,"turns":2},{"damage":42,"enemies":"Collector","floor":33,"turns":3}],"seed_played":"-3291781310381087899","potions_obtained":[{"floor":1,"key":"SteroidPotion"},{"floor":3,"key":"PowerPotion"},{"floor":16,"key":"hermit:BlackBile"},{"floor":21,"key":"AttackPotion"}],"is_trial":false,"path_per_floor":["M","?","M","?","$","E","R","E","T","?","M","M","M","E","R_BF","B",null,"M","$","M","M","T","R","M","R","T","R","M","M","?","?","R_BF","B"],"character_chosen":"HERMIT","items_purchased":["BargainBundle","hubris:Insight","hermit:Quickdraw","LiquidMemories","hermit:Dive","Oddly Smooth Stone"],"campfire_rested":1,"item_purchase_floors":[5,5,5,5,19,19],"current_hp_per_floor":[75,64,58,58,58,40,40,36,36,36,36,34,33,22,44,22,75,60,60,56,44,44,44,36,36,36,36,26,24,24,10,34,0,0],"gold":421,"neow_bonus":"RANDOM_COLORLESS_2","is_daily":false,"chose_seed":false,"campfire_upgraded":4,"win_rate":0.0,"timestamp":1612185475,"path_taken":["M","?","M","?","?","E","R","E","T","?","?","?","M","E","R_BF","BOSS","M","$","M","M","?","R","?","R","T","R","M","M","?","?","R_BF","BOSS"],"items_purchased_type":["Relic","Card","Card","Potion","Card","Relic"],"build_version":"2020-12-22","purchased_purges":2,"victory":false,"max_hp_per_floor":[75,75,75,75,75,75,75,75,75,75,75,75,75,75,75,75,75,75,75,75,75,75,75,75,75,75,75,75,75,75,80,80,80,80],"card_choices":[{"not_picked":["Poisoned Strike","The Bomb"],"picked":"Secret Weapon","floor":0},{"not_picked":["hermit:Deadeye","hermit:Cheat"],"picked":"hermit:Enervate","floor":1},{"not_picked":["hermit:LuckOfTheDraw","hermit:Ricochet"],"picked":"hermit:Malice","floor":3},{"not_picked":["hermit:TakeCover","hermit:Shortfuse","hermit:Quickdraw"],"picked":"SKIP","floor":6},{"not_picked":["hermit:FlashPowder","hermit:Deadeye"],"picked":"hermit:ShadowCloak","floor":8},{"not_picked":["hermit:Horror","hermit:Combo","hermit:Quickdraw"],"picked":"SKIP","floor":11},{"not_picked":["hermit:Coalescence","hermit:HoleUp","hermit:Roulette"],"picked":"SKIP","floor":12},{"not_picked":["hermit:Scavenge","hermit:PistolWhip"],"picked":"hermit:GoldenBullet","floor":13},{"not_picked":["hermit:HoleUp","hermit:Grudge"],"picked":"hermit:Manifest","floor":14},{"not_picked":["hermit:HeroicBravado","hermit:HighNoon"],"picked":"hermit:BlackWind","floor":16},{"not_picked":["hermit:Feint","hermit:Snipe"],"picked":"hermit:Manifest+1","floor":18},{"not_picked":["hermit:PistolWhip","hermit:LowProfile","hermit:Headshot"],"picked":"SKIP","floor":20},{"not_picked":["hermit:HoleUp+1","hermit:Maintenance","hermit:CalledShot"],"picked":"SKIP","floor":21},{"not_picked":["hermit:HoleUp+1","hermit:CalledShot","hermit:Malice"],"picked":"SKIP","floor":24},{"not_picked":["hermit:FullyLoaded","hermit:Combo","hermit:TrackingShot"],"picked":"SKIP","floor":28},{"not_picked":["hermit:Maintenance","hermit:Combo","hermit:TrackingShot+1"],"picked":"SKIP","floor":29}],"player_experience":332817,"relics_obtained":[{"floor":6,"key":"Simple Rune"},{"floor":8,"key":"Tiny Chest"},{"floor":9,"key":"CeramicFish"},{"floor":14,"key":"Ice Cream"},{"floor":22,"key":"Replay:WaspNest"},{"floor":26,"key":"Garlic"}],"event_choices":[{"damage_healed":0,"gold_gain":75,"player_choice":"Gather Gold","damage_taken":11,"max_hp_gain":0,"max_hp_loss":0,"event_name":"World of Goop","floor":2,"gold_loss":0},{"damage_healed":0,"gold_gain":175,"player_choice":"AGREE","damage_taken":0,"max_hp_gain":0,"max_hp_loss":0,"event_name":"Liars Game","floor":4,"gold_loss":0,"cards_obtained":["Doubt"]},{"cards_removed":["hermit:Strike_Hermit"],"damage_healed":0,"gold_gain":0,"player_choice":"Card Removal","damage_taken":0,"max_hp_gain":0,"max_hp_loss":0,"event_name":"Wheel of Change","floor":10,"gold_loss":0},{"damage_healed":0,"gold_gain":0,"player_choice":"Stole Relic","damage_taken":0,"relics_obtained":["Replay:Bottled Snecko"],"max_hp_gain":0,"max_hp_loss":0,"event_name":"Addict","floor":30,"gold_loss":0,"cards_obtained":["Shame"]},{"damage_healed":0,"gold_gain":0,"player_choice":"Shed Blood","damage_taken":19,"max_hp_gain":5,"max_hp_loss":0,"event_name":"Forgotten Altar","floor":31,"gold_loss":0}],"is_beta":false,"boss_relics":[{"not_picked":["hubris:CrackedHourglass","Sozu"],"picked":"Pandora\u0027s Box"}],"items_purged_floors":[5,19],"is_endless":false,"potions_floor_spawned":[1,3,8,12,16,21,24,29],"killed_by":"Collector","ascension_level":1}}