{"host":"kdt6w7ix8lwe69i9","time":1612149793,"event":{"mods":["100% Spire Juice","BaseMod","ChefMod","Evolution","Minty Spire (QoL Compilation)","Poor People Problems","Reimu（博丽灵梦）","Robot Space Explorer","Shade Mod","StSLib","The Dragonkin","The Gatherer","TheSurvivalist"],"gold_per_floor":[119,119,119,69,85,115,115,144,144,144,48,66,82,101,101,201,201,218,218,232,23,23,23,36,48,71,87,87,87,87,97,97,97,97],"floor_reached":33,"language":"ENG","playtime":2689,"items_purged":[],"score":347,"play_id":"1c307253-2061-4737-b6ba-aba643ecae92","local_time":"20210131222313","is_ascension_mode":false,"campfire_choices":[{"data":"survmod:GoForFace","floor":7,"key":"SMITH"},{"data":"survmod:Sprint","floor":10,"key":"SMITH"},{"floor":15,"key":"REST"},{"data":"survmod:GoForFace","floor":23,"key":"SMITH"},{"floor":32,"key":"REST"}],"circlet_count":0,"master_deck":["survmod:TwinShot","survmod:TwinShot","survmod:TwinShot","survmod:TwinShot","survmod:DuckAndFlare","survmod:DuckAndFlare","survmod:DuckAndFlare","survmod:DuckAndFlare","survmod:VersatileOffense","survmod:Sprint+1","survmod:GoForFace+1","survmod:GoForFace+1","survmod:FocusedFire","survmod:SwiftKick","survmod:AcidTrap","survmod:QuickDash+1","survmod:FenceTrap+1","survmod:Adaptability","survmod:MarkedShot","survmod:ShrapnelTraps","survmod:NeedleShot","survmod:QuickDash+1","survmod:FlashbangTrap+1","survmod:MarkedShot","survmod:GoForFace+1","survmod:SwiftKick","survmod:QuickDash+1","survmod:QuickDash+1"],"relics":["survmod:InnateMutation","EVO:Axolotl","NeowsBlessing","Ice Cream","Darkstone Periapt","Odd Mushroom","Toxic Egg 2","SacredBark","Eternal Feather","Toy Ornithopter","Juzu Bracelet","MutagenicStrength"],"acts_visited":["Exordium","TheCity"],"potions_floor_usage":[16,24,31,33,33],"damage_taken":[{"damage":0,"enemies":"2 Louse","floor":1,"turns":1},{"damage":0,"enemies":"Jaw Worm","floor":5,"turns":1},{"damage":0,"enemies":"Lagavulin","floor":6,"turns":1},{"damage":18,"enemies":"The Mushroom Lair","floor":8,"turns":4},{"damage":0,"enemies":"Small Slimes","floor":12,"turns":2},{"damage":4,"enemies":"Looter","floor":13,"turns":3},{"damage":2,"enemies":"Red Slaver","floor":14,"turns":3},{"damage":31,"enemies":"Hexaghost","floor":16,"turns":8},{"damage":3,"enemies":"Shell Parasite","floor":18,"turns":4},{"damage":3,"enemies":"Spheric Guardian","floor":20,"turns":4},{"damage":15,"enemies":"Shelled Parasite and Fungi","floor":24,"turns":4},{"damage":23,"enemies":"Centurion and Healer","floor":25,"turns":6},{"damage":15,"enemies":"Snake Plant","floor":27,"turns":3},{"damage":1,"enemies":"Cultist and Chosen","floor":31,"turns":3},{"damage":54,"enemies":"Collector","floor":33,"turns":9}],"seed_played":"5550790987308579776","potions_obtained":[{"floor":12,"key":"Dexterity Potion"},{"floor":13,"key":"FearPotion"},{"floor":14,"key":"DuplicationPotion"},{"floor":20,"key":"Explosive Potion"},{"floor":31,"key":"Weak Potion"}],"is_trial":false,"path_per_floor":["M","?","?","$","M","E","R","?","T","R","$","M","M","M","R","B",null,"M","?","M","$","?","R","M","M","T","M","?","?","$","M","R","B"],"character_chosen":"THE_SURVIVOR","items_purchased":["survmod:GoForFace","survmod:QuickDash+1","survmod:FenceTrap+1","Toy Ornithopter","survmod:MarkedShot"],"campfire_rested":2,"item_purchase_floors":[4,11,11,21,21],"current_hp_per_floor":[54,51,51,51,51,51,51,33,33,33,33,33,29,27,43,12,54,51,51,48,48,39,51,41,18,18,3,3,3,3,7,39,0,0],"gold":97,"neow_bonus":"THREE_ENEMY_KILL","is_daily":false,"chose_seed":false,"campfire_upgraded":3,"win_rate":0.0,"timestamp":1612149793,"path_taken":["M","?","?","?","M","E","R","?","T","R","?","M","M","?","R","BOSS","M","?","M","$","?","R","M","M","T","M","?","?","$","M","R","BOSS"],"items_purchased_type":["Card","Card","Card","Relic","Card"],"build_version":"2020-12-22","purchased_purges":0,"victory":false,"max_hp_per_floor":[54,54,54,54,54,54,54,54,54,54,54,54,54,54,54,54,54,54,54,54,54,59,59,59,59,59,59,59,59,59,59,59,59,59],"card_choices":[{"not_picked":["survmod:UnfortunateEscape","survmod:FenceTrap"],"picked":"survmod:GoForFace","floor":1},{"not_picked":["survmod:FindCover","survmod:PoisonTrap"],"picked":"survmod:FocusedFire","floor":5},{"not_picked":["survmod:LongShot","survmod:DuckAndFlare"],"picked":"survmod:SwiftKick","floor":6},{"not_picked":["survmod:PinningSnipe","survmod:Hawkeye"],"picked":"survmod:AcidTrap","floor":8},{"not_picked":["survmod:BearTrap+1","survmod:PinningSnipe"],"picked":"survmod:Adaptability","floor":12},{"not_picked":["survmod:NockAnArrow","survmod:MarkTrap+1"],"picked":"survmod:MarkedShot","floor":13},{"not_picked":["survmod:Decoy+1","survmod:HiddenTactic+1"],"picked":"survmod:ShrapnelTraps","floor":14},{"not_picked":["survmod:MarkedForDeath+1","survmod:VersatilePower"],"picked":"survmod:NeedleShot","floor":16},{"not_picked":["survmod:LongShot","survmod:OverwhelmingAssault"],"picked":"survmod:QuickDash+1","floor":18},{"not_picked":["survmod:BearTrap+1","survmod:LongShot+1"],"picked":"survmod:FlashbangTrap+1","floor":20},{"not_picked":["survmod:KnowThyEnemy+1","survmod:FlareBarrage"],"picked":"survmod:GoForFace+1","floor":24},{"not_picked":["survmod:LongShot","survmod:HiddenTactic+1"],"picked":"survmod:SwiftKick","floor":25},{"not_picked":["survmod:MarkedShot","survmod:SwiftKick"],"picked":"survmod:QuickDash+1","floor":27},{"not_picked":["survmod:FindCover+1","survmod:Adaptability"],"picked":"survmod:QuickDash+1","floor":31}],"player_experience":1165408,"relics_obtained":[{"floor":6,"key":"Darkstone Periapt"},{"floor":8,"key":"Odd Mushroom"},{"floor":9,"key":"Toxic Egg 2"},{"floor":26,"key":"Juzu Bracelet"}],"event_choices":[{"damage_healed":0,"gold_gain":0,"player_choice":"Success","damage_taken":3,"relics_obtained":["Ice Cream"],"max_hp_gain":0,"max_hp_loss":0,"event_name":"Scrap Ooze","floor":2,"gold_loss":0},{"damage_healed":0,"gold_gain":0,"player_choice":"Leave","damage_taken":0,"max_hp_gain":0,"max_hp_loss":0,"event_name":"The Cleric","floor":3,"gold_loss":0},{"damage_healed":0,"gold_gain":0,"player_choice":"Fought Mushrooms","damage_taken":0,"max_hp_gain":0,"max_hp_loss":0,"event_name":"Mushrooms","floor":8,"gold_loss":0},{"damage_healed":0,"gold_gain":0,"player_choice":"Opened","damage_taken":0,"relics_obtained":["Eternal Feather"],"max_hp_gain":0,"max_hp_loss":0,"event_name":"The Mausoleum","floor":19,"gold_loss":0},{"damage_healed":0,"gold_gain":0,"player_choice":"Shed Blood","damage_taken":14,"max_hp_gain":5,"max_hp_loss":0,"event_name":"Forgotten Altar","floor":22,"gold_loss":0},{"damage_healed":0,"gold_gain":0,"player_choice":"Inject Mutagens","damage_taken":0,"relics_obtained":["MutagenicStrength"],"max_hp_gain":0,"max_hp_loss":0,"event_name":"Drug Dealer","floor":28,"gold_loss":0},{"damage_healed":0,"gold_gain":0,"player_choice":"Ignored","damage_taken":0,"max_hp_gain":0,"max_hp_loss":0,"event_name":"Beggar","floor":29,"gold_loss":0}],"is_beta":false,"boss_relics":[{"not_picked":["Pandora\u0027s Box","Ectoplasm"],"picked":"SacredBark"}],"items_purged_floors":[],"is_endless":false,"potions_floor_spawned":[12,13,14,20,31],"killed_by":"Collector","ascension_level":0}}