{"host":"l2dnabsh5e0fsksb","time":1612147339,"event":{"mods":["2.2 Compatiblity","BaseMod","Downfall","Minty Spire (QoL Compilation)","Quick Restart","StSLib"],"gold_per_floor":[99,274,274,293,3,3,79,96,96,169,185,210,210,237,247,247,247,247],"floor_reached":16,"language":"ENG","playtime":831,"items_purged":[],"score":173,"play_id":"d80a1db9-8975-449b-9317-55836a9dffc2","local_time":"20210201131219","is_ascension_mode":true,"campfire_choices":[{"floor":1.0,"key":"RECALL"},{"data":"bronze:Iterate","floor":6.0,"key":"SMITH"}],"circlet_count":0,"master_deck":["AscendersBane","bronze:Strike","bronze:Strike","bronze:Strike","bronze:Strike","bronze:Defend","bronze:Defend+1","bronze:Defend+1","bronze:Defend","bronze:Replicate","bronze:Goto","Doubt","bronze:DelayedSlice+1","bronze:BuggyMess","bronze:Iterate+1","bronze:Separator+1","bronze:ChosenStrike","bronze:OilSpill","downfall:Malfunctioning","bronze:DelayedGuard","bronze:DelayedGuard"],"relics":["bronze:BronzeCore","bronze:BronzeIdol","Eternal Feather","Pear","Pantograph","Pocketwatch","Art of War"],"acts_visited":["Exordium"],"potions_floor_usage":[14],"damage_taken":[{"damage":1.0,"enemies":"2 Louse","floor":4.0,"turns":3.0},{"damage":0.0,"enemies":"downfall:FleeingMerchant","floor":5.0,"turns":4.0},{"damage":5.0,"enemies":"Small Slimes","floor":8.0,"turns":3.0},{"damage":0.0,"enemies":"Jaw Worm","floor":11.0,"turns":1.0},{"damage":35.0,"enemies":"3 Sentries","floor":12.0,"turns":8.0},{"damage":14,"enemies":"Lagavulin","floor":14,"turns":6},{"damage":10,"enemies":"Large Slime","floor":15,"turns":3},{"damage":68,"enemies":"IC_STATUS_ARCHETYPE","floor":16,"turns":10}],"seed_played":"1437417493365526917","potions_obtained":[{"floor":4.0,"key":"FairyPotion"},{"floor":12.0,"key":"CultistPotion"}],"is_trial":false,"path_per_floor":["R","?","?","M","$","R","T","M","?","T","M","E","?","E","M","B"],"character_chosen":"THE_AUTOMATON","items_purchased":["bronze:Iterate","Eternal Feather"],"campfire_rested":0,"item_purchase_floors":[5,5],"current_hp_per_floor":[63,63,63,62,62,70,80,75,75,75,75,40,40,26,16,0,0,0],"gold":247,"neow_bonus":"RANDOM_COMMON_RELIC","is_daily":false,"chose_seed":false,"campfire_upgraded":1,"win_rate":0.0,"timestamp":1612147339,"path_taken":["R","?","?","M","$","R","T","M","?","?","?","E","?","E","M","BOSS"],"items_purchased_type":["Card","Relic"],"build_version":"2020-12-22","purchased_purges":0,"victory":false,"max_hp_per_floor":[70,70,70,70,70,70,80,80,80,80,80,80,80,80,80,80,80,80],"card_choices":[{"not_picked":["bronze:Shell","bronze:GetLatest"],"picked":"bronze:DelayedSlice","floor":4.0},{"not_picked":["bronze:Turbo","bronze:BronzeArmor"],"picked":"bronze:BuggyMess","floor":5.0},{"not_picked":["bronze:Branch","bronze:ForLoop"],"picked":"bronze:Separator","floor":8.0},{"not_picked":["bronze:ItsAFeature","bronze:Invalidate"],"picked":"bronze:ChosenStrike","floor":11.0},{"not_picked":["bronze:DelayedGuard","bronze:Break"],"picked":"bronze:OilSpill","floor":12.0},{"not_picked":["bronze:BitShift","bronze:Turbo"],"picked":"bronze:DelayedGuard","floor":14},{"not_picked":["bronze:Shell","bronze:Frontload"],"picked":"bronze:DelayedGuard","floor":15}],"player_experience":1884487,"relics_obtained":[{"floor":7.0,"key":"Pear"},{"floor":10.0,"key":"Pantograph"},{"floor":12.0,"key":"Pocketwatch"},{"floor":14,"key":"Art of War"}],"event_choices":[{"damage_healed":0.0,"max_hp_gain":0.0,"max_hp_loss":0.0,"gold_gain":0.0,"event_name":"Living Wall","player_choice":"Grow","floor":9.0,"gold_loss":0.0,"damage_taken":0.0,"cards_upgraded":["bronze:Separator"]}],"is_beta":false,"boss_relics":[],"items_purged_floors":[],"is_endless":false,"potions_floor_spawned":[4,12],"killed_by":"IC_STATUS_ARCHETYPE","ascension_level":12}}