{"host":"egskdxp2q9kv48xe","time":1612222931,"event":{"mods":["BaseMod","Colored Powertips","Minty Spire (QoL Compilation)","Slay the Relics Exporter","StSLib"],"gold_per_floor":[115,40,56,56,75,103,278,278,278,303,322,322,272,287,287,383,383,394,493,493,693,504,534,93,104,104,104,104],"floor_reached":27,"language":"ENG","playtime":1024,"items_purged":["Decay","Doubt"],"score":276,"play_id":"b727d987-e8df-4026-81b5-248d97ee1587","local_time":"20210201164211","is_ascension_mode":true,"campfire_choices":[{"data":"White Noise","floor":8,"key":"SMITH"},{"floor":15,"key":"REST"}],"circlet_count":0,"master_deck":["Defend_B","Zap","Dualcast","Blizzard","Redo","Gash","Coolheaded","White Noise+1","Beam Cell","Lockon","White Noise","Ball Lightning","White Noise","Chill","Amplify","Hyperbeam+1","Thunder Strike+1","FTL+1","Gash","Storm","Heatsinks","Seek","Cold Snap","Ball Lightning+1","Rebound","Chaos","Hello World","Hologram","White Noise"],"relics":["Cracked Core","Pen Nib","Bottled Flame","Dream Catcher","Astrolabe","MealTicket","Orrery","Art of War","HornCleat","Eternal Feather"],"acts_visited":["Exordium","TheCity"],"potions_floor_usage":[5,16,18,23,25,27],"damage_taken":[{"damage":1,"enemies":"2 Louse","floor":1,"turns":2},{"damage":7,"enemies":"Small Slimes","floor":3,"turns":3},{"damage":0,"enemies":"Jaw Worm","floor":5,"turns":1},{"damage":16,"enemies":"3 Sentries","floor":6,"turns":3},{"damage":18,"enemies":"Lagavulin","floor":10,"turns":6},{"damage":14,"enemies":"Large Slime","floor":11,"turns":4},{"damage":9,"enemies":"2 Fungi Beasts","floor":14,"turns":2},{"damage":28,"enemies":"Hexaghost","floor":16,"turns":8},{"damage":26,"enemies":"Shell Parasite","floor":18,"turns":6},{"damage":51,"enemies":"Book of Stabbing","floor":23,"turns":5},{"damage":28,"enemies":"3 Byrds","floor":25,"turns":5},{"damage":16,"enemies":"Shelled Parasite and Fungi","floor":27,"turns":4}],"seed_played":"-6616548661212101697","potions_obtained":[{"floor":3,"key":"AttackPotion"},{"floor":6,"key":"PotionOfCapacity"},{"floor":14,"key":"GamblersBrew"},{"floor":16,"key":"Regen Potion"},{"floor":23,"key":"Fire Potion"},{"floor":25,"key":"Swift Potion"}],"is_trial":false,"path_per_floor":["M","$","M","?","M","E","?","R","T","E","M","?","?","M","R","B",null,"M","?","?","?","$","E","$","M","T","M"],"character_chosen":"DEFECT","items_purchased":["Storm","Orrery","HornCleat","Hello World","Hologram"],"campfire_rested":1,"item_purchase_floors":[22,22,24,24,24],"current_hp_per_floor":[74,74,67,67,67,51,51,51,51,33,19,44,44,35,57,29,75,49,49,49,49,64,27,42,14,14,0,0],"gold":104,"neow_bonus":"TRANSFORM_TWO_CARDS","is_daily":false,"chose_seed":false,"campfire_upgraded":1,"win_rate":0.0,"timestamp":1612222931,"path_taken":["M","$","M","?","M","E","?","R","T","E","M","?","?","M","R","BOSS","M","?","?","?","$","E","$","?","T","M"],"items_purchased_type":["Card","Relic","Relic","Card","Card"],"build_version":"2020-12-22","purchased_purges":2,"victory":false,"max_hp_per_floor":[75,75,75,75,75,75,75,75,75,75,75,75,75,75,75,75,75,75,75,75,75,75,75,75,75,75,75,75],"card_choices":[{"not_picked":["Stack","Coolheaded"],"picked":"Gash","floor":1},{"not_picked":["Stack","Turbo"],"picked":"Coolheaded","floor":3},{"not_picked":["Meteor Strike","Compile Driver"],"picked":"Beam Cell","floor":5},{"not_picked":["Reprogram","Turbo"],"picked":"Lockon","floor":6},{"not_picked":["BootSequence","FTL"],"picked":"White Noise","floor":10},{"not_picked":["Compile Driver","Redo"],"picked":"Ball Lightning","floor":11},{"not_picked":["Capacitor","Cold Snap"],"picked":"White Noise","floor":14},{"not_picked":["Lockon","Leap"],"picked":"Chill","floor":15},{"not_picked":["Thunder Strike","Electrodynamics"],"picked":"Amplify","floor":16},{"not_picked":["Sweeping Beam","Lockon"],"picked":"Gash","floor":18},{"not_picked":["FTL","Conserve Battery"],"picked":"Heatsinks","floor":22},{"not_picked":["Skim","Capacitor+1"],"picked":"Seek","floor":22},{"not_picked":["Hologram","Steam+1"],"picked":"Cold Snap","floor":22},{"not_picked":["Sweeping Beam+1","Biased Cognition"],"picked":"Ball Lightning+1","floor":22},{"not_picked":["Biased Cognition","Machine Learning"],"picked":"Rebound","floor":22},{"not_picked":["Redo","Turbo"],"picked":"Chaos","floor":23},{"not_picked":["Redo+1","Hello World"],"picked":"White Noise","floor":25}],"player_experience":453344,"relics_obtained":[{"floor":6,"key":"Pen Nib"},{"floor":9,"key":"Bottled Flame"},{"floor":10,"key":"Dream Catcher"},{"floor":23,"key":"Art of War"},{"floor":26,"key":"Eternal Feather"}],"event_choices":[{"damage_healed":0,"gold_gain":0,"cards_transformed":["Strike_B"],"player_choice":"Change","damage_taken":0,"max_hp_gain":0,"max_hp_loss":0,"event_name":"Living Wall","floor":4,"gold_loss":0,"cards_obtained":["White Noise"]},{"damage_healed":0,"gold_gain":175,"player_choice":"AGREE","damage_taken":0,"max_hp_gain":0,"max_hp_loss":0,"event_name":"Liars Game","floor":7,"gold_loss":0,"cards_obtained":["Doubt"]},{"damage_healed":25,"gold_gain":0,"player_choice":"Banana","damage_taken":0,"max_hp_gain":0,"max_hp_loss":0,"event_name":"Big Fish","floor":12,"gold_loss":0},{"cards_removed":["Strike_B"],"damage_healed":0,"gold_gain":0,"player_choice":"Card Removal","damage_taken":0,"max_hp_gain":0,"max_hp_loss":0,"event_name":"The Cleric","floor":13,"gold_loss":50},{"damage_healed":0,"gold_gain":99,"player_choice":"Stole From Cult","damage_taken":0,"max_hp_gain":0,"max_hp_loss":0,"event_name":"Nest","floor":19,"gold_loss":0},{"damage_healed":0,"gold_gain":0,"player_choice":"Opened","damage_taken":0,"relics_obtained":["MealTicket"],"max_hp_gain":0,"max_hp_loss":0,"event_name":"The Mausoleum","floor":20,"gold_loss":0},{"damage_healed":0,"gold_gain":200,"player_choice":"Gold","damage_taken":0,"max_hp_gain":0,"max_hp_loss":0,"event_name":"Wheel of Change","floor":21,"gold_loss":0}],"is_beta":false,"boss_relics":[{"not_picked":["Ectoplasm","Cursed Key"],"picked":"Astrolabe"}],"items_purged_floors":[2,24],"is_endless":false,"potions_floor_spawned":[3,6,14,16,23,25],"killed_by":"Shelled Parasite and Fungi","ascension_level":1}}