{"host":"x7xd4wkamhrqrrvw","time":1612202315,"event":{"mods":["AchievementEnabler","BaseMod","Minty Spire (QoL Compilation)","StSLib"],"gold_per_floor":[118,118,43,58,78,78,104,104,156,172,172,172,206,226,226,303,303,315,315,495,156,171,171,203,203,203,216,227,247,172,172,172,245,245,265,281,297,172,172,199,199,210,233,233,267,292,292,336,336,336,336,336,75,100,100],"floor_reached":56,"language":"ENG","playtime":3870,"items_purged":["Injury","Strike_R","Strike_R","Strike_R"],"score":2405,"play_id":"f6680313-2679-4781-aa86-14229d1b0869","local_time":"20210201155835","is_ascension_mode":true,"campfire_choices":[{"data":"Whirlwind","floor":6,"key":"SMITH"},{"data":"Feed","floor":8,"key":"SMITH"},{"data":"True Grit","floor":12,"key":"SMITH"},{"floor":15,"key":"REST"},{"data":"Uppercut","floor":23,"key":"SMITH"},{"data":"Shrug It Off","floor":25,"key":"SMITH"},{"floor":32,"key":"REST"},{"floor":41,"key":"RECALL"},{"data":"Flame Barrier","floor":49,"key":"SMITH"},{"floor":52,"key":"REST"}],"circlet_count":0,"master_deck":["AscendersBane","Strike_R","Defend_R","Defend_R","Defend_R","Defend_R","Bash","Headbutt","Whirlwind+1","Shrug It Off+1","True Grit+1","Offering","Shrug It Off+1","Barricade","Uppercut+1","Entrench","Impervious","Body Slam","Entrench","Flame Barrier+1"],"relics":["Burning Blood","Boot","Blood Vial","Lizard Tail","Snecko Eye","Nilry\u0027s Codex","Lee\u0027s Waffle","Anchor","InkBottle","Velvet Choker","CeramicFish","Pocketwatch","PreservedInsect","Blue Candle","Ginger"],"acts_visited":["Exordium","TheCity","TheBeyond","TheEnding"],"potions_floor_usage":[7,7,13,18,28,29,33,37,46,55],"damage_taken":[{"damage":33,"enemies":"Jaw Worm","floor":1,"turns":9},{"damage":22,"enemies":"Small Slimes","floor":4,"turns":5},{"damage":8,"enemies":"Cultist","floor":5,"turns":5},{"damage":12,"enemies":"Gremlin Nob","floor":7,"turns":4},{"damage":3,"enemies":"3 Louse","floor":10,"turns":2},{"damage":42,"enemies":"Lagavulin","floor":13,"turns":10},{"damage":20,"enemies":"Large Slime","floor":14,"turns":6},{"damage":107,"enemies":"The Guardian","floor":16,"turns":27},{"damage":24,"enemies":"Chosen","floor":18,"turns":7},{"damage":33,"enemies":"3 Byrds","floor":22,"turns":6},{"damage":55,"enemies":"Book of Stabbing","floor":24,"turns":7},{"damage":6,"enemies":"Snake Plant","floor":27,"turns":6},{"damage":7,"enemies":"Shelled Parasite and Fungi","floor":28,"turns":5},{"damage":23,"enemies":"Cultist and Chosen","floor":29,"turns":5},{"damage":6,"enemies":"Automaton","floor":33,"turns":14},{"damage":0,"enemies":"3 Shapes","floor":35,"turns":4},{"damage":6,"enemies":"Orb Walker","floor":36,"turns":5},{"damage":10,"enemies":"3 Darklings","floor":37,"turns":6},{"damage":0,"enemies":"Giant Head","floor":40,"turns":6},{"damage":51,"enemies":"4 Shapes","floor":42,"turns":7},{"damage":0,"enemies":"Mind Bloom Boss Battle","floor":45,"turns":5},{"damage":6,"enemies":"Reptomancer","floor":46,"turns":6},{"damage":26,"enemies":"Nemesis","floor":48,"turns":8},{"damage":6,"enemies":"Time Eater","floor":50,"turns":7},{"damage":6,"enemies":"Shield and Spear","floor":54,"turns":7},{"damage":74,"enemies":"The Heart","floor":55,"turns":11}],"seed_played":"8788335994583559168","potions_obtained":[{"floor":4,"key":"Block Potion"},{"floor":5,"key":"BloodPotion"},{"floor":10,"key":"ColorlessPotion"},{"floor":16,"key":"Swift Potion"},{"floor":24,"key":"Energy Potion"},{"floor":28,"key":"Swift Potion"},{"floor":29,"key":"GamblersBrew"},{"floor":33,"key":"SneckoOil"},{"floor":37,"key":"BlessingOfTheForge"},{"floor":45,"key":"FearPotion"}],"is_trial":false,"path_per_floor":["M","?","$","M","M","R","E","R","T","M","?","R","E","M","R","B",null,"M","?","?","$","M","R","E","R","T","M","M","M","?","?","R","B",null,"M","M","M","$","?","E","R","M","T","?","?","E","?","E","R","B",null,"R","$","E","B",null],"character_chosen":"IRONCLAD","items_purchased":["Uppercut","Lee\u0027s Waffle","Dexterity Potion","BloodPotion"],"campfire_rested":3,"item_purchase_floors":[21,21,53,53],"current_hp_per_floor":[44,44,44,31,32,32,45,45,45,54,59,59,29,21,52,42,92,76,55,36,115,88,88,41,41,41,47,52,41,41,41,79,85,120,132,138,139,139,139,143,143,98,98,98,106,108,108,90,90,92,130,143,143,143,75],"gold":100,"neow_bonus":"THREE_RARE_CARDS","is_daily":false,"chose_seed":false,"campfire_upgraded":6,"win_rate":0.0,"timestamp":1612202315,"path_taken":["M","?","$","M","M","R","E","R","T","M","?","R","E","M","R","BOSS","M","?","?","$","M","R","E","R","T","M","M","?","?","?","R","BOSS","M","M","M","$","?","E","R","M","T","?","?","E","?","E","R","BOSS","R","$","E","BOSS"],"items_purchased_type":["Card","Relic","Potion","Potion"],"build_version":"2020-12-22","purchased_purges":4,"victory":true,"max_hp_per_floor":[78,78,78,81,84,84,87,87,87,91,96,96,100,104,104,108,108,108,108,108,115,115,115,115,115,115,119,123,127,127,127,127,131,131,135,139,143,143,143,143,143,143,143,143,143,143,143,143,143,143,143,143,143,143,143],"card_choices":[{"not_picked":["Impervious","Corruption"],"picked":"Feed","floor":0},{"not_picked":["Warcry","Rampage"],"picked":"Headbutt","floor":1},{"not_picked":["Pummel","Twin Strike"],"picked":"Whirlwind","floor":4},{"not_picked":["Flex","Perfected Strike"],"picked":"Shrug It Off","floor":5},{"not_picked":["Searing Blow","Havoc","Evolve"],"picked":"SKIP","floor":7},{"not_picked":["Perfected Strike","Second Wind"],"picked":"True Grit","floor":10},{"not_picked":["Warcry","Flame Barrier"],"picked":"Offering","floor":13},{"not_picked":["Anger","Infernal Blade"],"picked":"Shrug It Off","floor":14},{"not_picked":["Brutality","Double Tap"],"picked":"Barricade","floor":16},{"not_picked":["Cleave","Whirlwind","Headbutt"],"picked":"SKIP","floor":18},{"not_picked":["Heavy Blade","Entrench","Sword Boomerang"],"picked":"SKIP","floor":22},{"not_picked":["Heavy Blade","Sword Boomerang"],"picked":"Entrench","floor":22},{"not_picked":["Clothesline","Perfected Strike","Heavy Blade"],"picked":"SKIP","floor":24},{"not_picked":["Headbutt+1","Clothesline","Wild Strike"],"picked":"SKIP","floor":27},{"not_picked":["Iron Wave","Headbutt","Bloodletting"],"picked":"SKIP","floor":28},{"not_picked":["Reaper","True Grit+1","Flex"],"picked":"SKIP","floor":29},{"not_picked":["Double Tap","Juggernaut"],"picked":"Impervious","floor":33},{"not_picked":["Armaments","Clothesline"],"picked":"Body Slam","floor":35},{"not_picked":["True Grit","Rampage","Cleave+1"],"picked":"SKIP","floor":36},{"not_picked":["Dark Embrace","Combust","Heavy Blade"],"picked":"SKIP","floor":37},{"not_picked":["Heavy Blade","Dropkick+1","Wild Strike"],"picked":"SKIP","floor":40},{"not_picked":["Feel No Pain","Sword Boomerang+1","Wild Strike"],"picked":"SKIP","floor":42},{"not_picked":["Feed","Cleave"],"picked":"Entrench","floor":45},{"not_picked":["Clothesline","Battle Trance","Dropkick"],"picked":"SKIP","floor":46},{"not_picked":["Clothesline","Headbutt"],"picked":"Flame Barrier","floor":48},{"not_picked":["Ghostly Armor","Flex+1","Twin Strike"],"picked":"SKIP","floor":54}],"player_experience":412766,"relics_obtained":[{"floor":7,"key":"Boot"},{"floor":9,"key":"Blood Vial"},{"floor":13,"key":"Lizard Tail"},{"floor":19,"key":"Nilry\u0027s Codex"},{"floor":24,"key":"Anchor"},{"floor":26,"key":"InkBottle"},{"floor":40,"key":"CeramicFish"},{"floor":45,"key":"Pocketwatch"},{"floor":46,"key":"PreservedInsect"},{"floor":48,"key":"Blue Candle"},{"floor":54,"key":"Ginger"}],"event_choices":[{"damage_healed":0,"gold_gain":0,"player_choice":"Ignored","damage_taken":0,"max_hp_gain":0,"max_hp_loss":0,"event_name":"Liars Game","floor":2,"gold_loss":0},{"damage_healed":0,"gold_gain":0,"player_choice":"Donut","damage_taken":0,"max_hp_gain":5,"max_hp_loss":0,"event_name":"Big Fish","floor":11,"gold_loss":0},{"damage_healed":0,"gold_gain":0,"player_choice":"Obtained Book","damage_taken":21,"max_hp_gain":0,"max_hp_loss":0,"event_name":"Cursed Tome","floor":19,"gold_loss":0},{"damage_healed":0,"gold_gain":180,"player_choice":"GOLD GOLD ","damage_taken":19,"max_hp_gain":0,"max_hp_loss":0,"event_name":"Knowing Skull","floor":20,"potions_obtained":[],"gold_loss":0,"cards_obtained":[]},{"cards_removed":["Strike_R"],"damage_healed":0,"gold_gain":0,"player_choice":"Gave Gold","damage_taken":0,"max_hp_gain":0,"max_hp_loss":0,"event_name":"Beggar","floor":30,"gold_loss":75},{"damage_healed":0,"gold_gain":0,"player_choice":"Forge","damage_taken":0,"max_hp_gain":0,"max_hp_loss":0,"event_name":"Accursed Blacksmith","floor":31,"gold_loss":0,"cards_upgraded":["Shrug It Off"]},{"cards_removed":["Feed"],"damage_healed":0,"gold_gain":0,"player_choice":"Removed Attack","damage_taken":0,"max_hp_gain":0,"max_hp_loss":0,"event_name":"Falling","floor":39,"gold_loss":0},{"damage_healed":0,"gold_gain":0,"player_choice":"Ignored","damage_taken":0,"max_hp_gain":0,"max_hp_loss":0,"event_name":"Mysterious Sphere","floor":44,"gold_loss":0},{"damage_healed":0,"gold_gain":0,"player_choice":"Fight","damage_taken":0,"max_hp_gain":0,"max_hp_loss":0,"event_name":"MindBloom","floor":45,"gold_loss":0},{"damage_healed":0,"gold_gain":0,"player_choice":"Ignored","damage_taken":0,"max_hp_gain":0,"max_hp_loss":0,"event_name":"Tomb of Lord Red Mask","floor":47,"gold_loss":0}],"is_beta":false,"boss_relics":[{"not_picked":["Ectoplasm","Black Star"],"picked":"Snecko Eye"},{"not_picked":["Astrolabe","Black Blood"],"picked":"Velvet Choker"}],"items_purged_floors":[3,21,38,53],"is_endless":false,"potions_floor_spawned":[4,5,10,16,24,28,29,33,37,45],"ascension_level":17}}