{"host":"8962ghaoa8fyttvy","time":1612175793,"event":{"mods":["2.2 Compatiblity","AchievementEnabler","BaseMod","Bestiary","Colored Map","Colored Powertips","Curses Come First","Highlight Path","Keyboard Shortcuts","Minty Spire (QoL Compilation)","Relic Stats","Slay the Relics Exporter","StSLib","SuperFastMode"],"gold_per_floor":[119,119,119,119,44,44,44,70,116,116,116,116,151,126,126,228,228,241,256,181,191,211,211,211,211],"floor_reached":24,"language":"ENG","playtime":807,"items_purged":["Strike_R"],"score":227,"play_id":"e3002718-4925-46e3-9fa5-72ff16011267","local_time":"20210201053633","is_ascension_mode":false,"campfire_choices":[{"data":"Armaments","floor":6,"key":"SMITH"},{"data":"Heavy Blade","floor":10,"key":"SMITH"},{"data":"Iron Wave","floor":12,"key":"SMITH"},{"data":"Cleave","floor":15,"key":"SMITH"},{"data":"Shrug It Off","floor":23,"key":"SMITH"}],"circlet_count":0,"master_deck":["Strike_R","Strike_R","Strike_R+1","Strike_R+1","Defend_R","Defend_R","Defend_R","Defend_R","Bash","Armaments+1","Inflame","Iron Wave+1","Heavy Blade+1","Shrug It Off+1","Cleave+1","Cleave","Flex","Heavy Blade"],"relics":["Black Blood","NeowsBlessing","Bird Faced Urn","Vajra","Oddly Smooth Stone","Toy Ornithopter","Pantograph"],"acts_visited":["Exordium","TheCity"],"potions_floor_usage":[16,16,16,16,19,22,22,24],"damage_taken":[{"damage":0,"enemies":"Cultist","floor":1,"turns":1},{"damage":0,"enemies":"Small Slimes","floor":7,"turns":1},{"damage":0,"enemies":"Lagavulin","floor":8,"turns":1},{"damage":36,"enemies":"3 Sentries","floor":13,"turns":9},{"damage":55,"enemies":"The Guardian","floor":16,"turns":13},{"damage":26,"enemies":"Shell Parasite","floor":18,"turns":8},{"damage":42,"enemies":"2 Thieves","floor":19,"turns":4},{"damage":49,"enemies":"Snake Plant","floor":21,"turns":6},{"damage":35,"enemies":"Chosen and Byrds","floor":22,"turns":7},{"damage":31,"enemies":"Centurion and Healer","floor":24,"turns":7}],"seed_played":"4970347811123627146","potions_obtained":[{"floor":1,"key":"SneckoOil"},{"floor":13,"key":"EntropicBrew"},{"floor":16,"key":"Explosive Potion"},{"floor":18,"key":"Weak Potion"},{"floor":19,"key":"BloodPotion"},{"floor":21,"key":"SkillPotion"}],"is_trial":false,"path_per_floor":["M","?","?","?","$","R","M","E","T","R","T","R","E","$","R","B",null,"M","M","$","M","M","R","M"],"character_chosen":"IRONCLAD","items_purchased":["Inflame","Cleave"],"campfire_rested":0,"item_purchase_floors":[5,14],"current_hp_per_floor":[80,73,78,61,61,61,67,73,73,73,73,73,45,45,45,43,85,71,65,65,30,19,19,0,0],"gold":211,"neow_bonus":"THREE_ENEMY_KILL","is_daily":false,"chose_seed":false,"campfire_upgraded":5,"win_rate":0.0,"timestamp":1612175793,"path_taken":["M","?","?","?","$","R","M","E","T","R","?","R","E","?","R","BOSS","M","M","?","?","M","R","M"],"items_purchased_type":["Card","Card"],"build_version":"2020-12-22","purchased_purges":1,"victory":false,"max_hp_per_floor":[80,80,85,85,85,85,85,85,85,85,85,85,85,85,85,85,85,85,85,85,85,85,85,85,85],"relic_stats":{"counters":[10,57],"Bird Faced Urn":[12],"Pantograph":25,"Black Blood":72,"obtain_stats":[{"NeowsBlessing":0,"Bird Faced Urn":2,"Pantograph":13,"Vajra":8,"Oddly Smooth Stone":9,"Black Blood":17,"Burning Blood":0,"Toy Ornithopter":11},{"NeowsBlessing":0,"Bird Faced Urn":1,"Pantograph":4,"Vajra":3,"Oddly Smooth Stone":3,"Black Blood":5,"Burning Blood":0,"Toy Ornithopter":3},{"NeowsBlessing":0,"Bird Faced Urn":1,"Pantograph":12,"Vajra":3,"Oddly Smooth Stone":3,"Black Blood":25,"Burning Blood":0,"Toy Ornithopter":3}],"Toy Ornithopter":40},"card_choices":[{"not_picked":["Pommel Strike","Battle Trance"],"picked":"Armaments","floor":1},{"not_picked":["Disarm","Shockwave"],"picked":"Iron Wave","floor":7},{"not_picked":["Entrench","Thunderclap"],"picked":"Heavy Blade","floor":8},{"not_picked":["Twin Strike","Headbutt"],"picked":"Shrug It Off","floor":13},{"not_picked":["Twin Strike","Pommel Strike+1"],"picked":"Cleave","floor":18},{"not_picked":["Cleave","Body Slam"],"picked":"Flex","floor":19},{"not_picked":["Body Slam+1","Uppercut"],"picked":"Heavy Blade","floor":21},{"not_picked":["Headbutt","Flame Barrier","Offering"],"picked":"SKIP","floor":22}],"player_experience":13503,"relics_obtained":[{"floor":8,"key":"Vajra"},{"floor":9,"key":"Oddly Smooth Stone"},{"floor":11,"key":"Toy Ornithopter"},{"floor":13,"key":"Pantograph"}],"event_choices":[{"damage_healed":0,"gold_gain":0,"player_choice":"Success","damage_taken":7,"relics_obtained":["Bird Faced Urn"],"max_hp_gain":0,"max_hp_loss":0,"event_name":"Scrap Ooze","floor":2,"gold_loss":0},{"damage_healed":0,"gold_gain":0,"player_choice":"Donut","damage_taken":0,"max_hp_gain":5,"max_hp_loss":0,"event_name":"Big Fish","floor":3,"gold_loss":0},{"damage_healed":0,"gold_gain":0,"player_choice":"Entered Light","damage_taken":17,"max_hp_gain":0,"max_hp_loss":0,"event_name":"Shining Light","floor":4,"gold_loss":0,"cards_upgraded":["Strike_R","Strike_R"]}],"is_beta":false,"boss_relics":[{"not_picked":["Runic Cube","Tiny House"],"picked":"Black Blood"}],"items_purged_floors":[20],"is_endless":false,"potions_floor_spawned":[1,13,16,18,19,21],"killed_by":"Centurion and Healer","ascension_level":0}}