{"host":"dhbelfuuk89i1oub","time":1612191379,"event":{"mods":["AchievementEnabler","Act Like it!","Aspiration","BaseMod","Better Match","Better Third Choice","BetterRewards","Colored Map","Colored Powertips","Conspire","Energized Spire","Friendly Minions","GifTheSpireLib","Hallownest","Hermit","Infinite Spire","Jedi Mod","Minty Spire (QoL Compilation)","RatMod","Relic Filter","Relic Sorter","Reliquary","Replay The Spire","Spikes Relics","Spire Arcade","StSLib","Stuff the Spire","The Animator","The Cursed","The Dragon Tamer","The Judge","The Senshi","The Witch"],"gold_per_floor":[117,111,127,92,110,110,140,87,110,110,110,110,110],"floor_reached":11,"language":"ENG","playtime":1371,"items_purged":["Voices"],"score":101,"play_id":"f4e72f0b-3a59-4ecb-9f75-1fc52cff5f3b","local_time":"20210201225619","is_ascension_mode":true,"metric_token":2131,"campfire_choices":[{"data":"DTMod:SealedStrike","floor":6,"key":"SMITH"}],"dtmod_dragon_data":[22,50,-1,-1,0,0],"circlet_count":0,"master_deck":["DTMod:Strike","DTMod:Strike","DTMod:Strike","DTMod:Strike","DTMod:DoubleHit","DTMod:TargetDefense","DTMod:TargetDefense","DTMod:TargetDefense","DTMod:TargetDefense","DTMod:SwitchingTactic","DTMod:Training","DTMod:SealedStrike+1","DTMod:FlameSlash","DTMod:CleansingStrike","StuffTheSpire:CuriosityCurse","DTMod:DarkBreath","DTMod:Overwhelm","DTMod:WarmUp","DTMod:ComboAttack","DTMod:Outburst","DTMod:BurningEnergy","Parasite","Hallownest:curseDreamersLament","Replay:Fractal Strike"],"relics":["DTMod:PactStone","reliquary:OuijaBoard","aspiration:ChemicalBlood","conspire:GiftBox","ReplayTheSpireMod:CursedCoin","Pantograph","jedi:crownofsimplicity"],"acts_visited":["Exordium"],"potions_floor_usage":[],"damage_taken":[{"damage":0,"enemies":"Cultist","floor":1,"turns":3},{"damage":6,"enemies":"Jaw Worm","floor":3,"turns":3},{"damage":0,"enemies":"conspire:RoseBush","floor":5,"turns":3},{"damage":0,"enemies":"3 Sentries","floor":7,"turns":5},{"damage":17,"enemies":"Gremlin Nob","floor":11,"turns":3}],"seed_played":"8522276372352699655","potions_obtained":[{"floor":7,"key":"PowerPotion"}],"is_trial":false,"path_per_floor":["M","$","M","$","M","R","E","$","T","?","E"],"character_chosen":"THE_DT","items_purchased":["aspiration:ChemicalBlood","DTMod:Training","DTMod:FlameSlash","ReplayTheSpireMod:CursedCoin","DTMod:DarkBreath","DTMod:WarmUp","DTMod:BurningEnergy"],"campfire_rested":0,"item_purchase_floors":[0,0,0,2,2,4,8],"current_hp_per_floor":[23,23,17,17,17,17,17,17,17,17,0,0,0],"gold":110,"neow_bonus":"","is_daily":false,"chose_seed":false,"campfire_upgraded":1,"win_rate":0.0,"timestamp":1612191379,"path_taken":["M","?","M","$","?","R","E","$","T","?","E"],"items_purchased_type":["Relic","Card","Card","Relic","Card","Card","Card"],"build_version":"2020-12-22","purchased_purges":1,"victory":false,"max_hp_per_floor":[45,45,45,45,45,45,45,45,45,45,45,45,45],"card_choices":[{"not_picked":["DTMod:Harmonize","DTMod:OpeningTactic"],"picked":"DTMod:SealedStrike","floor":0},{"not_picked":["DTMod:MagicField","DTMod:ForkedFire"],"picked":"DTMod:CleansingStrike","floor":1},{"not_picked":["DTMod:Shift","DTMod:ComboAttack"],"picked":"DTMod:Overwhelm","floor":3},{"not_picked":["DTMod:Cover","DTMod:Astonish"],"picked":"DTMod:ComboAttack","floor":5},{"not_picked":["DTMod:LastStand","DTMod:BreakAttack"],"picked":"DTMod:Outburst","floor":7},{"not_picked":["infinitespire:Starlight","ReplayTheSpireMod:Echoes of Time"],"picked":"Replay:Fractal Strike","floor":10}],"player_experience":1046168,"relics_obtained":[{"floor":7,"key":"Pantograph"},{"floor":9,"key":"jedi:crownofsimplicity"}],"event_choices":[],"is_beta":false,"boss_relics":[],"items_purged_floors":[2],"is_endless":false,"potions_floor_spawned":[7],"killed_by":"Gremlin Nob","ascension_level":1}}