{"host":"plbsiuh3vwan8ocg","time":1612145545,"event":{"mods":["BaseMod","Downfall","Minty Spire (QoL Compilation)","Quick Restart","StSLib"],"gold_per_floor":[99,118,418,434,534,634,634,352,367,402,19,48,62,73,85,181,181,81,99,114,129,129,129,129,229,229,229,229],"floor_reached":26,"language":"ENG","playtime":3003,"items_purged":["downfall:Aged","downfall:Icky"],"score":329,"play_id":"7f1dd662-5c17-4dfe-9a74-9693b139d06c","local_time":"20210131211225","is_ascension_mode":true,"campfire_choices":[{"data":"Magnetism","floor":1,"key":"SMITH"},{"floor":18,"key":"RECALL"}],"circlet_count":0,"master_deck":["hexamod:Sear","hexamod:Float","Magnetism+1","hexamod:SwordOfDarkness","downfall:Icky","downfall:Icky","hexamod:FlamesFromBeyond","downfall:Haunted","downfall:Haunted","hexamod:WildfireWeapon","downfall:Bewildered","hexamod:HexaLevel","expansioncontent:QuickStudy","hexamod:NecessarySacrifice","hexamod:GhostLash","hexamod:TimeOfNeed","expansioncontent:StudyTheSpire","hexamod:PowerFromBeyond","hexamod:StepThrough","hexamod:SpectersWail","hexamod:PowerFromBeyond","hexamod:SoulSteal","hexamod:GiftsFromTheDead","hexamod:HeatMetal","hexamod:NightmareStrike+1","hexamod:Incineration","hexamod:CouncilsJustice","hexamod:CouncilsJustice","hexamod:CouncilsJustice","Ghostly","Ghostly","Ghostly","hexamod:SwordOfDarkness+1"],"relics":["hexamod:SpiritBrand","Darkstone Periapt","Oddly Smooth Stone","Unceasing Top","Black Star","downfall:HeartBlessingBlue","Mummified Hand","Dead Branch","Frozen Egg 2"],"acts_visited":["Exordium","TheCity"],"potions_floor_usage":[10,11,11,16,19,25,26],"damage_taken":[{"damage":8,"enemies":"Jaw Worm","floor":2,"turns":3},{"damage":0,"enemies":"Small Slimes","floor":4,"turns":3},{"damage":0,"enemies":"downfall:FleeingMerchant","floor":8,"turns":4},{"damage":1,"enemies":"2 Louse","floor":9,"turns":2},{"damage":33,"enemies":"Gremlin Nob","floor":10,"turns":5},{"damage":11,"enemies":"downfall:FleeingMerchant","floor":11,"turns":4},{"damage":11,"enemies":"Lagavulin","floor":12,"turns":6},{"damage":12,"enemies":"2 Fungi Beasts","floor":13,"turns":4},{"damage":4,"enemies":"Blue Slaver","floor":14,"turns":4},{"damage":28,"enemies":"Large Slime","floor":15,"turns":6},{"damage":18,"enemies":"IC_STATUS_ARCHETYPE","floor":16,"turns":8},{"damage":26,"enemies":"3 Byrds","floor":19,"turns":4},{"damage":24,"enemies":"Spheric Guardian","floor":20,"turns":6},{"damage":35,"enemies":"Shelled Parasite and Fungi","floor":21,"turns":7},{"damage":7,"enemies":"Colosseum Nobs","floor":25,"turns":5},{"damage":27,"enemies":"Slavers","floor":26,"turns":1}],"seed_played":"655593226352506632","potions_obtained":[{"floor":4,"key":"Weak Potion"},{"floor":9,"key":"Explosive Potion"},{"floor":10,"key":"hexamod:DoubleChargePotion"},{"floor":13,"key":"Strength Potion"},{"floor":15,"key":"SmokeBomb"},{"floor":16,"key":"ColorlessPotion"},{"floor":20,"key":"Dexterity Potion"},{"floor":25,"key":"hexamod:EctoCoolerPotion"}],"is_trial":false,"path_per_floor":["R","M","?","M","?","?","T","$","M","E","$","E","M","M","M","B",null,"R","M","M","M","?","?","T","?","E"],"character_chosen":"THE_SPIRIT","items_purchased":["expansioncontent:QuickStudy","expansioncontent:StudyTheSpire","hexamod:PowerFromBeyond"],"campfire_rested":0,"item_purchase_floors":[8,11,11],"current_hp_per_floor":[70,62,62,62,97,97,97,97,96,63,52,41,29,25,20,2,105,115,89,65,30,30,30,30,23,0,0,0],"gold":229,"neow_bonus":"RANDOM_COLORLESS_2","is_daily":false,"chose_seed":false,"campfire_upgraded":1,"win_rate":0.0,"timestamp":1612145545,"path_taken":["R","M","?","M","?","?","T","$","M","E","?","E","?","M","M","BOSS","R","M","M","M","?","?","T","?","E"],"items_purchased_type":["Card","Card","Card"],"build_version":"2020-12-22","purchased_purges":2,"victory":false,"max_hp_per_floor":[70,70,70,70,105,105,105,105,105,105,105,105,105,105,105,105,105,115,115,115,115,57,57,57,57,57,57,57],"card_choices":[{"not_picked":["Mayhem","Master of Strategy"],"picked":"Magnetism","floor":0},{"not_picked":["hexamod:NightmareStrike","hexamod:ExtraCrispy"],"picked":"hexamod:SwordOfDarkness","floor":2},{"not_picked":["hexamod:NightmareGuise","hexamod:NightmareStrike"],"picked":"hexamod:FlamesFromBeyond","floor":4},{"not_picked":["hexamod:GhostflameBarrier","hexamod:ExtraCrispy"],"picked":"hexamod:HexaLevel","floor":8},{"not_picked":["hexamod:FlamesFromBeyond","hexamod:Hexaguard"],"picked":"hexamod:NecessarySacrifice","floor":9},{"not_picked":["hexamod:NightmareStrike","hexamod:BurningTouch"],"picked":"hexamod:GhostLash","floor":10},{"not_picked":["hexamod:Firestarter","hexamod:RetreatToShadows"],"picked":"hexamod:TimeOfNeed","floor":11},{"not_picked":["hexamod:RainOfEmbers","hexamod:BurningTouch"],"picked":"hexamod:StepThrough","floor":12},{"not_picked":["hexamod:HauntingEcho","hexamod:AdvancingGuard"],"picked":"hexamod:SpectersWail","floor":13},{"not_picked":["hexamod:Hexaguard","hexamod:Again"],"picked":"hexamod:PowerFromBeyond","floor":14},{"not_picked":["hexamod:HeatMetal","hexamod:FlamesFromBeyond"],"picked":"hexamod:SoulSteal","floor":15},{"not_picked":["hexamod:UnleashSpirits","hexamod:FifthSeal"],"picked":"hexamod:GiftsFromTheDead","floor":16},{"not_picked":["hexamod:BacktrackSmack+1","hexamod:NightmareGuise"],"picked":"hexamod:HeatMetal","floor":19},{"not_picked":["hexamod:GhostShield","hexamod:NightmareGuise"],"picked":"hexamod:NightmareStrike+1","floor":20},{"not_picked":["hexamod:NecessarySacrifice","hexamod:ThermalTransfer"],"picked":"hexamod:Incineration","floor":21},{"not_picked":["hexamod:HeatMetal","hexamod:Firestarter"],"picked":"hexamod:SwordOfDarkness+1","floor":25}],"player_experience":478514,"relics_obtained":[{"floor":10,"key":"Oddly Smooth Stone"},{"floor":12,"key":"Unceasing Top"},{"floor":24,"key":"Mummified Hand"},{"floor":25,"key":"Dead Branch"},{"floor":25,"key":"Frozen Egg 2"}],"event_choices":[],"is_beta":false,"boss_relics":[{"not_picked":["Tiny House","bronze:MakeshiftBattery"],"picked":"Black Star"}],"items_purged_floors":[8,11],"is_endless":false,"potions_floor_spawned":[4,9,10,13,15,16,20,25],"killed_by":"Slavers","ascension_level":1}}