{"host":"vca5odlxycr7xk6d","time":1612173292,"event":{"mods":["Act Like it!","Arknights","BaseMod","Better Note","BetterRewards","Gensokyo","GungeonMod","Hermit","Hubris","Infinite Spire","Marisa????????","Minty Spire (QoL Compilation)","Morshu Shopkeeper","Reimu??????","Replay The Spire","Shop Mod","Spire Arcade","StSLib","The Animator","The Cursed","The Fake Hero","The Poker Player"],"gold_per_floor":[114,114,132,132,132,158,158,184,184,201,201,218,218,232,232,337,337,348,348,348,226,244,244,244,244],"floor_reached":24,"language":"ENG","playtime":1483,"items_purged":["ats:Strike G"],"score":229,"play_id":"b4fbf4e8-cf1c-4b3f-8c93-433cf339a577","local_time":"20210201165452","is_ascension_mode":false,"campfire_choices":[{"data":"ats:Shadow Assault","floor":11,"key":"SMITH"},{"data":"ats:Hammer On","floor":13,"key":"SMITH"},{"data":"ats:Magnetic Hammer","floor":15,"key":"SMITH"},{"data":"ats:Calcification","floor":23,"key":"SMITH"}],"circlet_count":0,"master_deck":["ats:Strike C","ats:Strike S","ats:Strike V","ats:Armor Crushing Shot","ats:Defend","ats:Defend","ats:Defend","ats:Emotion Absorption+1","ats:Leaping Hammer+1","ats:Very Hot Blade","ats:Shadow Assault+1","ats:Thermite Blade","ats:Hammer On+1","ats:Guard Mode","ats:Magnetic Hammer+1","ats:Calcification+1","ats:Neurotoxin","ats:Serious Mode","ats:Explosion Area Strengthen","ats:Blood Oath"],"relics":["ats:Sanity","NeowsBlessing","Ring of Fangs","ats:Originium","DemoMod:PinkGuonStone","hubris:Metronome","Meat on the Bone","Replay:Accelerometer","SacredBark"],"acts_visited":["Exordium","TheCity"],"potions_floor_usage":[16,16,18,24],"damage_taken":[{"damage":0,"enemies":"Small Slimes","floor":1,"turns":1},{"damage":0,"enemies":"infinitespire:Voidling","floor":3,"turns":1},{"damage":0,"enemies":"Replay:BlueRogue","floor":6,"turns":1},{"damage":48,"enemies":"Lagavulin","floor":8,"turns":9},{"damage":0,"enemies":"2 Louse","floor":10,"turns":1},{"damage":11,"enemies":"Large Slime","floor":12,"turns":5},{"damage":4,"enemies":"2 Fungi Beasts","floor":14,"turns":2},{"damage":32,"enemies":"The Guardian","floor":16,"turns":9},{"damage":5,"enemies":"3 Byrds","floor":18,"turns":3},{"damage":36,"enemies":"Shell Parasite","floor":22,"turns":11},{"damage":47,"enemies":"Book of Stabbing","floor":24,"turns":7}],"seed_played":"7195744446694378060","potions_obtained":[{"floor":6,"key":"FearPotion"},{"floor":10,"key":"LiquidMemories"},{"floor":12,"key":"Explosive Potion"},{"floor":16,"key":"Elixir"},{"floor":22,"key":"Elixir"}],"is_trial":false,"path_per_floor":["M","?","M","?","?","E","?","E","T","M","R","M","R","M","R","B",null,"M","?","?","$","M","R","E"],"character_chosen":"DOCTOR_CLASS","items_purchased":["ats:Explosion Area Strengthen"],"campfire_rested":0,"item_purchase_floors":[21],"current_hp_per_floor":[72,72,72,72,72,79,79,31,31,43,43,44,44,40,40,20,79,74,74,74,74,42,42,0,0],"gold":244,"neow_bonus":"THREE_ENEMY_KILL","is_daily":false,"chose_seed":false,"campfire_upgraded":4,"win_rate":0.0,"timestamp":1612173292,"path_taken":["M","?","?","?","?","E","?","E","T","M","R","M","R","M","R","BOSS","M","?","?","$","M","R","E"],"items_purchased_type":["Card"],"build_version":"2020-12-22","purchased_purges":1,"victory":false,"max_hp_per_floor":[72,72,72,72,72,79,79,79,79,79,79,79,79,79,79,79,79,79,79,79,79,79,79,79,79],"card_choices":[{"not_picked":["ats:Guardian Obelisk","ats:Ignite"],"picked":"ats:Leaping Hammer","floor":1},{"not_picked":["ats:Red Shift","ats:Ignite"],"picked":"ats:Very Hot Blade","floor":3},{"not_picked":["ats:Soul Absorption","ats:Hammer On"],"picked":"ats:Shadow Assault","floor":6},{"not_picked":["ats:Apocalypse","ats:Poison Spread"],"picked":"ats:Thermite Blade","floor":8},{"not_picked":["ats:Flame Of Heaven","ats:Powerful Strike"],"picked":"ats:Hammer On","floor":10},{"not_picked":["ats:Absolute Focus","ats:Guardian Obelisk"],"picked":"ats:Guard Mode","floor":12},{"not_picked":["ats:Chain Hook","ats:Curse Doll"],"picked":"ats:Magnetic Hammer","floor":14},{"not_picked":["ats:Wolf Pack","ats:Roar Of Ursus"],"picked":"ats:Calcification","floor":16},{"not_picked":["ats:Literary Storm","ats:Burning Ground"],"picked":"ats:Neurotoxin","floor":18},{"not_picked":["ats:Hammer On+1","ats:Chain Hook"],"picked":"ats:Blood Oath","floor":22}],"player_experience":529850,"relics_obtained":[{"floor":5,"key":"Ring of Fangs"},{"floor":6,"key":"ats:Originium"},{"floor":6,"key":"DemoMod:PinkGuonStone"},{"floor":7,"key":"hubris:Metronome"},{"floor":8,"key":"ats:Originium"},{"floor":8,"key":"Meat on the Bone"},{"floor":9,"key":"Replay:Accelerometer"}],"event_choices":[{"damage_healed":0,"gold_gain":0,"player_choice":"Upgraded","damage_taken":0,"max_hp_gain":0,"max_hp_loss":0,"event_name":"Upgrade Shrine","floor":2,"gold_loss":0,"cards_upgraded":["ats:Leaping Hammer"]},{"damage_healed":0,"gold_gain":0,"cards_transformed":["ats:Defend"],"player_choice":"Transformed","damage_taken":0,"max_hp_gain":0,"max_hp_loss":0,"event_name":"Transmorgrifier","floor":19,"gold_loss":0,"cards_obtained":["ats:Serious Mode"]},{"cards_removed":["ats:Strike V"],"damage_healed":0,"gold_gain":0,"player_choice":"Give","damage_taken":0,"max_hp_gain":0,"max_hp_loss":0,"event_name":"betterNote:BetterNote","floor":20,"gold_loss":0,"cards_obtained":["hermit:Strike_Hermit"]}],"is_beta":false,"boss_relics":[{"not_picked":["Runic Dome","Kintsugi"],"picked":"SacredBark"}],"items_purged_floors":[21],"is_endless":false,"potions_floor_spawned":[6,10,12,16,22],"killed_by":"Book of Stabbing","ascension_level":0}}