{"host":"rzpi613efy9j52u4","time":1612200549,"event":{"mods":["Aspiration","BaseMod","BetterRewards","Colored Powertips","Downfall","Googly Eyes","Hubris","Infinite Spire","Minty Spire (QoL Compilation)","Rare Cards Sparkle","Shop Mod","StSLib","The Cursed","The Disciple","The Hierophant","The Necromancer","The Poker Player"],"gold_per_floor":[116,128,144,56,56,85,105,121,121,131,48,64,64,64,64,192,192,212,231,156,156,156,156,177,177,177,177,27,27,62,106,106,227,227,241,241,241,25,45,45,65,165,165,16,42,57,57,57,57,57],"floor_reached":51,"language":"ENG","playtime":3251,"items_purged":["Injury"],"score":933,"play_id":"f2e04135-1888-4151-9df8-af1afa50238e","local_time":"20210201122909","daily_mods":["Vintage","Heirloom","Time Dilation","Flight","downfall:Lament"],"is_ascension_mode":false,"campfire_choices":[{"data":"Finesse","floor":15,"key":"SMITH"},{"data":"RitualDagger","floor":23,"key":"SMITH"},{"floor":25,"key":"REST"},{"data":"Iron Wave","floor":32,"key":"SMITH"},{"data":"Seeing Red","floor":40,"key":"SMITH"},{"data":"infinitespire:FinalStrike","floor":49,"key":"SMITH"}],"circlet_count":0,"master_deck":["Strike_R+1","Strike_R+1","Strike_R+1","Strike_R+1","Strike_R+1","Defend_R+1","Defend_R+1","Defend_R+1","Defend_R+1","Bash","Finesse+1","Rupture+1","Impatience","Juggernaut+1","RitualDagger+1","Clash+1","Iron Wave+1","Barricade+1","infinitespire:FinalStrike+1","Dark Shackles","Seeing Red+1","Twin Strike","Shrug It Off","Madness","Swift Strike"],"relics":["Burning Blood","NeowsBlessing","infinitespire:Joker Card","Frozen Egg 2","hubris:FunFungus","hubris:SlimyHat","CultistMask","infinitespire:Lucky Rock","Blue Candle","Pen Nib","Ornamental Fan","Calipers","Red Skull","Golden Idol","Sozu","infinitespire:Satchel","FossilizedHelix","Cauldron","aspiration:TomeofQuesting","Matryoshka","Vajra","infinitespire:PuzzleCube","Magic Flower","hubris:HollowSoul","Pantograph","hubris:Spice","Eternal Feather","Akabeko"],"acts_visited":["Exordium","TheCity","TheBeyond"],"potions_floor_usage":[8,16,24,41],"damage_taken":[{"damage":0,"enemies":"Jaw Worm","floor":1,"turns":1},{"damage":0,"enemies":"Cultist","floor":2,"turns":1},{"damage":0,"enemies":"Small Slimes","floor":3,"turns":1},{"damage":18,"enemies":"3 Sentries","floor":6,"turns":8},{"damage":16,"enemies":"2 Fungi Beasts","floor":7,"turns":3},{"damage":17,"enemies":"Gremlin Gang","floor":8,"turns":5},{"damage":15,"enemies":"Looter","floor":10,"turns":3},{"damage":3,"enemies":"Blue Slaver","floor":12,"turns":3},{"damage":9,"enemies":"Slime Boss","floor":16,"turns":10},{"damage":28,"enemies":"2 Thieves","floor":18,"turns":5},{"damage":14,"enemies":"Shell Parasite","floor":19,"turns":4},{"damage":19,"enemies":"Centurion and Healer","floor":24,"turns":5},{"damage":10,"enemies":"Book of Stabbing","floor":30,"turns":3},{"damage":0,"enemies":"Gremlin Leader","floor":31,"turns":4},{"damage":0,"enemies":"Champ","floor":33,"turns":7},{"damage":0,"enemies":"Orb Walker","floor":35,"turns":3},{"damage":16,"enemies":"3 Shapes","floor":39,"turns":3},{"damage":24,"enemies":"Jaw Worm Horde","floor":41,"turns":3},{"damage":0,"enemies":"3 Darklings","floor":46,"turns":4},{"damage":36,"enemies":"Donu and Deca","floor":50,"turns":8}],"seed_played":"-4106380800285415433","potions_obtained":[{"floor":3,"key":"LiquidBronze"},{"floor":8,"key":"PowerPotion"},{"floor":12,"key":"Regen Potion"},{"floor":16,"key":"Regen Potion"}],"is_trial":true,"path_per_floor":["M","M","M","$","?","E","M","M","T","M","$","M","?","?","R","B",null,"M","M","$","AVR","?","R","M","R","T","?","$","?","E","E","R","B",null,"M","?","?","$","M","R","M","?","T","$","T","M","$","?","R","B",null],"character_chosen":"IRONCLAD","items_purchased":["Finesse","Impatience","Vajra","Dark Shackles","Seeing Red","Twin Strike","Shrug It Off","Madness"],"campfire_rested":1,"item_purchase_floors":[4,11,28,38,38,38,44,44],"current_hp_per_floor":[80,80,80,80,80,68,58,47,47,38,38,41,41,41,41,38,80,58,50,50,50,44,44,36,60,60,60,60,60,56,62,62,71,80,80,61,61,61,62,62,63,63,63,63,63,72,72,72,72,45],"gold":57,"neow_bonus":"","is_daily":false,"chose_seed":false,"campfire_upgraded":5,"win_rate":0.0,"timestamp":1612200549,"path_taken":["M","M","M","$","?","E","M","?","T","M","$","M","?","?","R","BOSS","M","?","$","AVR","?","R","M","R","T","?","$","?","E","E","R","BOSS","M","?","?","$","?","R","M","?","T","?","?","?","?","?","R","BOSS"],"items_purchased_type":["Card","Card","Relic","Card","Card","Card","Card","Card"],"build_version":"2020-12-13","purchased_purges":1,"victory":true,"max_hp_per_floor":[80,80,80,80,80,80,80,80,80,80,80,80,80,80,80,80,80,80,80,80,80,80,80,80,80,80,80,80,80,80,80,80,80,80,80,80,80,80,88,88,96,96,88,88,72,72,72,72,72,72],"card_choices":[{"not_picked":["Impervious","Sword Boomerang"],"picked":"Rupture+1","floor":6},{"not_picked":["Limit Break","Brutality+1"],"picked":"Juggernaut+1","floor":16},{"not_picked":["hubris:SharpeningStone","Sentinel+1"],"picked":"Clash+1","floor":30},{"not_picked":["Headbutt","Clothesline"],"picked":"Iron Wave","floor":31},{"not_picked":["Double Tap","Feed"],"picked":"Barricade+1","floor":33},{"not_picked":["infinitespire:FutureSight","infinitespire:Gouge"],"picked":"infinitespire:FinalStrike","floor":36},{"not_picked":["Impatience","Madness"],"picked":"Swift Strike","floor":48}],"player_experience":95934,"relics_obtained":[{"floor":1,"key":"Frozen Egg 2"},{"floor":2,"key":"hubris:FunFungus"},{"floor":3,"key":"hubris:SlimyHat"},{"floor":6,"key":"infinitespire:Lucky Rock"},{"floor":7,"key":"Blue Candle"},{"floor":8,"key":"Pen Nib"},{"floor":9,"key":"Ornamental Fan"},{"floor":10,"key":"Calipers"},{"floor":12,"key":"Red Skull"},{"floor":18,"key":"infinitespire:Satchel"},{"floor":19,"key":"FossilizedHelix"},{"floor":24,"key":"aspiration:TomeofQuesting"},{"floor":26,"key":"Matryoshka"},{"floor":30,"key":"infinitespire:PuzzleCube"},{"floor":31,"key":"Magic Flower"},{"floor":35,"key":"Pantograph"},{"floor":39,"key":"hubris:Spice"},{"floor":41,"key":"hubris:Spice"},{"floor":43,"key":"hubris:Spice"},{"floor":43,"key":"Eternal Feather"},{"floor":45,"key":"hubris:Spice"},{"floor":45,"key":"hubris:Spice"},{"floor":46,"key":"Akabeko"}],"event_choices":[{"damage_healed":0,"gold_gain":0,"player_choice":"Trade","damage_taken":0,"relics_obtained":["CultistMask"],"max_hp_gain":0,"max_hp_loss":0,"event_name":"FaceTrader","floor":5,"gold_loss":0},{"damage_healed":0,"gold_gain":0,"player_choice":"Take Wound","damage_taken":0,"relics_obtained":["Golden Idol"],"max_hp_gain":0,"max_hp_loss":0,"event_name":"Golden Idol","floor":13,"gold_loss":0,"cards_obtained":["Injury"]},{"damage_healed":0,"gold_gain":0,"player_choice":"Ignored","damage_taken":0,"max_hp_gain":0,"max_hp_loss":0,"event_name":"NoteForYourself","floor":14,"gold_loss":0},{"damage_healed":0,"gold_gain":0,"player_choice":"Joined the Cult","damage_taken":6,"max_hp_gain":0,"max_hp_loss":0,"event_name":"Nest","floor":22,"gold_loss":0,"cards_obtained":["RitualDagger"]},{"damage_healed":0,"gold_gain":0,"player_choice":"Ignored","damage_taken":0,"max_hp_gain":0,"max_hp_loss":0,"event_name":"Beggar","floor":27,"gold_loss":0},{"damage_healed":0,"gold_gain":0,"player_choice":"Simplicity","damage_taken":0,"max_hp_gain":0,"max_hp_loss":0,"event_name":"Back to Basics","floor":29,"gold_loss":0,"cards_upgraded":["Strike_R","Strike_R","Strike_R","Strike_R","Strike_R","Defend_R","Defend_R","Defend_R","Defend_R"]},{"damage_healed":0,"gold_gain":0,"player_choice":"Ignored","damage_taken":0,"max_hp_gain":0,"max_hp_loss":0,"event_name":"Purifier","floor":37,"gold_loss":0},{"damage_healed":0,"gold_gain":100,"player_choice":"Pray","damage_taken":0,"max_hp_gain":0,"max_hp_loss":0,"event_name":"Golden Shrine","floor":42,"gold_loss":0},{"damage_healed":0,"gold_gain":0,"player_choice":"Memory 1","damage_taken":0,"max_hp_gain":0,"max_hp_loss":0,"event_name":"SensoryStone","floor":48,"gold_loss":0}],"is_beta":false,"boss_relics":[{"not_picked":["Pandora\u0027s Box","aspiration:RitualDagger"],"picked":"Sozu"},{"not_picked":["aspiration:SecretTechniqueScroll","Velvet Choker"],"picked":"hubris:HollowSoul"}],"items_purged_floors":[20],"is_endless":false,"potions_floor_spawned":[3,8,12,16,18,19,24,41],"ascension_level":0}}