{"host":"lxihx0b6awoz2w1j","time":1612221862,"event":{"mods":["Act Like it!","Ascension Reborn","BaseMod","Better Third Choice","BetterRewards","CapriCore","Colored Powertips","Conspire","Downfall","Fox Events","Gensokyo","Hermit","Hubris","Infinite Spire","JesterMod","Luminous","Melee Mod","Minty Spire (QoL Compilation)","Permanent Neow","Prisma Mod","Quick Restart","Relic Stats","Reliquary","Replay The Spire","Shade Mod","Spicy Shops","StSLib","Td1madao Mod","The Alterego","The Blue Laboratory","The Construct","The Cursed","The Death Knight","The Disciple","The Forsaken","The Gatherer","The Immortal","The Jungle","The Marked","The Mystic","The Runesmith","The Senshi","The Servant 0.9.4","The Spell Scribe","Waifu the Spire"],"gold_per_floor":[115,126,126,126,142,142,142],"floor_reached":6,"language":"ENG","playtime":305,"items_purged":[],"score":36,"play_id":"a3c3378c-db0d-4a88-8172-9e9a2258e0a7","local_time":"20210202002422","is_ascension_mode":false,"campfire_choices":[],"circlet_count":0,"master_deck":["alterego_mod:Strike","alterego_mod:Strike","alterego_mod:Strike","alterego_mod:Strike","alterego_mod:Defend+1","alterego_mod:Defend","alterego_mod:Defend","alterego_mod:Defend","alterego_mod:Impale+1","alterego_mod:BrynhildrsRune","alterego_mod:Support","alterego_mod:Maid+1","alterego_mod:BusterCard","alterego_mod:BusterCard","alterego_mod:BiFurious","alterego_mod:Undulate"],"relics":["alterego_mod:MasochisticConstitution","theForsaken:Lifeblossom","Pondfish Scales"],"acts_visited":["Exordium"],"potions_floor_usage":[],"damage_taken":[{"damage":2,"enemies":"Cultist","floor":1,"turns":5},{"damage":5,"enemies":"Small Slimes","floor":2,"turns":4},{"damage":3,"enemies":"Jaw Worm","floor":5,"turns":4},{"damage":36,"enemies":"Lagavulin","floor":6,"turns":11}],"seed_played":"1934973683701050008","potions_obtained":[],"is_trial":false,"path_per_floor":["M","M","?","?","M","E"],"character_chosen":"The_Alterego","items_purchased":["alterego_mod:Support","theForsaken:Lifeblossom","alterego_mod:Maid"],"campfire_rested":0,"item_purchase_floors":[0,0,0],"current_hp_per_floor":[71,72,58,58,69,38,38],"gold":142,"neow_bonus":"","is_daily":false,"chose_seed":false,"campfire_upgraded":0,"win_rate":0.0,"timestamp":1612221862,"path_taken":["M","M","?","?","M","E"],"items_purchased_type":["Card","Relic","Card"],"build_version":"2020-12-22","purchased_purges":0,"victory":false,"max_hp_per_floor":[71,72,72,72,73,73,73],"relic_stats":{"counters":[4,24],"obtain_stats":[{"alterego_mod:MasochisticConstitution":0,"Pondfish Scales":0,"Mango":0,"theForsaken:Lifeblossom":0,"Replay:Wax Seal":0},{"alterego_mod:MasochisticConstitution":0,"Pondfish Scales":0,"Mango":0,"theForsaken:Lifeblossom":0,"Replay:Wax Seal":0},{"alterego_mod:MasochisticConstitution":0,"Pondfish Scales":0,"Mango":0,"theForsaken:Lifeblossom":0,"Replay:Wax Seal":0}]},"card_choices":[{"not_picked":["alterego_mod:Santa","alterego_mod:GachaTicket"],"picked":"alterego_mod:BusterCard","floor":1},{"not_picked":["alterego_mod:Jiggle","alterego_mod:Belle"],"picked":"alterego_mod:BiFurious","floor":2},{"not_picked":["alterego_mod:Skirt","alterego_mod:SakuraPetals"],"picked":"alterego_mod:Undulate","floor":5}],"player_experience":699777,"relics_obtained":[],"event_choices":[{"damage_healed":72,"gold_gain":0,"player_choice":"Upgrade","damage_taken":14,"max_hp_gain":0,"max_hp_loss":72,"event_name":"betterThird:BetterShining","floor":3,"gold_loss":0,"cards_upgraded":["alterego_mod:Defend","alterego_mod:Maid"]},{"damage_healed":0,"gold_gain":0,"player_choice":"Grow","damage_taken":0,"max_hp_gain":0,"max_hp_loss":0,"event_name":"Living Wall","floor":4,"gold_loss":0,"cards_upgraded":["alterego_mod:Impale"]}],"is_beta":false,"boss_relics":[],"items_purged_floors":[],"is_endless":false,"potions_floor_spawned":[],"killed_by":"Lagavulin","ascension_level":0}}