{"host":"4a0aa7b2d8dxohwr","time":1612191233,"event":{"mods":["ATMod(∞¢Ë™Mod)","Act Like it!","BaseMod","Dota2Spire","Friendly Minions","Gensokyo","GifTheSpireLib","GungeonMod","Marisa£®ÏF”Í°°ƒß¿Ì…≥£©","Minty Spire (QoL Compilation)","Reimu£®≤©¿ˆ¡È√Œ£©","Reliquary","Remilia£®¿Ÿ√◊¿Ú—«£©","Shop Mod","StSLib","The Cursed","The Senshi","The Servant 0.9.4","Youmu£®ªÍ∆«—˝√Œ£©","[IsaacMod]“‘»ˆº‚À˛","°æ“≈ŒÔø®≈∆°øREMEMod"],"gold_per_floor":[115,126,126,25,40,340,371,388,388,399,279,307,325,338,338,435,435,455,467,147,215,235,264,284,294,294,321,321,271,130,144,144,547,547,560,139,158,458,769,797,797,832,832,228,228,239,289,309,309,309],"floor_reached":51,"language":"ZHS","playtime":3988,"items_purged":["Strike_R","Strike_R","Strike_R","Strike_R"],"score":1181,"play_id":"bde7384f-f6e4-469d-bcc8-13b500226c6f","local_time":"20210201225353","is_ascension_mode":true,"campfire_choices":[{"data":"AT_FamilyPortrait","floor":15.0,"key":"SMITH"},{"data":"Armaments","floor":28,"key":"SMITH"},{"data":"Body Slam","floor":32,"key":"SMITH"},{"data":"Corruption","floor":41,"key":"SMITH"},{"data":"Strike_R","floor":49,"key":"PURGE"}],"circlet_count":0,"master_deck":["Defend_R","Defend_R","Defend_R","Defend_R","Bash","AT_FamilyPortrait+1","Shockwave","Armaments+1","Strike_R","AT_BodySlamDance","Whirlwind","Pommel Strike","Flame Barrier","Sentinel","Impervious","Body Slam+1","AT_DrawKnifeCut","REME_ACTH","REME_Cut","True Grit+1","Corruption+1","Iron Wave+1","Inflame+1","AT_ShrugMaster+1"],"relics":["Burning Blood","HushsDoor","AT_ATBox","REME_ComplimentaryCards","DoctorsRemote","Tiny Chest","DemoMod:MemoryAlloy","DeadEye","reliquary:PorcupineQuills","Dota2Spire:Bloodstone","Dota2Spire:ShadowBlade","AT_TimeSand","DemoMod:WhiteGuonStone","Toxic Egg 2","Bronze Scales","Coffee Dripper","Peace Pipe","BlankCard","Molten Egg 2","Pocketwatch","Frozen Egg 2","Toolbox","MerchantsRug","DemoMod:DecoyRelic","PokeGo"],"acts_visited":["Exordium","Gensokyo:Gensokyo","TheBeyond"],"potions_floor_usage":[16,22,33,33,39,39,40,47],"damage_taken":[{"damage":0.0,"enemies":"Gensokyo:2_Kodama","floor":1.0,"turns":2.0},{"damage":9.0,"enemies":"Gensokyo:3_Fairies","floor":2.0,"turns":5.0},{"damage":0.0,"enemies":"Gensokyo:Python","floor":5.0,"turns":2.0},{"damage":61.0,"enemies":"Gensokyo:Cirno","floor":7.0,"turns":10.0},{"damage":4.0,"enemies":"Gensokyo:CorruptedTreant","floor":8.0,"turns":4.0},{"damage":9.0,"enemies":"Gensokyo:VengefulSpirit","floor":10.0,"turns":6.0},{"damage":9.0,"enemies":"Gensokyo:Mamizou","floor":12.0,"turns":8.0},{"damage":0.0,"enemies":"Gensokyo:LivingMonolith","floor":13.0,"turns":3.0},{"damage":8.0,"enemies":"Gensokyo:Gryphon_and_Rabbit","floor":14.0,"turns":3.0},{"damage":2,"enemies":"Gensokyo:Reimu","floor":16,"turns":7},{"damage":1,"enemies":"Gensokyo:AngelMirror","floor":18,"turns":5},{"damage":15,"enemies":"Gensokyo:2_Gloops","floor":19,"turns":5},{"damage":0,"enemies":"Gensokyo:Wraith","floor":22,"turns":5},{"damage":20,"enemies":"Gensokyo:Koishi","floor":23,"turns":5},{"damage":9,"enemies":"Gensokyo:3_Gloops","floor":24,"turns":4},{"damage":6,"enemies":"Gensokyo:Chomper_and_Gloop","floor":25,"turns":3},{"damage":2,"enemies":"Gensokyo:Reisen","floor":27,"turns":5},{"damage":0,"enemies":"Gensokyo:Swordslinger","floor":31,"turns":5},{"damage":49,"enemies":"Gensokyo:Eternal_Rivals","floor":33,"turns":7},{"damage":0,"enemies":"Orb Walker","floor":35,"turns":2},{"damage":0,"enemies":"3 Shapes","floor":37,"turns":3},{"damage":2,"enemies":"Spire Growth","floor":39,"turns":5},{"damage":6,"enemies":"Nemesis","floor":40,"turns":5},{"damage":4,"enemies":"Giant Head","floor":42,"turns":5},{"damage":0,"enemies":"Sphere and 2 Shapes","floor":46,"turns":4},{"damage":14,"enemies":"Mind Bloom Boss Battle","floor":47,"turns":4},{"damage":2,"enemies":"Jaw Worm Horde","floor":48,"turns":4},{"damage":16,"enemies":"Donu and Deca","floor":50,"turns":4}],"seed_played":"-4909327049012531395","potions_obtained":[{"floor":1.0,"key":"Dota2Spire:Clarity"},{"floor":5.0,"key":"Dexterity Potion"},{"floor":12.0,"key":"LiquidBronze"},{"floor":13.0,"key":"DemoMod:LeadSkinPotion"},{"floor":24,"key":"FearPotion"},{"floor":31,"key":"DemoMod:LeadSkinPotion"},{"floor":33,"key":"FearPotion"},{"floor":35,"key":"DistilledChaos"},{"floor":39,"key":"REME_GoldPotion"},{"floor":48,"key":"BloodPotion"}],"is_trial":false,"path_per_floor":["M","M","?","$","M","?","E","M","T","M","COS","E","M","M","R","B",null,"M","M","$","T","M","E","M","M","T","E","R","?","COS","M","R","B",null,"M","$","M","?","M","E","R","E","T","$","T","M","?","M","R","B",null],"character_chosen":"IRONCLAD","items_purchased":["AT_BodySlamDance","AT_DrawKnifeCut","Dota2Spire:ShadowBlade","BlankCard","Toolbox","Inflame+1","PowerPotion","PowerPotion","MerchantsRug"],"campfire_rested":0,"item_purchase_floors":[4,20,20,36,44,44,44,44,44],"current_hp_per_floor":[78,75,75,75,80,80,25,27,27,24,24,21,27,25,25,29,67,72,63,63,63,69,55,52,52,52,80,80,87,87,87,87,44,76,82,82,87,87,87,87,87,87,87,87,87,87,80,84,84,74],"gold":309,"neow_bonus":"RANDOM_COMMON_RELIC","is_daily":false,"chose_seed":false,"campfire_upgraded":4,"win_rate":0.0,"timestamp":1612191233,"path_taken":["M","M","?","$","M","?","E","?","T","M","COS","E","M","M","R","BOSS","M","M","$","?","M","E","M","M","T","E","R","?","COS","M","R","BOSS","M","$","?","?","M","E","R","E","T","$","?","?","?","M","R","BOSS"],"items_purchased_type":["Card","Card","Relic","Relic","Relic","Card","Potion","Potion","Relic"],"build_version":"2020-12-22","purchased_purges":4,"victory":true,"max_hp_per_floor":[80,80,80,80,80,80,80,80,80,80,80,80,80,80,80,80,80,80,80,80,80,80,80,80,80,80,80,80,87,87,87,87,87,87,87,87,87,87,87,87,87,87,87,87,87,87,87,87,87,87],"card_choices":[{"not_picked":["Headbutt","Twin Strike"],"picked":"Shockwave","floor":1.0},{"not_picked":["Power Through","Heavy Blade"],"picked":"Armaments","floor":2.0},{"not_picked":["Flex","Intimidate","Dual Wield"],"picked":"SKIP","floor":5.0},{"not_picked":["REME_FearOfPain","Warcry"],"picked":"Whirlwind","floor":7.0},{"not_picked":["Fiend Fire","AT_IchimonjiDouble"],"picked":"Pommel Strike","floor":8.0},{"not_picked":["Heavy Blade","Wild Strike","Metallicize"],"picked":"SKIP","floor":10.0},{"not_picked":["Fiend Fire","Cleave"],"picked":"Flame Barrier","floor":12.0},{"not_picked":["Carnage","Cleave"],"picked":"Sentinel","floor":13.0},{"not_picked":["Havoc","Anger","Headbutt"],"picked":"SKIP","floor":14.0},{"not_picked":["Exhume","Berserk"],"picked":"Impervious","floor":16},{"not_picked":["Perfected Strike","Flex"],"picked":"Body Slam","floor":18},{"not_picked":["Headbutt","Havoc","Clothesline"],"picked":"SKIP","floor":19},{"not_picked":["Sword Boomerang","Twin Strike+1","Warcry+1"],"picked":"SKIP","floor":22},{"not_picked":["Sword Boomerang","Inflame"],"picked":"REME_ACTH","floor":23},{"not_picked":["Shrug It Off","Anger+1"],"picked":"REME_Cut","floor":24},{"not_picked":["Cleave","REME_SingleHolding","Perfected Strike"],"picked":"SKIP","floor":25},{"not_picked":["Cleave","DemoMod:BlackBlade"],"picked":"True Grit+1","floor":27},{"not_picked":["Power Through+1","Rupture","Sword Boomerang"],"picked":"SKIP","floor":31},{"not_picked":["Demon Form","Immolate"],"picked":"Corruption","floor":33},{"not_picked":["Wild Strike","Evolve","Second Wind+1"],"picked":"SKIP","floor":35},{"not_picked":["Clothesline","Sword Boomerang","Rampage"],"picked":"SKIP","floor":37},{"not_picked":["Dark Embrace+1","Armaments+1","Flex+1"],"picked":"SKIP","floor":39},{"not_picked":["AT_DiedThrough+1","REME_Scribble+1"],"picked":"Iron Wave+1","floor":40},{"not_picked":["Rampage+1","Havoc+1","Sword Boomerang+1"],"picked":"SKIP","floor":42},{"not_picked":["Clash+1","Wild Strike+1","Battle Trance+1"],"picked":"SKIP","floor":46},{"not_picked":["Combust+1","Rampage+1"],"picked":"AT_ShrugMaster+1","floor":48}],"player_experience":536320,"relics_obtained":[{"floor":7.0,"key":"DemoMod:MemoryAlloy"},{"floor":12.0,"key":"DeadEye"},{"floor":21,"key":"AT_TimeSand"},{"floor":23,"key":"DemoMod:WhiteGuonStone"},{"floor":26,"key":"Toxic Egg 2"},{"floor":27,"key":"Bronze Scales"},{"floor":40,"key":"Molten Egg 2"},{"floor":42,"key":"Pocketwatch"},{"floor":43,"key":"Frozen Egg 2"},{"floor":45,"key":"DemoMod:DecoyRelic"},{"floor":47,"key":"PokeGo"}],"event_choices":[{"damage_healed":0,"gold_gain":0,"player_choice":"Fight","damage_taken":0,"max_hp_gain":0,"max_hp_loss":0,"event_name":"MindBloom","floor":47,"gold_loss":0}],"is_beta":false,"boss_relics":[{"not_picked":["reliquary:KinkedSpring","Snecko Eye"],"picked":"Dota2Spire:Bloodstone"},{"not_picked":[]},{"not_picked":["Runic Cube","reliquary:Craggleroot"],"picked":"Coffee Dripper"},{"not_picked":[]}],"items_purged_floors":[4,20,36,44],"is_endless":false,"potions_floor_spawned":[1,5,12,13,14,24,25,31,33,35,37,39,46,48],"ascension_level":7}}