{"host":"by8i6f8xc0ywpsd5","time":1612203539,"event":{"mods":["BaseMod","Colored Map","Minty Spire (QoL Compilation)","Relic Stats"],"gold_per_floor":[13,29,48,48,123,123,141,153,153,153,183,193,203,229,229,306,306,325,325,90,90,105,133,133,149,172,203,203,203,203,48,48,48,48],"floor_reached":33,"language":"ENG","playtime":1190,"items_purged":["Strike_R"],"score":615,"play_id":"422f8479-26b0-456e-b0a8-d140b71c2f28","local_time":"20210201201859","is_ascension_mode":true,"campfire_choices":[{"data":"Carnage","floor":6.0,"key":"SMITH"},{"data":"Carnage","floor":15.0,"key":"SMITH"},{"floor":24,"key":"REST"},{"data":"Double Tap","floor":30,"key":"SMITH"},{"data":"Shockwave","floor":32,"key":"SMITH"}],"circlet_count":0,"master_deck":["AscendersBane","Strike_R+1","Strike_R+1","Strike_R+1","Strike_R+1","Defend_R+1","Defend_R+1","Defend_R+1","Defend_R+1","Bash","Anger","Carnage+1","Battle Trance","Carnage+1","Ghostly Armor","Shockwave+1","Spot Weakness","Double Tap+1","Shrug It Off+1","RitualDagger","Whirlwind+1","Offering"],"relics":["Burning Blood","Incense Burner","Mercury Hourglass","Singing Bowl","Frozen Egg 2","Regal Pillow","Sozu","Bronze Scales","WingedGreaves","Anchor","TungstenRod","Mango"],"acts_visited":["Exordium","TheCity"],"potions_floor_usage":[16,27],"damage_taken":[{"damage":9.0,"enemies":"Jaw Worm","floor":1.0,"turns":4.0},{"damage":2.0,"enemies":"2 Louse","floor":2.0,"turns":6.0},{"damage":0.0,"enemies":"Small Slimes","floor":3.0,"turns":4.0},{"damage":18.0,"enemies":"3 Louse","floor":7.0,"turns":3.0},{"damage":9.0,"enemies":"2 Fungi Beasts","floor":8.0,"turns":5.0},{"damage":5.0,"enemies":"3 Sentries","floor":11.0,"turns":6.0},{"damage":5.0,"enemies":"Red Slaver","floor":12.0,"turns":6.0},{"damage":4.0,"enemies":"Large Slime","floor":13.0,"turns":5.0},{"damage":6.0,"enemies":"Gremlin Nob","floor":14.0,"turns":4.0},{"damage":36,"enemies":"Slime Boss","floor":16,"turns":10},{"damage":1,"enemies":"3 Byrds","floor":18,"turns":5},{"damage":13,"enemies":"Chosen","floor":22,"turns":6},{"damage":29,"enemies":"Slavers","floor":23,"turns":5},{"damage":0,"enemies":"3 Cultists","floor":25,"turns":4},{"damage":61,"enemies":"Book of Stabbing","floor":27,"turns":5},{"damage":47,"enemies":"Collector","floor":33,"turns":3}],"seed_played":"3148485706385550042","potions_obtained":[{"floor":1.0,"key":"Strength Potion"},{"floor":8.0,"key":"GamblersBrew"},{"floor":11.0,"key":"PowerPotion"}],"is_trial":false,"path_per_floor":["M","M","M","?","?","R","M","M","T","?","E","M","M","E","R","B",null,"M","?","$","?","M","E","R","M","T","E","?","T","R","$","R","B"],"character_chosen":"IRONCLAD","items_purchased":["Bronze Scales","Offering"],"campfire_rested":1,"item_purchase_floors":[20,31],"current_hp_per_floor":[65,69,75,75,64,64,52,49,49,31,32,35,39,39,39,9,62,67,61,61,55,50,29,68,74,74,21,21,35,35,35,35,0,0],"gold":48,"neow_bonus":"ONE_RARE_RELIC","is_daily":false,"chose_seed":false,"campfire_upgraded":4,"win_rate":0.0,"timestamp":1612203539,"path_taken":["M","M","M","?","?","R","?","M","T","?","E","M","M","E","R","BOSS","M","?","$","?","?","E","R","M","T","E","?","?","R","$","R","BOSS"],"items_purchased_type":["Relic","Card"],"build_version":"2020-12-22","purchased_purges":1,"victory":false,"max_hp_per_floor":[75,75,75,75,75,75,75,75,75,75,75,77,79,79,79,79,79,79,79,79,79,81,83,83,83,83,85,85,99,99,99,99,99,99],"relic_stats":{"Sozu":2,"Regal Pillow":15,"Singing Bowl":10,"counters":[16,79],"Bronze Scales":[96],"obtain_stats":[{"Sozu":17,"Regal Pillow":14,"Anchor":26,"Singing Bowl":10,"Bronze Scales":20,"Mango":29,"WingedGreaves":23,"Incense Burner":0,"Frozen Egg 2":11,"Burning Blood":0,"TungstenRod":27,"Mercury Hourglass":9},{"Sozu":10,"Regal Pillow":9,"Anchor":14,"Singing Bowl":5,"Bronze Scales":11,"Mango":15,"WingedGreaves":13,"Incense Burner":0,"Frozen Egg 2":6,"Burning Blood":0,"TungstenRod":15,"Mercury Hourglass":5},{"Sozu":51,"Regal Pillow":42,"Anchor":71,"Singing Bowl":22,"Bronze Scales":56,"Mango":76,"WingedGreaves":67,"Incense Burner":0,"Frozen Egg 2":28,"Burning Blood":0,"TungstenRod":76,"Mercury Hourglass":22}],"Burning Blood":90,"TungstenRod":5,"Mercury Hourglass":[256]},"card_choices":[{"not_picked":["Combust","Headbutt"],"picked":"Anger","floor":1.0},{"not_picked":["Shrug It Off","Entrench"],"picked":"Carnage","floor":2.0},{"not_picked":["Thunderclap","Warcry"],"picked":"Battle Trance","floor":3.0},{"not_picked":["Armaments","Spot Weakness"],"picked":"Carnage","floor":7.0},{"not_picked":["Armaments","Body Slam"],"picked":"Ghostly Armor","floor":8.0},{"not_picked":["Iron Wave","Clash"],"picked":"Shockwave","floor":11.0},{"not_picked":["Perfected Strike","Twin Strike","Rage"],"picked":"Singing Bowl","floor":12.0},{"not_picked":["Anger","Rage","Headbutt"],"picked":"Singing Bowl","floor":13.0},{"not_picked":["Pummel","Infernal Blade"],"picked":"Spot Weakness","floor":14.0},{"not_picked":["Exhume","Fiend Fire"],"picked":"Double Tap","floor":16},{"not_picked":["Cleave","Wild Strike"],"picked":"Shrug It Off+1","floor":18},{"not_picked":["Thunderclap","Anger","Twin Strike"],"picked":"Singing Bowl","floor":22},{"not_picked":["Warcry","Clash","Anger"],"picked":"Singing Bowl","floor":23},{"not_picked":["Armaments+1","Ghostly Armor"],"picked":"Whirlwind+1","floor":25},{"not_picked":["Perfected Strike","Body Slam","Cleave+1"],"picked":"Singing Bowl","floor":27}],"player_experience":1711129,"relics_obtained":[{"floor":9.0,"key":"Mercury Hourglass"},{"floor":11.0,"key":"Frozen Egg 2"},{"floor":14.0,"key":"Regal Pillow"},{"floor":23,"key":"WingedGreaves"},{"floor":26,"key":"Anchor"},{"floor":27,"key":"TungstenRod"},{"floor":29,"key":"Mango"}],"event_choices":[{"damage_healed":0.0,"max_hp_gain":0.0,"max_hp_loss":0.0,"gold_gain":0.0,"event_name":"Liars Game","player_choice":"Ignored","floor":4.0,"gold_loss":0.0,"damage_taken":0.0},{"damage_healed":0.0,"max_hp_gain":0.0,"max_hp_loss":0.0,"gold_gain":75.0,"event_name":"World of Goop","player_choice":"Gather Gold","floor":5.0,"gold_loss":0.0,"damage_taken":11.0},{"damage_healed":0.0,"max_hp_gain":0.0,"max_hp_loss":0.0,"gold_gain":0.0,"event_name":"Scrap Ooze","player_choice":"Success","floor":10.0,"gold_loss":0.0,"damage_taken":18.0,"relics_obtained":["Singing Bowl"]},{"damage_healed":0,"gold_gain":0,"player_choice":"Joined the Cult","damage_taken":6,"max_hp_gain":0,"max_hp_loss":0,"event_name":"Nest","floor":19,"gold_loss":0,"cards_obtained":["RitualDagger"]},{"damage_healed":0,"gold_gain":0,"player_choice":"","damage_taken":6,"max_hp_gain":0,"max_hp_loss":0,"event_name":"Knowing Skull","floor":21,"potions_obtained":[],"gold_loss":0,"cards_obtained":[]},{"damage_healed":0,"gold_gain":0,"player_choice":"Simplicity","damage_taken":0,"max_hp_gain":0,"max_hp_loss":0,"event_name":"Back to Basics","floor":28,"gold_loss":0,"cards_upgraded":["Strike_R","Strike_R","Strike_R","Strike_R","Defend_R","Defend_R","Defend_R","Defend_R"]}],"is_beta":false,"boss_relics":[{"not_picked":["Black Blood","SacredBark"],"picked":"Sozu"}],"items_purged_floors":[20],"is_endless":false,"potions_floor_spawned":[1,8,11,13,23,27],"killed_by":"Collector","ascension_level":20}}