{"host":"vyjryxuuuxkt43k4","time":1612177231,"event":{"mods":["AchievementEnabler","BaseMod","Colored Map","DeckTracker","Keyboard Shortcuts","Minty Spire (QoL Compilation)","Permanent Neow","Quick Restart","Rare Cards Sparkle","StSLib","SuperFastMode","everything is the same but u backflip on backflip"],"gold_per_floor":[116,41,41,58,76,76,95,125,152,152,177,177,24,149,149,149,149],"floor_reached":16,"language":"KOR","playtime":483,"items_purged":["Pain","Strike_G"],"score":189,"play_id":"f37fadeb-b17b-4191-92d7-988674cf0ecd","local_time":"20210201200031","is_ascension_mode":true,"campfire_choices":[{"data":"1","floor":6,"key":"LIFT"},{"floor":10,"key":"REST"},{"data":"2","floor":12,"key":"LIFT"},{"data":"3","floor":15,"key":"LIFT"}],"circlet_count":0,"master_deck":["AscendersBane","Strike_G","Strike_G","Strike_G","Strike_G","Defend_G","Defend_G","Defend_G","Defend_G","Defend_G","Survivor","Neutralize","Blur","Dagger Spray","Glass Knife","Escape Plan","Well Laid Plans"],"relics":["Ring of the Snake","Girya","SsserpentHead","PreservedInsect","Lantern","Akabeko"],"acts_visited":["Exordium"],"potions_floor_usage":[8,11,16],"damage_taken":[{"damage":9,"enemies":"Jaw Worm","floor":1,"turns":5},{"damage":1,"enemies":"Cultist","floor":4,"turns":6},{"damage":1,"enemies":"Small Slimes","floor":5,"turns":4},{"damage":5,"enemies":"Exordium Wildlife","floor":7,"turns":3},{"damage":24,"enemies":"Gremlin Nob","floor":8,"turns":4},{"damage":3,"enemies":"3 Sentries","floor":11,"turns":6},{"damage":47,"enemies":"Hexaghost","floor":16,"turns":9}],"seed_played":"-6045474931950914102","potions_obtained":[{"floor":4,"key":"Dexterity Potion"},{"floor":7,"key":"GamblersBrew"},{"floor":8,"key":"FearPotion"}],"is_trial":false,"path_per_floor":["M","$","?","M","M","R","M","E","T","R","E","R","$","?","R","B"],"character_chosen":"THE_SILENT","items_purchased":["FairyPotion"],"campfire_rested":1,"item_purchase_floors":[13],"current_hp_per_floor":[50,50,50,49,48,48,43,19,19,38,35,35,35,24,24,0,0],"gold":149,"neow_bonus":"ONE_RARE_RELIC","is_daily":false,"chose_seed":false,"campfire_upgraded":0,"win_rate":0.0,"timestamp":1612177231,"path_taken":["M","$","?","M","M","R","M","E","T","R","E","R","?","?","R","BOSS"],"items_purchased_type":["Potion"],"build_version":"2020-12-22","purchased_purges":2,"victory":false,"max_hp_per_floor":[66,66,66,66,66,66,66,66,66,66,66,66,66,66,66,66,66],"card_choices":[{"not_picked":["Backflip","Outmaneuver"],"picked":"Blur","floor":1},{"not_picked":["Distraction","Slice","Outmaneuver"],"picked":"SKIP","floor":4},{"not_picked":["PiercingWail","Sucker Punch"],"picked":"Dagger Spray","floor":5},{"not_picked":["Cloak And Dagger","Setup"],"picked":"Glass Knife","floor":7},{"not_picked":["Prepared","Eviscerate"],"picked":"Escape Plan","floor":8},{"not_picked":["Bane","Poisoned Stab"],"picked":"Well Laid Plans","floor":11}],"player_experience":579103,"relics_obtained":[{"floor":8,"key":"PreservedInsect"},{"floor":9,"key":"Lantern"},{"floor":11,"key":"Akabeko"}],"event_choices":[{"damage_healed":0,"gold_gain":0,"player_choice":"Trade","damage_taken":0,"relics_obtained":["SsserpentHead"],"max_hp_gain":0,"max_hp_loss":0,"event_name":"FaceTrader","floor":3,"gold_loss":0},{"damage_healed":0,"gold_gain":75,"player_choice":"Gather Gold","damage_taken":11,"max_hp_gain":0,"max_hp_loss":0,"event_name":"World of Goop","floor":14,"gold_loss":0}],"is_beta":false,"boss_relics":[],"items_purged_floors":[2,13],"is_endless":false,"potions_floor_spawned":[4,7,8],"killed_by":"Hexaghost","ascension_level":15}}