{"host":"8a3jzv7qxg3y7b6t","time":1612165871,"event":{"mods":["BaseMod","Better Third Choice","Downfall","Hermit","Minty Spire (QoL Compilation)","Relic Stats","StSLib","The Bug Knight","The Cursed"],"gold_per_floor":[116,116,116,116,183,208,221,371,371,72,98,161,161,161],"floor_reached":13,"language":"ENG","playtime":704,"items_purged":[],"score":102,"play_id":"511129c2-2b85-4625-94e8-8d7321910007","local_time":"20210131235111","is_ascension_mode":true,"campfire_choices":[],"circlet_count":0,"master_deck":["HollowMod:NailStrikeStart+1","HollowMod:NailStrikeStart+1","HollowMod:NailStrikeStart","HollowMod:QuickDashStart","HollowMod:QuickDashStart","HollowMod:QuickDashStart","HollowMod:QuickDashStart","HollowMod:FocusHealStart","HollowMod:PogoStrike","HollowMod:BlackTendrils","HollowMod:HeavyBlow","HollowMod:CycloneSlash","HollowMod:AwokenDreamNail","HollowMod:DescendingDark","Discovery+1","HollowMod:SoulStrike+1","sneckomod:UnknownClassGREEN"],"relics":["HollowMod:VesselMask","TungstenRod","SsserpentHead","HollowMod:StagPassRelic","PrismaticShard","Whetstone"],"acts_visited":["Exordium"],"potions_floor_usage":[6,12,13],"damage_taken":[{"damage":6,"enemies":"2 Louse","floor":1,"turns":3},{"damage":0,"enemies":"Cultist","floor":5,"turns":3},{"damage":17,"enemies":"Gremlin Nob","floor":6,"turns":3},{"damage":7,"enemies":"Jaw Worm","floor":7,"turns":3},{"damage":15,"enemies":"3 Sentries","floor":11,"turns":5},{"damage":11,"enemies":"Exordium Wildlife","floor":12,"turns":3},{"damage":31,"enemies":"Lagavulin","floor":13,"turns":5}],"seed_played":"3361156121097567962","potions_obtained":[{"floor":5,"key":"FearPotion"},{"floor":11,"key":"BlessingOfTheForge"},{"floor":12,"key":"sneckomod:MuddlingPotion"}],"is_trial":false,"path_per_floor":["M","?","?","$","M","E","M","?","T","$","E","M","E"],"character_chosen":"THE_BUGKNIGHT","items_purchased":["Discovery","HollowMod:SoulStrike","PrismaticShard"],"campfire_rested":0,"item_purchase_floors":[10,10,10],"current_hp_per_floor":[69,62,62,62,62,48,47,47,47,47,34,23,0,0],"gold":161,"neow_bonus":"TRANSFORM_CARD","is_daily":false,"chose_seed":false,"campfire_upgraded":0,"win_rate":0.0,"timestamp":1612165871,"path_taken":["M","?","?","$","?","E","M","?","T","$","E","?","E"],"items_purchased_type":["Card","Card","Relic"],"build_version":"2020-12-22","purchased_purges":0,"victory":false,"max_hp_per_floor":[75,75,75,75,75,75,75,75,75,75,75,75,75,75],"relic_stats":{"SsserpentHead":150,"counters":[7,25],"Whetstone":["HollowMod:NailStrikeStart","HollowMod:NailStrikeStart"],"obtain_stats":[{"SsserpentHead":3,"HollowMod:VesselMask":0,"Whetstone":11,"HollowMod:StagPassRelic":6,"PrismaticShard":10,"TungstenRod":2},{"SsserpentHead":1,"HollowMod:VesselMask":0,"Whetstone":5,"HollowMod:StagPassRelic":3,"PrismaticShard":4,"TungstenRod":1},{"SsserpentHead":3,"HollowMod:VesselMask":0,"Whetstone":17,"HollowMod:StagPassRelic":9,"PrismaticShard":12,"TungstenRod":3}],"TungstenRod":10},"card_choices":[{"not_picked":["HollowMod:SoulStrike","HollowMod:Grubsong"],"picked":"HollowMod:HeavyBlow","floor":1},{"not_picked":["HollowMod:ShapeofUnn","HollowMod:RecoilStrike"],"picked":"HollowMod:CycloneSlash","floor":5},{"not_picked":["HollowMod:VengefulVoid","HollowMod:TaintedHusks"],"picked":"HollowMod:AwokenDreamNail","floor":6},{"not_picked":["HollowMod:NewLittleFool","HollowMod:InfectedAttack"],"picked":"HollowMod:DescendingDark","floor":7},{"not_picked":["Guardian:Suspension","HollowMod:TaintedHusks"],"picked":"sneckomod:UnknownClassGREEN","floor":11},{"not_picked":["Scrawl","hexamod:ShieldOfDarkness","Sanctity"],"picked":"SKIP","floor":12}],"player_experience":651234,"relics_obtained":[{"floor":6,"key":"HollowMod:StagPassRelic"},{"floor":11,"key":"Whetstone"}],"event_choices":[{"damage_healed":0,"gold_gain":0,"player_choice":"Relic ","damage_taken":7,"max_hp_gain":0,"max_hp_loss":0,"event_name":"betterThird:BetterScrap","floor":2,"gold_loss":0,"cards_obtained":["Doppelganger"]},{"damage_healed":0,"gold_gain":0,"player_choice":"Trade","damage_taken":0,"relics_obtained":["SsserpentHead"],"max_hp_gain":0,"max_hp_loss":0,"event_name":"FaceTrader","floor":3,"gold_loss":0},{"damage_healed":0,"gold_gain":100,"player_choice":"Pray","damage_taken":0,"max_hp_gain":0,"max_hp_loss":0,"event_name":"Golden Shrine","floor":8,"gold_loss":0}],"is_beta":false,"boss_relics":[],"items_purged_floors":[],"is_endless":false,"potions_floor_spawned":[5,11,12],"killed_by":"Lagavulin","ascension_level":2}}