{"host":"q6r63elxu27obe7v","time":1612163888,"event":{"mods":["2.2 Compatiblity","AchievementEnabler","BaseMod","CapriCore","DeckTracker","Keyboard Shortcuts","Minty Spire (QoL Compilation)","Permanent Neow","Quick Restart","Replay The Spire","StSLib","SuperFastMode","¡¼?Úª?ø«¡½REMEMod"],"gold_per_floor":[109,7,7,17,17,17,17,17,17],"floor_reached":8,"language":"KOR","playtime":447,"items_purged":[],"score":46,"play_id":"5b007d15-19e5-4552-9eca-140e57545dcc","local_time":"20210201161808","is_ascension_mode":true,"campfire_choices":[{"data":"Caltrops","floor":6,"key":"SMITH"},{"data":"REME_ShadowForm","floor":6,"key":"SMITH"}],"circlet_count":0,"master_deck":["Strike_G","Strike_G","Strike_G","Strike_G","Strike_G","Defend_G+1","Defend_G","Defend_G","Defend_G","Defend_G","Survivor","REME_ShadowForm+1","Seek+1","Prepared","Caltrops+1","Hidden Blade","Cloak And Dagger","ReplayTheSpireMod:Splinters"],"relics":["Ring of the Snake","REME_ComplimentaryCards","Replay:Arrowhead","Ring of Misfortune","ReplayTheSpireMod:Ring of Challenge"],"acts_visited":["Exordium"],"potions_floor_usage":[],"damage_taken":[{"damage":0,"enemies":"Small Slimes","floor":1,"turns":5},{"damage":1,"enemies":"2 Louse","floor":4,"turns":3},{"damage":67,"enemies":"Gremlin Nob","floor":8,"turns":5}],"seed_played":"8091895978935491860","potions_obtained":[],"is_trial":false,"path_per_floor":["M","$","?","M","?","R","?","E"],"character_chosen":"THE_SILENT","items_purchased":["Caltrops","Hidden Blade"],"campfire_rested":0,"item_purchase_floors":[2,2],"current_hp_per_floor":[70,70,56,55,48,48,48,0,0],"gold":17,"neow_bonus":"TRANSFORM_CARD","is_daily":false,"chose_seed":false,"campfire_upgraded":2,"win_rate":0.0,"timestamp":1612163888,"path_taken":["M","$","?","M","?","R","?","E"],"items_purchased_type":["Card","Card"],"build_version":"2020-12-22","purchased_purges":0,"victory":false,"max_hp_per_floor":[70,70,70,70,70,70,70,70,70],"card_choices":[{"not_picked":["Accuracy","Toxin Wave"],"picked":"Prepared","floor":1},{"not_picked":["Fluid Movement","Flying Knee"],"picked":"Cloak And Dagger","floor":4}],"player_experience":81814,"relics_obtained":[{"floor":7,"key":"Ring of Misfortune"},{"floor":7,"key":"ReplayTheSpireMod:Ring of Challenge"}],"event_choices":[{"damage_healed":0,"gold_gain":0,"player_choice":"Entered Light","damage_taken":14,"max_hp_gain":0,"max_hp_loss":0,"event_name":"Shining Light","floor":3,"gold_loss":0,"cards_upgraded":["Defend_G","Seek"]},{"damage_healed":0,"gold_gain":0,"player_choice":"Success","damage_taken":7,"relics_obtained":["Replay:Arrowhead"],"max_hp_gain":0,"max_hp_loss":0,"event_name":"Scrap Ooze","floor":5,"gold_loss":0}],"is_beta":false,"boss_relics":[],"items_purged_floors":[],"is_endless":false,"potions_floor_spawned":[],"killed_by":"Gremlin Nob","ascension_level":1}}