{"host":"syozzdlzcqop4jia","time":1612208365,"event":{"mods":["BaseMod","Colored Map","Colored Powertips","Minty Spire (QoL Compilation)","Quick Restart"],"gold_per_floor":[109,129,147,147,7,7,23,23,23,56,56,56,89,101,101,199,199,211,225,242,256,267,302,319,330,330,341,266,266,266],"floor_reached":29,"language":"ENG","playtime":1860,"items_purged":[],"score":313,"play_id":"8df6fb2d-6004-42ad-bdd2-8f690127b95a","local_time":"20210201203925","is_ascension_mode":true,"campfire_choices":[{"data":"Sword Boomerang","floor":6.0,"key":"SMITH"},{"data":"Flame Barrier","floor":8.0,"key":"SMITH"},{"floor":15,"key":"REST"}],"circlet_count":0,"master_deck":["Strike_R","Strike_R","Strike_R","Strike_R","Strike_R","Defend_R","Defend_R+1","Defend_R","Defend_R","Bash","Sword Boomerang+1","Flex+1","Shrug It Off","Inflame","Rampage","Flame Barrier+1","Combust","Perfected Strike","Reaper","Limit Break","Dropkick","Whirlwind","Thunderclap","Iron Wave","Intimidate","Flex+1","Clothesline+1"],"relics":["Burning Blood","Du-Vu Doll","Unceasing Top","Gremlin Horn","Busted Crown","Oddly Smooth Stone","Ornamental Fan"],"acts_visited":["Exordium","TheCity"],"potions_floor_usage":[21,22,23,27],"damage_taken":[{"damage":6.0,"enemies":"Cultist","floor":1.0,"turns":4.0},{"damage":8.0,"enemies":"Jaw Worm","floor":2.0,"turns":4.0},{"damage":0.0,"enemies":"Small Slimes","floor":3.0,"turns":3.0},{"damage":3.0,"enemies":"Looter","floor":7.0,"turns":2.0},{"damage":28.0,"enemies":"Lagavulin","floor":10.0,"turns":9.0},{"damage":24,"enemies":"Gremlin Nob","floor":13,"turns":5},{"damage":3,"enemies":"Exordium Wildlife","floor":14,"turns":3},{"damage":36,"enemies":"Slime Boss","floor":16,"turns":7},{"damage":9,"enemies":"3 Byrds","floor":18,"turns":5},{"damage":2,"enemies":"Spheric Guardian","floor":19,"turns":3},{"damage":12,"enemies":"Snake Plant","floor":20,"turns":4},{"damage":17,"enemies":"Centurion and Healer","floor":21,"turns":3},{"damage":12,"enemies":"Cultist and Chosen","floor":22,"turns":4},{"damage":64,"enemies":"Slavers","floor":23,"turns":5},{"damage":33,"enemies":"Sentry and Sphere","floor":24,"turns":6},{"damage":22,"enemies":"3 Cultists","floor":25,"turns":5},{"damage":30,"enemies":"Centurion and Healer","floor":27,"turns":7},{"damage":20,"enemies":"Snecko","floor":29,"turns":3}],"seed_played":"4104910191305107065","potions_obtained":[{"floor":10.0,"key":"Swift Potion"},{"floor":13,"key":"ElixirPotion"},{"floor":14,"key":"HeartOfIron"},{"floor":18,"key":"Strength Potion"},{"floor":23,"key":"FairyPotion"},{"floor":25,"key":"Explosive Potion"}],"is_trial":false,"path_per_floor":["M","M","M","?","$","R","M","R","T","E","?","?","E","M","R","B",null,"M","M","M","M","M","E","M","M","T","M","?","M"],"character_chosen":"IRONCLAD","items_purchased":["Inflame","Rampage"],"campfire_rested":1,"item_purchase_floors":[5,5],"current_hp_per_floor":[88,86,88,70,70,70,73,73,73,51,51,51,33,36,62,38,88,88,88,82,71,82,43,16,27,27,11,11,0,0],"gold":266,"neow_bonus":"TEN_PERCENT_HP_BONUS","is_daily":false,"chose_seed":false,"campfire_upgraded":2,"win_rate":0.0,"timestamp":1612208365,"path_taken":["M","M","?","?","$","R","M","R","T","E","?","?","E","?","R","BOSS","M","M","M","M","M","E","M","M","T","M","?","M"],"items_purchased_type":["Card","Card"],"build_version":"2020-12-22","purchased_purges":0,"victory":false,"max_hp_per_floor":[88,88,88,88,88,88,88,88,88,88,88,88,88,88,88,88,88,88,88,88,88,88,88,88,88,88,88,88,88,88],"card_choices":[{"not_picked":["Cleave","Body Slam"],"picked":"Sword Boomerang","floor":1.0},{"not_picked":["Power Through","Iron Wave"],"picked":"Flex","floor":2.0},{"not_picked":["Hemokinesis","True Grit"],"picked":"Shrug It Off","floor":3.0},{"not_picked":["Evolve","Cleave"],"picked":"Flame Barrier","floor":7.0},{"not_picked":["Clash","Second Wind"],"picked":"Combust","floor":10.0},{"not_picked":["Cleave","Disarm"],"picked":"Perfected Strike","floor":13},{"not_picked":["Anger","Thunderclap"],"picked":"Reaper","floor":14},{"not_picked":["Reaper","Brutality"],"picked":"Limit Break","floor":16},{"not_picked":[],"picked":"Dropkick","floor":18},{"not_picked":[],"picked":"Whirlwind","floor":19},{"not_picked":[],"picked":"Thunderclap","floor":20},{"not_picked":[],"picked":"Iron Wave","floor":21},{"not_picked":["Shockwave"],"picked":"SKIP","floor":22},{"not_picked":[],"picked":"Intimidate","floor":23},{"not_picked":[],"picked":"Flex+1","floor":24},{"not_picked":[],"picked":"Clothesline+1","floor":25},{"not_picked":[],"picked":"Rupture+1","floor":27}],"player_experience":496801,"relics_obtained":[{"floor":9.0,"key":"Du-Vu Doll"},{"floor":10.0,"key":"Unceasing Top"},{"floor":13,"key":"Gremlin Horn"},{"floor":23,"key":"Oddly Smooth Stone"},{"floor":26,"key":"Ornamental Fan"}],"event_choices":[{"damage_healed":0.0,"max_hp_gain":0.0,"max_hp_loss":0.0,"gold_gain":0.0,"event_name":"Shining Light","player_choice":"Entered Light","floor":4.0,"gold_loss":0.0,"damage_taken":18.0,"cards_upgraded":["Flex","Defend_R"]},{"damage_healed":0.0,"max_hp_gain":0.0,"max_hp_loss":0.0,"gold_gain":0.0,"event_name":"Liars Game","player_choice":"Ignored","floor":11.0,"gold_loss":0.0,"damage_taken":0.0},{"damage_healed":0.0,"max_hp_gain":0.0,"max_hp_loss":0.0,"gold_gain":0.0,"event_name":"Golden Idol","player_choice":"Ignored","floor":12.0,"gold_loss":0.0,"damage_taken":0.0},{"cards_removed":["Rupture"],"damage_healed":0,"gold_gain":0,"player_choice":"Gave Gold","damage_taken":0,"max_hp_gain":0,"max_hp_loss":0,"event_name":"Beggar","floor":28,"gold_loss":75}],"is_beta":false,"boss_relics":[{"not_picked":["Tiny House","Runic Dome"],"picked":"Busted Crown"}],"items_purged_floors":[],"is_endless":false,"potions_floor_spawned":[10,13,14,18,19,23,25],"killed_by":"Snecko","ascension_level":4}}