{"host":"ow66nzv2xecjoor3","time":1612220191,"event":{"mods":["BaseMod","Bestiary","Block Reminder","Colored Powertips","Curses Come First","Highlight Path","Keyboard Shortcuts","Minty Spire (QoL Compilation)","Permanent Neow","Relic Stats","StSLib","UnlockEverythingMod"],"gold_per_floor":[112,126,126,145,27,27,53,64,64,97,97,113,138,138,138,214,214,230,230,250,250,270,270,270],"floor_reached":23,"language":"ENG","playtime":1152,"items_purged":["Strike_G"],"score":572,"play_id":"397040a7-58e6-416f-b570-594ebb1fe766","local_time":"20210201165631","is_ascension_mode":true,"campfire_choices":[{"data":"Predator","floor":6.0,"key":"SMITH"},{"data":"Crippling Poison","floor":11.0,"key":"SMITH"},{"data":"Footwork","floor":15.0,"key":"SMITH"}],"circlet_count":0,"master_deck":["AscendersBane","Strike_G","Strike_G","Strike_G","Strike_G","Defend_G+1","Defend_G","Defend_G","Defend_G+1","Defend_G","Survivor","Neutralize+1","Backstab","Riddle With Holes","Dagger Spray","Predator+1","Envenom","Crippling Poison+1","Footwork+1","Deadly Poison","Noxious Fumes","Corpse Explosion","Calculated Gamble","Slice+1","Outmaneuver+1","Ghostly","Ghostly","Ghostly"],"relics":["Ring of the Snake","Pocketwatch","The Specimen","Prayer Wheel","Strawberry","Black Star"],"acts_visited":["Exordium","TheCity"],"potions_floor_usage":[23,23,23,23],"damage_taken":[{"damage":2.0,"enemies":"Jaw Worm","floor":1.0,"turns":7.0},{"damage":0.0,"enemies":"Small Slimes","floor":2.0,"turns":5.0},{"damage":0.0,"enemies":"2 Louse","floor":4.0,"turns":2.0},{"damage":6.0,"enemies":"Gremlin Nob","floor":7.0,"turns":3.0},{"damage":0.0,"enemies":"Exordium Wildlife","floor":8.0,"turns":2.0},{"damage":0.0,"enemies":"Lagavulin","floor":10.0,"turns":7.0},{"damage":0.0,"enemies":"Looter","floor":12.0,"turns":2.0},{"damage":6.0,"enemies":"Gremlin Nob","floor":13.0,"turns":3.0},{"damage":0.0,"enemies":"The Guardian","floor":16.0,"turns":10.0},{"damage":0.0,"enemies":"Chosen","floor":18.0,"turns":5.0},{"damage":21.0,"enemies":"2 Thieves","floor":20.0,"turns":5.0},{"damage":2.0,"enemies":"Chosen and Byrds","floor":22.0,"turns":5.0},{"damage":21,"enemies":"Book of Stabbing","floor":23,"turns":7}],"seed_played":"5646274663488984165","potions_obtained":[{"floor":2.0,"key":"SteroidPotion"},{"floor":7.0,"key":"Energy Potion"},{"floor":12.0,"key":"EntropicBrew"},{"floor":13.0,"key":"LiquidBronze"},{"floor":22.0,"key":"Dexterity Potion"}],"is_trial":false,"path_per_floor":["M","M","?","M","$","R","E","M","T","E","R","M","E","?","R","B",null,"M","?","M","?","M","E"],"character_chosen":"THE_SILENT","items_purchased":["Predator"],"campfire_rested":0,"item_purchase_floors":[5],"current_hp_per_floor":[57,57,37,37,37,37,31,31,31,31,31,31,32,32,32,32,63,63,42,21,21,19,0,0],"gold":270,"neow_bonus":"UPGRADE_CARD","is_daily":false,"chose_seed":false,"campfire_upgraded":3,"win_rate":0.0,"timestamp":1612220191,"path_taken":["M","M","?","M","$","R","E","M","T","E","R","M","E","?","R","BOSS","M","?","M","?","M","E"],"items_purchased_type":["Card"],"build_version":"2020-12-22","purchased_purges":1,"victory":false,"max_hp_per_floor":[66,66,66,66,66,66,66,66,66,66,66,66,73,73,73,73,73,73,78,78,39,39,39,39],"relic_stats":{"counters":[13,63],"Prayer Wheel":4,"Black Star":0,"obtain_stats":[{"The Specimen":9,"Strawberry":13,"Prayer Wheel":10,"Black Star":17,"Ring of the Snake":0,"Pocketwatch":7},{"The Specimen":5,"Strawberry":8,"Prayer Wheel":6,"Black Star":9,"Ring of the Snake":0,"Pocketwatch":4},{"The Specimen":19,"Strawberry":31,"Prayer Wheel":26,"Black Star":41,"Ring of the Snake":0,"Pocketwatch":17}],"Ring of the Snake":[26],"Pocketwatch":[99]},"card_choices":[{"not_picked":["Sucker Punch","Terror"],"picked":"Backstab","floor":1.0},{"not_picked":["Bane","Distraction"],"picked":"Riddle With Holes","floor":2.0},{"not_picked":["Eviscerate","Choke"],"picked":"Dagger Spray","floor":4.0},{"not_picked":["Outmaneuver","Endless Agony"],"picked":"Envenom","floor":7.0},{"not_picked":["Dodge and Roll","Deadly Poison"],"picked":"Crippling Poison","floor":8.0},{"not_picked":["Sucker Punch","Choke","Backflip"],"picked":"SKIP","floor":10.0},{"not_picked":["Dodge and Roll","Sucker Punch"],"picked":"Footwork","floor":12.0},{"not_picked":["Acrobatics","Prepared"],"picked":"Deadly Poison","floor":12.0},{"not_picked":["Endless Agony","Deflect"],"picked":"Noxious Fumes","floor":13.0},{"not_picked":["Grand Finale","Glass Knife"],"picked":"Corpse Explosion","floor":16.0},{"not_picked":["Quick Slash","Deadly Poison"],"picked":"Calculated Gamble","floor":18.0},{"not_picked":["Flying Knee","Cloak And Dagger"],"picked":"Slice+1","floor":18.0},{"not_picked":["Blade Dance+1","Endless Agony"],"picked":"Outmaneuver+1","floor":20.0},{"not_picked":["Bane","Deadly Poison+1","Distraction"],"picked":"SKIP","floor":20.0},{"not_picked":["Setup+1","Tactician","Underhanded Strike"],"picked":"SKIP","floor":22.0},{"not_picked":["All Out Attack","Reflex","Eviscerate"],"picked":"SKIP","floor":22.0}],"player_experience":2806067,"relics_obtained":[{"floor":7.0,"key":"Pocketwatch"},{"floor":9.0,"key":"The Specimen"},{"floor":10.0,"key":"Prayer Wheel"},{"floor":13.0,"key":"Strawberry"}],"event_choices":[{"damage_healed":0.0,"max_hp_gain":0.0,"max_hp_loss":0.0,"gold_gain":0.0,"event_name":"Shining Light","player_choice":"Entered Light","floor":3.0,"gold_loss":0.0,"damage_taken":20.0,"cards_upgraded":["Defend_G","Defend_G"]},{"damage_healed":0.0,"max_hp_gain":0.0,"max_hp_loss":0.0,"gold_gain":0.0,"event_name":"Liars Game","player_choice":"Ignored","floor":14.0,"gold_loss":0.0,"damage_taken":0.0},{"damage_healed":0.0,"max_hp_gain":5.0,"max_hp_loss":0.0,"gold_gain":0.0,"event_name":"Forgotten Altar","player_choice":"Shed Blood","floor":19.0,"gold_loss":0.0,"damage_taken":26.0},{"damage_healed":0.0,"max_hp_gain":0.0,"max_hp_loss":39.0,"gold_gain":0.0,"event_name":"Ghosts","player_choice":"Became a Ghost","floor":21.0,"gold_loss":0.0,"damage_taken":0.0,"cards_obtained":["Ghostly","Ghostly","Ghostly"]}],"is_beta":false,"boss_relics":[{"not_picked":["Coffee Dripper","SacredBark"],"picked":"Black Star"}],"items_purged_floors":[5],"is_endless":false,"potions_floor_spawned":[2,7,12,13,22],"killed_by":"Book of Stabbing","ascension_level":20}}