{"host":"9ab6zvx33qoi7ia9","time":1612177727,"event":{"mods":["ATMod(∞¢Ë™Mod)","Act Like it!","Ascension Unlocker","Aspiration","BaseMod","Downfall","Gensokyo","Marisa£®ÏF”Í°°ƒß¿Ì…≥£©","Marked Mod","Minty Spire (QoL Compilation)","Pale of the Ancients","Permanent Neow","Quick Restart","Reimu£®≤©¿ˆ¡È√Œ£©","Replay The Spire","StSLib","The Construct","The Jungle"],"gold_per_floor":[0,16,31,31,16,16,71,100,0,0,0,10,41,41,51,150,150,50,70,70,170,170,196,247,266,282,296,196,196,61,73,87,191,191,191,207,207,223,223,223,223,258,258,258,388,388,388,398,408,408,408,435,165,165,165,165],"floor_reached":57,"language":"ZHS","playtime":7885,"items_purged":["Guardian:Strike_Guardian","Guardian:Strike_Guardian","Guardian:Strike_Guardian"],"score":1508,"play_id":"463f05ed-3ef9-4f49-b1f7-9ab5cb221a4b","local_time":"20210201190847","is_ascension_mode":false,"campfire_choices":[{"data":"Apotheosis","floor":1.0,"key":"SMITH"},{"floor":6.0,"key":"RECALL"},{"data":"Guardian:TwinSlam","floor":9.0,"key":"SMITH"},{"data":"Guardian:ConstructionForm","floor":18.0,"key":"SMITH"},{"floor":35.0,"key":"DIG"},{"data":"Guardian:VentSteam","floor":46,"key":"SMITH"},{"data":"Guardian:WalkerClaw","floor":54,"key":"SMITH"}],"circlet_count":0,"master_deck":["Guardian:Defend_Guardian","Guardian:Defend_Guardian","Guardian:Defend_Guardian","Guardian:Defend_Guardian","Guardian:CurlUp","Guardian:TwinSlam+1","Apotheosis+1","Guardian:Repulse","Guardian:GuardianWhirl","Guardian:PiercingHide","Guardian:ConstructionForm+1","Guardian:FloatingOrbs","CurseOfTheBell","Guardian:SentryBeam","Guardian:ChargeCore","Guardian:VentSteam+1","Gensokyo:LifeSpringInfinity+1","Guardian:PrismaticBeam+1","Guardian:WalkerClaw+1","Guardian:Reroute+1"],"relics":["Guardian:ModeShifter","AT_ATBox","Meat on the Bone","downfall:HeartBlessingRed","AT_ForceNature","Replay:Grab Bag","Velvet Choker","Philosopher\u0027s Stone","Calling Bell","ReplayTheSpireMod:TigerMarble","Lizard Tail","Replay:Accelerometer","downfall:HeartBlessingGreen","Gambling Chip","Quantum Egg","Orichalcum","Guardian:PickAxe","downfall:HeartBlessingBlue","AT_TrinityForce","AT_BellowingDragoncrestRing","Eternal Feather","aspiration:StickyExplosives_weak","Onion Ring","Bag of Marbles","Blue Doll","Bronze Scales","Guardian:BottledStasis"],"acts_visited":["Exordium","TheCity","Gensokyo:Gensokyoest","TheEnding"],"potions_floor_usage":[56],"damage_taken":[{"damage":0.0,"enemies":"Cultist","floor":2.0,"turns":3.0},{"damage":8.0,"enemies":"Small Slimes","floor":3.0,"turns":3.0},{"damage":0.0,"enemies":"downfall:FleeingMerchant","floor":5.0,"turns":4.0},{"damage":18.0,"enemies":"3 Sentries","floor":8.0,"turns":8.0},{"damage":15.0,"enemies":"downfall:FleeingMerchant","floor":11.0,"turns":4.0},{"damage":6.0,"enemies":"Jaw Worm","floor":12.0,"turns":4.0},{"damage":6.0,"enemies":"Replay:BlueRogue","floor":13.0,"turns":6.0},{"damage":4.0,"enemies":"Blue Slaver","floor":15.0,"turns":2.0},{"damage":21.0,"enemies":"DF_ARCHETYPE_STREAMLINE","floor":16.0,"turns":11.0},{"damage":5.0,"enemies":"3 Byrds","floor":19.0,"turns":6.0},{"damage":0.0,"enemies":"Chosen","floor":20.0,"turns":1.0},{"damage":16.0,"enemies":"Colosseum Nobs","floor":21.0,"turns":6.0},{"damage":0.0,"enemies":"Replay:Snechameleon","floor":23.0,"turns":7.0},{"damage":2.0,"enemies":"3 Cultists","floor":25.0,"turns":6.0},{"damage":0.0,"enemies":"Chosen and Byrds","floor":26.0,"turns":4.0},{"damage":0.0,"enemies":"Snecko","floor":27.0,"turns":5.0},{"damage":3.0,"enemies":"downfall:FleeingMerchant","floor":30.0,"turns":4.0},{"damage":10.0,"enemies":"Shelled Parasite and Fungi","floor":31.0,"turns":5.0},{"damage":6.0,"enemies":"Cultist and Chosen","floor":32.0,"turns":5.0},{"damage":60.0,"enemies":"WA_ARCHETYPE_CALM","floor":33.0,"turns":13.0},{"damage":0.0,"enemies":"Gensokyo:3_Boulders","floor":36.0,"turns":4.0},{"damage":0,"enemies":"Gensokyo:3_Boulders","floor":37,"turns":2},{"damage":0,"enemies":"Gensokyo:3_Bats","floor":38,"turns":3},{"damage":11,"enemies":"Gensokyo:Marisa","floor":42,"turns":4},{"damage":6,"enemies":"downfall:FleeingMerchant","floor":45,"turns":4},{"damage":0,"enemies":"Gensokyo:Sharpion","floor":48,"turns":2},{"damage":0,"enemies":"Gensokyo:SeedOfUnknown","floor":49,"turns":2},{"damage":0,"enemies":"IC_BLOCK_ARCHETYPE","floor":50,"turns":5},{"damage":0,"enemies":"downfall:CharBossMerchant","floor":52,"turns":4},{"damage":61,"enemies":"downfall:NeowBoss","floor":55,"turns":11},{"damage":0,"enemies":"downfall:NeowBossFinal","floor":56,"turns":6}],"seed_played":"1872652678155902907","potions_obtained":[{"floor":2.0,"key":"bronze:BurnAndBuffPotion"},{"floor":12.0,"key":"Fire Potion"},{"floor":13.0,"key":"Fire Potion"},{"floor":16.0,"key":"champ:CounterPotion"},{"floor":21.0,"key":"Fire Potion"},{"floor":23.0,"key":"Reflective Coating"},{"floor":25.0,"key":"Strength Potion"},{"floor":33.0,"key":"Fruit Juice"},{"floor":42,"key":"Adrenaline Potion"}],"is_trial":false,"path_per_floor":["R","M","M","?","$","R","T","E","R","?","$","M","E","?","M","B",null,"R","M","M","?","?","E","T","M","M","M","R","?","$","M","M","B",null,"R","M","?","M","?","T","T","E","?","R","$","R","COS","M","M","B",null,"E","$","R","B","B",null],"character_chosen":"GUARDIAN","items_purchased":["Guardian:VentSteam","Blue Doll","Guardian:WalkerClaw","Guardian:BottledStasis"],"campfire_rested":0,"item_purchase_floors":[30,45,45,53],"current_hp_per_floor":[80,80,72,72,72,72,72,54,54,54,51,45,51,51,47,38,80,80,75,75,59,59,59,59,57,57,57,67,67,64,54,48,55,95,95,95,95,95,76,76,76,65,75,87,81,93,93,93,93,93,95,95,95,95,46,58],"gold":165,"neow_bonus":"RANDOM_COLORLESS_2","is_daily":false,"chose_seed":false,"campfire_upgraded":5,"win_rate":0.0,"timestamp":1612177727,"path_taken":["R","M","M","?","$","R","T","E","R","?","$","?","E","?","M","BOSS","R","M","M","?","?","E","T","M","?","M","R","?","$","M","M","BOSS","R","M","?","M","?","?","T","E","?","R","$","R","COS","M","M","BOSS","E","$","R","BOSS","BOSS"],"items_purchased_type":["Card","Relic","Card","Relic"],"build_version":"2020-12-22","purchased_purges":3,"victory":true,"max_hp_per_floor":[80,80,80,80,80,80,80,80,80,80,80,80,80,80,80,80,80,80,80,80,80,80,80,80,80,80,80,90,90,90,90,90,95,95,95,95,95,95,95,95,95,95,95,95,95,95,95,95,95,95,95,95,95,95,95,95],"card_choices":[{"not_picked":["Transmutation","AT_FalsePromise"],"picked":"Apotheosis","floor":0.0},{"not_picked":["Guardian:Suspension","Guardian:Planning"],"picked":"Guardian:Repulse","floor":2.0},{"not_picked":["Guardian:DonusPower","Guardian:WalkerClaw"],"picked":"Guardian:Gem_Blue","floor":3.0},{"not_picked":["Guardian:Gem_Red","Guardian:EvasiveProtocol"],"picked":"Guardian:Gem_Crimson","floor":5.0},{"not_picked":["Guardian:SphericShield","Guardian:Reroute"],"picked":"Guardian:GuardianWhirl","floor":8.0},{"not_picked":["Guardian:Gem_Crimson","Guardian:Gem_Red"],"picked":"Guardian:PiercingHide","floor":11.0},{"not_picked":["Guardian:Planning","Guardian:Gem_Red"],"picked":"Guardian:Gem_Fragmented","floor":12.0},{"not_picked":["Guardian:RollAttack","Guardian:PiercingHide"],"picked":"Guardian:ConstructionForm","floor":13.0},{"not_picked":["Guardian:RollAttack","Guardian:TimeCapacitor"],"picked":"Guardian:FloatingOrbs","floor":15.0},{"not_picked":["Guardian:ConstructionForm","Guardian:ExploitGems"],"picked":"Guardian:Gem_Orange","floor":16.0},{"not_picked":["Guardian:Suspension","Guardian:Gem_White"],"picked":"Guardian:SentryBeam","floor":19.0},{"not_picked":["Guardian:PrismaticBeam","Guardian:BodySlam"],"picked":"Guardian:Gem_Cyan","floor":20.0},{"not_picked":["Guardian:SphericShield","Guardian:Gem_Red","Guardian:Suspension"],"picked":"SKIP","floor":23.0},{"not_picked":["Guardian:SentryBeam","Guardian:Reroute","Guardian:Planning+1"],"picked":"SKIP","floor":25.0},{"not_picked":["Guardian:Harden","Guardian:Gem_Red","Guardian:Gem_Lightblue"],"picked":"SKIP","floor":26.0},{"not_picked":["Guardian:Gem_Lightblue","Guardian:TemporalShield"],"picked":"Guardian:ChargeCore","floor":27.0},{"not_picked":["Guardian:RollAttack","Guardian:TimeBomb","Guardian:CrystalBeam"],"picked":"SKIP","floor":30.0},{"not_picked":["Guardian:ArmoredProtocol+1","Guardian:CrystalBeam","Guardian:Gem_Yellow"],"picked":"SKIP","floor":31.0},{"not_picked":["Guardian:Gem_Red","Guardian:Recover","Guardian:ShieldCharger"],"picked":"SKIP","floor":32.0},{"not_picked":["Guardian:Incinerate","Guardian:WalkerClaw","Guardian:BodySlam+1"],"picked":"SKIP","floor":36.0},{"not_picked":["Gensokyo:UnlikelyAid+1","Gensokyo:DreamlikeParadise+1"],"picked":"Gensokyo:LifeSpringInfinity+1","floor":37},{"not_picked":["Guardian:WalkerClaw+1","Guardian:Emergency+1"],"picked":"Guardian:PrismaticBeam+1","floor":38},{"not_picked":["Guardian:PrimingBeam+1","Guardian:TemporalShield","Guardian:Planning"],"picked":"SKIP","floor":42},{"not_picked":["Guardian:CrystalBeam","Guardian:Gem_Lightblue","Guardian:Gem_Crimson"],"picked":"SKIP","floor":45},{"not_picked":["Guardian:PiercingHide+1","Guardian:Suspension+1","Guardian:BronzeOrb+1"],"picked":"SKIP","floor":48},{"not_picked":["Guardian:EvasiveProtocol","Guardian:Gem_Lightblue","Guardian:SpikerProtocol+1"],"picked":"SKIP","floor":49},{"not_picked":["Guardian:GatlingBeam","Guardian:Gem_Green"],"picked":"Guardian:Reroute+1","floor":52}],"player_experience":313277,"relics_obtained":[{"floor":8.0,"key":"Meat on the Bone"},{"floor":13.0,"key":"AT_ForceNature"},{"floor":17.0,"key":"ReplayTheSpireMod:TigerMarble"},{"floor":17.0,"key":"Lizard Tail"},{"floor":17.0,"key":"Replay:Accelerometer"},{"floor":21.0,"key":"Gambling Chip"},{"floor":21.0,"key":"Quantum Egg"},{"floor":23.0,"key":"Orichalcum"},{"floor":24.0,"key":"Guardian:PickAxe"},{"floor":35.0,"key":"AT_BellowingDragoncrestRing"},{"floor":40,"key":"aspiration:StickyExplosives_weak"},{"floor":41,"key":"Onion Ring"},{"floor":42,"key":"Bag of Marbles"},{"floor":52,"key":"Bronze Scales"}],"event_choices":[{"cards_removed":["Guardian:Strike_Guardian"],"damage_healed":0.0,"max_hp_gain":0.0,"max_hp_loss":0.0,"gold_gain":0.0,"event_name":"NoteForYourself","player_choice":"Took Card","floor":10.0,"gold_loss":0.0,"damage_taken":0.0,"cards_obtained":["Strike_R"]},{"damage_healed":0.0,"max_hp_gain":0.0,"max_hp_loss":0.0,"gold_gain":0.0,"event_name":"Ghosts","player_choice":"Ignored","floor":22.0,"gold_loss":0.0,"damage_taken":0.0},{"damage_healed":0.0,"max_hp_gain":0.0,"max_hp_loss":0.0,"gold_gain":0.0,"event_name":"Vampires","player_choice":"Ignored","floor":29.0,"gold_loss":0.0,"damage_taken":0.0}],"is_beta":false,"boss_relics":[{"not_picked":["SlaversCollar","aspiration:PoetsPen_weak"],"picked":"Replay:Grab Bag"},{"not_picked":["Busted Crown","ChewingGum"],"picked":"Velvet Choker"},{"not_picked":["Coffee Dripper","Fusion Hammer"],"picked":"Philosopher\u0027s Stone"},{"not_picked":["aspiration:RunicSpoon","Guardian:ModeShifterPlus"],"picked":"Calling Bell"},{"not_picked":["bronze:MakeshiftBattery","aspiration:IroncladSkillbook"],"picked":"AT_TrinityForce"}],"items_purged_floors":[30,45,53],"is_endless":false,"potions_floor_spawned":[2,12,13,16,21,23,25,26,33,42],"ascension_level":0}}