{"host":"b2j09bgckbzjrujr","time":1612150309,"event":{"mods":["AchievementEnabler","Act Like it!","Aspiration","BaseMod","BetterRewards","Colored Map","Colored Powertips","Conspire","Friendly Minions","Infinite Spire","Marisa£®ÏF”Í°°ƒß¿Ì…≥£©","Minty Spire (QoL Compilation)","Quick Restart","Rare Cards Sparkle","Reimu£®≤©¿ˆ¡È√Œ£©","Remilia£®¿Ÿ√◊¿Ú—«£©","Replay The Spire","Shop Mod","StSLib","SuperFastMode","TestMod","The Cursed","The Jungle","The Servant 0.9.4","Waifu the Spire","Youmu£®ªÍ∆«—˝√Œ£©","Yuyuko","[IsaacMod]“‘»ˆº‚À˛","°æπ¶ƒ‹Mod°øªÏ„Á÷Æª∑–ﬁ∏¥≤π∂°"],"gold_per_floor":[112,212,222,222,222,250,250,280,280,280,296,310,310,321,321,422,422,422,422],"floor_reached":18,"language":"ZHS","playtime":645,"items_purged":[],"score":230,"play_id":"8ea6775b-aa67-4258-a84f-2c052e013e40","local_time":"20210201113149","is_ascension_mode":true,"campfire_choices":[{"floor":7,"key":"REST"},{"floor":10,"key":"REST"},{"data":"Bash","floor":13,"key":"SMITH"},{"floor":15,"key":"DIG"}],"circlet_count":0,"master_deck":["Strike_R","Strike_R","Strike_R","Strike_R","Strike_R","Defend_R","Defend_R","Defend_R","Defend_R","Bash+1","DoctorFetus+1","testmod-EternalityOfKhronos"],"relics":["Burning Blood","testmod-TestBox","HushsDoor","testmod-IndustrialRevolution","PokeGo","aspiration:Nostalgia","m_SnakeCloak","Darkstone Periapt","Orichalcum","InkBottle","Singing Bowl","testmod-PortableAltar","Damocles","GuppysHairball"],"acts_visited":["Exordium","TheCity"],"potions_floor_usage":[12,12,16],"damage_taken":[{"damage":7,"enemies":"Jaw Worm","floor":1,"turns":3},{"damage":6,"enemies":"Cultist","floor":3,"turns":4},{"damage":54,"enemies":"Gremlin Nob","floor":6,"turns":5},{"damage":24,"enemies":"Lagavulin","floor":8,"turns":5},{"damage":0,"enemies":"conspire:RoseBush","floor":11,"turns":4},{"damage":4,"enemies":"Red Slaver","floor":12,"turns":6},{"damage":10,"enemies":"2 Fungi Beasts","floor":14,"turns":4},{"damage":45,"enemies":"The Guardian","floor":16,"turns":9},{"damage":12,"enemies":"conspire:FuzzyDice","floor":18,"turns":2}],"seed_played":"-8657898410574087046","potions_obtained":[{"floor":1,"key":"SteroidPotion"},{"floor":6,"key":"ZuzhouPotion:ReiMu"},{"floor":11,"key":"Block Potion"}],"is_trial":false,"path_per_floor":["M","?","M","?","T","E","R","E","T","R","M","M","R","M","R_BF","B",null,"M"],"character_chosen":"IRONCLAD","items_purchased":["Damocles","GuppysHairball","testmod-EternalityOfKhronos"],"campfire_rested":2,"item_purchase_floors":[17,17,17],"current_hp_per_floor":[71,71,71,71,71,23,47,29,29,53,59,61,61,57,57,20,48,0,0],"gold":422,"neow_bonus":"NOSTALGIA","is_daily":false,"chose_seed":false,"campfire_upgraded":1,"win_rate":0.0,"timestamp":1612150309,"path_taken":["M","?","?","?","?","E","R","E","T","R","M","M","R","M","R_BF","BOSS","M"],"items_purchased_type":["Relic","Relic","Card"],"build_version":"2020-12-22","purchased_purges":0,"victory":false,"max_hp_per_floor":[80,80,80,80,80,80,80,80,80,80,80,80,80,80,80,82,57,56,56],"card_choices":[{"not_picked":[],"picked":"DoctorFetus","floor":0},{"not_picked":["Infernal Blade","Flame Barrier","True Grit"],"picked":"SKIP","floor":1},{"not_picked":["Burning Pact","Flex","Cleave"],"picked":"SKIP","floor":3},{"not_picked":["Life Link","ReplayTheSpireMod:Corrosion Curse"],"picked":"Bomb","floor":6},{"not_picked":["Calculated Gamble","Fiend Fire","Anger"],"picked":"SKIP","floor":8},{"not_picked":["Acrobatics","Dagger Throw","Cleave"],"picked":"SKIP","floor":11},{"not_picked":["Flex","Rage","Battle Trance"],"picked":"SKIP","floor":12},{"not_picked":["Iron Wave","Twin Strike","ReplayTheSpireMod:Muscle Training"],"picked":"SKIP","floor":14},{"not_picked":["Bludgeon","Unload","Feed"],"picked":"Singing Bowl","floor":16}],"player_experience":69618,"relics_obtained":[{"floor":5,"key":"Darkstone Periapt"},{"floor":6,"key":"Orichalcum"},{"floor":8,"key":"InkBottle"},{"floor":15,"key":"Singing Bowl"}],"event_choices":[{"damage_healed":0,"gold_gain":0,"player_choice":"Upgraded","damage_taken":0,"max_hp_gain":0,"max_hp_loss":0,"event_name":"Upgrade Shrine","floor":4,"gold_loss":0,"cards_upgraded":["DoctorFetus"]}],"is_beta":false,"boss_relics":[{"not_picked":["Pandora\u0027s Box","Astrolabe"],"picked":"testmod-PortableAltar"},{"not_picked":[]}],"items_purged_floors":[],"is_endless":false,"potions_floor_spawned":[1,6,11],"killed_by":"conspire:FuzzyDice","ascension_level":7}}