{"host":"hm2va3obgs5yv0m7","time":1612162120,"event":{"mods":["AchievementEnabler","Act Like it!","BaseMod","Conspire","Infinite Spire","Marisa（F雨　魔理沙）","Minty Spire (QoL Compilation)","Prisma Mod","Relic Stats","Replay The Spire","Spicy Shops","StSLib","The Animator","The Cursed","The Servant 0.9.4","WarShipGirlsR/战舰少女R mod"],"gold_per_floor":[114,114,193,115,130,130,158,169,169,196,196,196,228,228,228,228,228],"floor_reached":16,"language":"ZHS","playtime":586,"items_purged":[],"score":166,"play_id":"5c66ab63-43ad-446f-9da6-6e367a06d4ab","local_time":"20210201144840","is_ascension_mode":false,"campfire_choices":[{"data":"BasicCrystalCard","floor":6,"key":"SMITH"},{"data":"Loop","floor":11,"key":"SMITH"},{"data":"Dualcast","floor":15,"key":"SMITH"}],"circlet_count":0,"master_deck":["Strike_B","Strike_B","Defend_B","Defend_B","Defend_B","Zap","Dualcast+1","Rip and Tear","Capacitor+1","conspire:Rain","BasicCrystalCard+1","Defragment","Loop+1","Melter","Heatsinks","Cold Snap"],"relics":["Cracked Core","NeowsBlessing","Pet Ghost","Boot","Blue Candle","Golden Egg","Replay:Mystery Machine","InkBottle"],"acts_visited":["Exordium"],"potions_floor_usage":[10,13],"damage_taken":[{"damage":0,"enemies":"2 Louse","floor":1,"turns":1},{"damage":0,"enemies":"Small Slimes","floor":5,"turns":1},{"damage":0,"enemies":"Gremlin Nob","floor":7,"turns":1},{"damage":0,"enemies":"Cultist","floor":8,"turns":2},{"damage":40,"enemies":"Lagavulin","floor":10,"turns":6},{"damage":0,"enemies":"Gremlin Nob","floor":13,"turns":2},{"damage":27,"enemies":"The Guardian","floor":16,"turns":2}],"seed_played":"7180432030632005374","potions_obtained":[{"floor":1,"key":"EssenceOfDarkness"},{"floor":5,"key":"Languid Potion"}],"is_trial":false,"path_per_floor":["M","?","?","$","M","R","E","M","T","E","R","?","E","?","R","B"],"character_chosen":"DEFECT","items_purchased":["Boot"],"campfire_rested":0,"item_purchase_floors":[4],"current_hp_per_floor":[75,75,57,57,57,57,57,57,57,17,17,10,10,10,10,0,0],"gold":228,"neow_bonus":"THREE_ENEMY_KILL","is_daily":false,"chose_seed":false,"campfire_upgraded":3,"win_rate":0.0,"timestamp":1612162120,"path_taken":["M","?","?","$","M","R","E","?","T","E","R","?","E","?","R","BOSS"],"items_purchased_type":["Relic"],"build_version":"2020-12-22","purchased_purges":0,"victory":false,"max_hp_per_floor":[75,75,75,75,75,75,75,75,75,75,75,75,75,75,75,75,75],"relic_stats":{"counters":[7,15],"Blue Candle":[0],"Boot":[0],"obtain_stats":[{"Golden Egg":9,"NeowsBlessing":0,"Blue Candle":7,"Replay:Mystery Machine":10,"Cracked Core":0,"Boot":4,"Pet Ghost":3,"InkBottle":13},{"Golden Egg":4,"NeowsBlessing":0,"Blue Candle":3,"Replay:Mystery Machine":5,"Cracked Core":0,"Boot":1,"Pet Ghost":1,"InkBottle":6},{"Golden Egg":5,"NeowsBlessing":0,"Blue Candle":3,"Replay:Mystery Machine":11,"Cracked Core":0,"Boot":1,"Pet Ghost":1,"InkBottle":13}],"InkBottle":[0]},"card_choices":[{"not_picked":["Stack","Steam"],"picked":"Rip and Tear","floor":1},{"not_picked":["Double Energy","Redo"],"picked":"conspire:Rain","floor":3},{"not_picked":["Stack","ReplaySort"],"picked":"BasicCrystalCard","floor":3},{"not_picked":["Go for the Eyes","Panic Button"],"picked":"Defragment","floor":5},{"not_picked":["Steam","Thunder Strike"],"picked":"Loop","floor":7},{"not_picked":["conspire:SharedLibrary","Leap"],"picked":"Melter","floor":8},{"not_picked":["Conserve Battery","Tempest"],"picked":"Heatsinks","floor":10},{"not_picked":["ReplayGash","Rebound"],"picked":"Cold Snap","floor":13}],"player_experience":65427,"relics_obtained":[{"floor":3,"key":"Pet Ghost"},{"floor":7,"key":"Blue Candle"},{"floor":9,"key":"Golden Egg"},{"floor":10,"key":"Replay:Mystery Machine"},{"floor":13,"key":"InkBottle"}],"event_choices":[{"cards_removed":["Strike_B"],"damage_healed":0,"gold_gain":0,"player_choice":"Card Removal","damage_taken":7,"max_hp_gain":0,"max_hp_loss":0,"event_name":"Golden Wing","floor":12,"gold_loss":0},{"cards_removed":["Strike_B"],"damage_healed":0,"gold_gain":0,"player_choice":"Forget","damage_taken":0,"max_hp_gain":0,"max_hp_loss":0,"event_name":"Living Wall","floor":14,"gold_loss":0}],"is_beta":false,"boss_relics":[],"items_purged_floors":[],"is_endless":false,"potions_floor_spawned":[1,5],"killed_by":"The Guardian","ascension_level":0}}