{"host":"xb8s6f94jxtwitgf","time":1612196313,"event":{"mods":["Act Like it!","BaseMod","Better Third Choice","BetterRewards","Ekko","GifTheSpireLib","Hubris","Minty Spire (QoL Compilation)","Reliquary","Remove Card Discount Mod","Spicy Shops","Spikes Relics","StSLib"],"gold_per_floor":[116,116,0,25,39,39,50,83,136,101,101,101,420,454,454,553,553,563,563,577,577,591,591,623,623,623,623,640,669,669,196,196,293,293,310,106,106,106,117,117,133,133,133,133,163,176,192,66,66,66,66],"floor_reached":50,"language":"ENG","playtime":2397,"items_purged":["ekkoTheBoyWhoShatteredTime:Defend","Enlightenment","ekkoTheBoyWhoShatteredTime:Greed","ekkoTheBoyWhoShatteredTime:Defend+1","Pride"],"score":733,"play_id":"90cfc541-ae9f-4afa-9e63-3039ae8a032c","local_time":"20210201161833","is_ascension_mode":true,"campfire_choices":[{"data":"ekkoTheBoyWhoShatteredTime:NashorsTooth","floor":6.0,"key":"SMITH"},{"data":"ekkoTheBoyWhoShatteredTime:Powered","floor":12.0,"key":"SMITH"},{"data":"ekkoTheBoyWhoShatteredTime:LevelUp","floor":15.0,"key":"SMITH"},{"data":"ekkoTheBoyWhoShatteredTime:TrinityForce","floor":23.0,"key":"SMITH"},{"data":"ekkoTheBoyWhoShatteredTime:TimeMaster","floor":25.0,"key":"SMITH"},{"floor":27.0,"key":"REST"},{"data":"Panache","floor":32.0,"key":"SMITH"},{"data":"Madness","floor":40,"key":"SMITH"},{"data":"ekkoTheBoyWhoShatteredTime:PulsefirePooling","floor":42,"key":"SMITH"},{"data":"ekkoTheBoyWhoShatteredTime:NeedlesslyLargeRod","floor":49,"key":"SMITH"}],"circlet_count":0,"master_deck":["ekkoTheBoyWhoShatteredTime:Strike+1","ekkoTheBoyWhoShatteredTime:Strike+1","ekkoTheBoyWhoShatteredTime:Strike+1","ekkoTheBoyWhoShatteredTime:Strike+1","ekkoTheBoyWhoShatteredTime:Strike+1","ekkoTheBoyWhoShatteredTime:Defend+1","ekkoTheBoyWhoShatteredTime:Defend+1","ekkoTheBoyWhoShatteredTime:TimeMaster+1","ekkoTheBoyWhoShatteredTime:Powered+1","ekkoTheBoyWhoShatteredTime:NashorsTooth+1","ekkoTheBoyWhoShatteredTime:Backtrack","ekkoTheBoyWhoShatteredTime:NeedlesslyLargeRod+1","ekkoTheBoyWhoShatteredTime:BansheesVeil","ekkoTheBoyWhoShatteredTime:LevelUp+1","ekkoTheBoyWhoShatteredTime:TrinityForce+1","ekkoTheBoyWhoShatteredTime:QuickBreak+1","ekkoTheBoyWhoShatteredTime:NeedlesslyLargeRod+1","Panache+1","ekkoTheBoyWhoShatteredTime:PulsefirePooling+1","Madness+1","Madness","ekkoTheBoyWhoShatteredTime:Leap+1"],"relics":["ekkoTheBoyWhoShatteredTime:zDriveResonance","Juzu Bracelet","hubris:Icosahedron","Bronze Scales","hubris:BottledRain","Old Coin","ekkoTheBoyWhoShatteredTime:BronzeTube","CosmicIsotope","reliquary:HotPoker","BlackRope","Incense Burner","Membership Card","Gambling Chip","RollingBoulder","Coffee Dripper","BrokenLever","MealTicket","ClockworkSouvenir","hubris:MedicalManual","Pocketwatch","Eternal Feather"],"acts_visited":["Exordium","TheCity","TheBeyond"],"potions_floor_usage":[41,45,50],"damage_taken":[{"damage":0.0,"enemies":"Small Slimes","floor":1.0,"turns":3.0},{"damage":2.0,"enemies":"Jaw Worm","floor":5.0,"turns":3.0},{"damage":2.0,"enemies":"2 Louse","floor":7.0,"turns":2.0},{"damage":2.0,"enemies":"Gremlin Nob","floor":8.0,"turns":2.0},{"damage":22.0,"enemies":"Exordium Wildlife","floor":13.0,"turns":4.0},{"damage":4.0,"enemies":"Lagavulin","floor":14.0,"turns":7.0},{"damage":20.0,"enemies":"Hexaghost","floor":16.0,"turns":5.0},{"damage":12.0,"enemies":"Chosen","floor":18.0,"turns":3.0},{"damage":12.0,"enemies":"Shell Parasite","floor":20.0,"turns":4.0},{"damage":14.0,"enemies":"Snecko","floor":22.0,"turns":4.0},{"damage":18.0,"enemies":"Gremlin Leader","floor":24.0,"turns":6.0},{"damage":12.0,"enemies":"Snake Plant","floor":28.0,"turns":3.0},{"damage":1.0,"enemies":"Book of Stabbing","floor":29.0,"turns":4.0},{"damage":9.0,"enemies":"Champ","floor":33.0,"turns":6.0},{"damage":0.0,"enemies":"Orb Walker","floor":35.0,"turns":3.0},{"damage":8,"enemies":"3 Darklings","floor":39,"turns":5},{"damage":35,"enemies":"Writhing Mass","floor":41,"turns":4},{"damage":19,"enemies":"Nemesis","floor":45,"turns":7},{"damage":18,"enemies":"Jaw Worm Horde","floor":46,"turns":4},{"damage":20,"enemies":"Sphere and 2 Shapes","floor":47,"turns":5},{"damage":33,"enemies":"hubris:GrandSnecko","floor":50,"turns":4}],"seed_played":"-5767367683665057207","potions_obtained":[{"floor":7.0,"key":"Swift Potion"},{"floor":13.0,"key":"GamblersBrew"},{"floor":18.0,"key":"DistilledChaos"},{"floor":20.0,"key":"FairyPotion"},{"floor":35.0,"key":"ColorlessPotion"},{"floor":47,"key":"SkillPotion"}],"is_trial":false,"path_per_floor":["M","?","?","T","M","R","M","E","T","?","?","R","M","E","R","B",null,"M","?","M","?","M","R","E","R","T","R","M","E","?","$","R","B",null,"M","$","?","?","M","R","M","R","T","?","E","M","M","$","R","B"],"character_chosen":"EKKO_THE_BOY_WHO_SHATTERED_TIME","items_purchased":["ekkoTheBoyWhoShatteredTime:NashorsTooth","Juzu Bracelet","Membership Card","Gambling Chip","RollingBoulder","Panache","BrokenLever","MealTicket","ClockworkSouvenir","Eternal Feather"],"campfire_rested":1,"item_purchase_floors":[0,0,31,31,31,31,36,36,36,48],"current_hp_per_floor":[68,68,74,74,72,72,70,68,68,84,67,67,45,41,41,21,84,72,72,60,60,46,46,28,28,28,53,41,83,67,67,67,58,89,89,89,89,78,70,70,35,35,35,35,16,26,6,21,33,0,0],"gold":66,"neow_bonus":"","is_daily":false,"chose_seed":false,"campfire_upgraded":9,"win_rate":0.0,"timestamp":1612196313,"path_taken":["M","?","?","?","M","R","M","E","T","?","?","R","M","E","R","BOSS","M","?","M","?","M","R","E","R","T","R","M","E","?","$","R","BOSS","M","$","?","?","M","R","M","R","T","?","E","M","M","$","R","BOSS"],"items_purchased_type":["Card","Relic","Relic","Relic","Relic","Card","Relic","Relic","Relic","Relic"],"build_version":"2020-12-22","purchased_purges":5,"victory":false,"max_hp_per_floor":[78,78,84,84,84,84,84,84,84,84,84,84,84,84,84,84,84,84,84,84,84,84,84,84,84,84,84,84,84,89,89,89,89,89,89,89,89,89,89,89,89,89,89,89,89,89,89,89,89,89,89],"card_choices":[{"not_picked":["ekkoTheBoyWhoShatteredTime:FeelIt","ekkoTheBoyWhoShatteredTime:SpHit"],"picked":"ekkoTheBoyWhoShatteredTime:Greed","floor":1.0},{"not_picked":["ekkoTheBoyWhoShatteredTime:WaitForKeyTiming","ekkoTheBoyWhoShatteredTime:AfterimageTease"],"picked":"ekkoTheBoyWhoShatteredTime:Backtrack","floor":5.0},{"not_picked":["ekkoTheBoyWhoShatteredTime:WaitForKeyTiming","ekkoTheBoyWhoShatteredTime:HauntingGuise"],"picked":"ekkoTheBoyWhoShatteredTime:NeedlesslyLargeRod","floor":7.0},{"not_picked":["ekkoTheBoyWhoShatteredTime:Discharge","ekkoTheBoyWhoShatteredTime:PhaseDive"],"picked":"ekkoTheBoyWhoShatteredTime:BansheesVeil","floor":8.0},{"not_picked":["ekkoTheBoyWhoShatteredTime:Greed","ekkoTheBoyWhoShatteredTime:SneakHit","ekkoTheBoyWhoShatteredTime:AfterimageBait"],"picked":"SKIP","floor":13.0},{"not_picked":["ekkoTheBoyWhoShatteredTime:WideSlice","ekkoTheBoyWhoShatteredTime:AfterimageBait"],"picked":"ekkoTheBoyWhoShatteredTime:LevelUp","floor":14.0},{"not_picked":["ekkoTheBoyWhoShatteredTime:URF","ekkoTheBoyWhoShatteredTime:OverloadingWeapon"],"picked":"ekkoTheBoyWhoShatteredTime:TrinityForce","floor":16.0},{"not_picked":["ekkoTheBoyWhoShatteredTime:SpHit","ekkoTheBoyWhoShatteredTime:SneakHit","ekkoTheBoyWhoShatteredTime:AfterimageBait"],"picked":"SKIP","floor":18.0},{"not_picked":["ekkoTheBoyWhoShatteredTime:HauntingGuise","ekkoTheBoyWhoShatteredTime:Vibin+1"],"picked":"ekkoTheBoyWhoShatteredTime:QuickBreak+1","floor":20.0},{"not_picked":["ekkoTheBoyWhoShatteredTime:Backtrack","ekkoTheBoyWhoShatteredTime:HauntedAfterimage","ekkoTheBoyWhoShatteredTime:Discharge"],"picked":"SKIP","floor":22.0},{"not_picked":["ekkoTheBoyWhoShatteredTime:HauntingGuise","ekkoTheBoyWhoShatteredTime:HauntedAfterimage+1"],"picked":"ekkoTheBoyWhoShatteredTime:NeedlesslyLargeRod+1","floor":24.0},{"not_picked":["ekkoTheBoyWhoShatteredTime:QuickBreak","ekkoTheBoyWhoShatteredTime:Playful","ekkoTheBoyWhoShatteredTime:AfterimageTease"],"picked":"SKIP","floor":28.0},{"not_picked":["ekkoTheBoyWhoShatteredTime:SpHit","ekkoTheBoyWhoShatteredTime:BansheesVeil","ekkoTheBoyWhoShatteredTime:NaggingBlow"],"picked":"SKIP","floor":29.0},{"not_picked":["ekkoTheBoyWhoShatteredTime:OverloadingWeapon","ekkoTheBoyWhoShatteredTime:TrickOrTreatTrend"],"picked":"ekkoTheBoyWhoShatteredTime:PulsefirePooling","floor":33.0},{"not_picked":["ekkoTheBoyWhoShatteredTime:SpHit+1","ekkoTheBoyWhoShatteredTime:PhaseDive","ekkoTheBoyWhoShatteredTime:CommittedStrike"],"picked":"SKIP","floor":35.0},{"not_picked":["ekkoTheBoyWhoShatteredTime:HauntedAfterimage+1","ekkoTheBoyWhoShatteredTime:AfterimageBait+1","ekkoTheBoyWhoShatteredTime:HauntingGuise+1"],"picked":"SKIP","floor":39},{"not_picked":["ekkoTheBoyWhoShatteredTime:SpHit+1","ekkoTheBoyWhoShatteredTime:AfterimageDualStroke+1"],"picked":"ekkoTheBoyWhoShatteredTime:Leap+1","floor":41},{"not_picked":["ekkoTheBoyWhoShatteredTime:ZhonyasHourglass","ekkoTheBoyWhoShatteredTime:PhaseDive+1","ekkoTheBoyWhoShatteredTime:AfterimageBait"],"picked":"SKIP","floor":45},{"not_picked":["ekkoTheBoyWhoShatteredTime:BansheesVeil","ekkoTheBoyWhoShatteredTime:FeelIt+1","ekkoTheBoyWhoShatteredTime:Acceleration+1"],"picked":"SKIP","floor":46},{"not_picked":["ekkoTheBoyWhoShatteredTime:AfterimageBait+1","ekkoTheBoyWhoShatteredTime:CalmingWaves","ekkoTheBoyWhoShatteredTime:SneakHit"],"picked":"SKIP","floor":47}],"player_experience":989714,"relics_obtained":[{"floor":4.0,"key":"Bronze Scales"},{"floor":8.0,"key":"hubris:BottledRain"},{"floor":9.0,"key":"reliquary:FerryPass"},{"floor":13.0,"key":"Old Coin"},{"floor":14.0,"key":"ekkoTheBoyWhoShatteredTime:BronzeTube"},{"floor":24.0,"key":"reliquary:HotPoker"},{"floor":26.0,"key":"BlackRope"},{"floor":29.0,"key":"Incense Burner"},{"floor":43,"key":"hubris:MedicalManual"},{"floor":45,"key":"Pocketwatch"}],"event_choices":[{"damage_healed":0.0,"max_hp_gain":0.0,"max_hp_loss":0.0,"gold_gain":0.0,"event_name":"betterThird:BetterSerpent","player_choice":"RENOUNCE","floor":3.0,"gold_loss":116.0,"damage_taken":116.0,"cards_obtained":["Enlightenment"]},{"damage_healed":21.0,"max_hp_gain":0.0,"max_hp_loss":0.0,"gold_gain":0.0,"event_name":"The Cleric","player_choice":"Healed","floor":10.0,"gold_loss":35.0,"damage_taken":0.0},{"damage_healed":84.0,"max_hp_gain":0.0,"max_hp_loss":84.0,"gold_gain":0.0,"event_name":"betterThird:BetterShining","player_choice":"Upgrade","floor":11.0,"gold_loss":0.0,"damage_taken":17.0,"cards_upgraded":["ekkoTheBoyWhoShatteredTime:Defend","ekkoTheBoyWhoShatteredTime:Strike"]},{"damage_healed":0.0,"max_hp_gain":0.0,"max_hp_loss":0.0,"gold_gain":0.0,"event_name":"Ghosts","player_choice":"Ignored","floor":19.0,"gold_loss":0.0,"damage_taken":0.0},{"damage_healed":0.0,"max_hp_gain":0.0,"max_hp_loss":6.0,"gold_gain":0.0,"event_name":"betterThird:BetterWriting","player_choice":"Simplicity","floor":21.0,"gold_loss":0.0,"damage_taken":0.0},{"damage_healed":0.0,"max_hp_gain":5.0,"max_hp_loss":0.0,"gold_gain":0.0,"event_name":"Forgotten Altar","player_choice":"Shed Blood","floor":30.0,"gold_loss":0.0,"damage_taken":21.0},{"damage_healed":0.0,"max_hp_gain":0.0,"max_hp_loss":0.0,"gold_gain":0.0,"event_name":"Tomb of Lord Red Mask","player_choice":"Ignored","floor":37.0,"gold_loss":0.0,"damage_taken":0.0},{"damage_healed":0.0,"max_hp_gain":0.0,"max_hp_loss":0.0,"gold_gain":0.0,"event_name":"Winding Halls","player_choice":"Embrace Madness","floor":38.0,"gold_loss":0.0,"damage_taken":11.0,"cards_obtained":["Madness","Madness"]}],"is_beta":false,"boss_relics":[{"not_picked":["Astrolabe","hubris:GrandSneckoEye"],"picked":"CosmicIsotope"},{"not_picked":["Empty Cage","hubris:VirtuousBlindfold"],"picked":"Coffee Dripper"}],"items_purged_floors":[0,31,31,31,48],"is_endless":false,"potions_floor_spawned":[7,13,18,20,35,47],"killed_by":"hubris:GrandSnecko","ascension_level":2}}