{"host":"vyiqbz5w606ur92t","time":1612137773,"event":{"mods":["BaseMod","Downfall","Minty Spire (QoL Compilation)","StSLib"],"gold_per_floor":[99,112,129,129,229,10,37,69,69,98,115,15,25,52,68,171,171,171,186,197,223,58,87,87,115,215,15,122,142,153,184,204,304,304,304,324,336,336,347,347,347,347,362,394,9,21,48,58,73,73,73,99,7,7,7,7],"floor_reached":57,"language":"ENG","playtime":10117,"items_purged":["downfall:Bewildered"],"score":1568,"play_id":"9b515a63-cff6-42aa-a725-9437e0309e18","local_time":"20210201000253","is_ascension_mode":true,"campfire_choices":[{"data":"Slimebound:Equalize","floor":1,"key":"SMITH"},{"floor":9,"key":"REST"},{"data":"Slimebound:MassRepurpose","floor":12,"key":"SMITH"},{"floor":18,"key":"RECALL"},{"data":"Slimebound:Replication","floor":27,"key":"SMITH"},{"data":"Slimebound:OneTwoCombo","floor":35,"key":"SMITH"},{"data":"Slimebound:ComboTackle","floor":42,"key":"SMITH"},{"floor":54,"key":"REST"}],"circlet_count":0,"master_deck":["Slimebound:Tackle","Slimebound:Defend_Slimebound","Slimebound:Defend_Slimebound","Slimebound:Defend_Slimebound","Slimebound:Defend_Slimebound","Slimebound:Split+1","Slimebound:CorrosiveSpit","Slimebound:Equalize+1","Slimebound:SplitMire","Slimebound:PressTheAttack","Slimebound:SlimeTap","Slimebound:DivideAndConquer","Slimebound:MassRepurpose+1","Slimebound:GoopSpray","Slimebound:SplitMire","Slimebound:ServeAndProtect","Slimebound:SplitLeeching","Slimebound:SplitMire","Slimebound:RallyTheTroops","Slimebound:Nibble+1","Slimebound:SplitMire+1","Slimebound:Replication+1","Slimebound:GoopTackle+1","Slimebound:SplitAcid","Slimebound:RallyTheTroops","Slimebound:GoopTackle+1","Slimebound:Overexert+1","Slimebound:SlimeSpikes+1","Slimebound:Recycling+1","Slimebound:LeechEnergy+1","Slimebound:LivingWall","Slimebound:OneTwoCombo+1","Slimebound:SlimeBarrage+1","Slimebound:Equalize+1","Slimebound:SplitBruiser+1","Slimebound:ComboTackle+1","Parasite","Slimebound:GoopSpray+1","Slimebound:HauntingLick+1","Slimebound:ForwardTackle+1","Slimebound:ComboTackle+1","Slimebound:TagTeam","Slimebound:MegaLick","Slimebound:Repurpose"],"relics":["Slimebound:AbsorbEndCombat","Art of War","Omamori","Kunai","Blue Candle","downfall:HeartBlessingGreen","Meat on the Bone","expansioncontent:StudyCardRelic","Slimebound:SelfDamagePreventRelic","Frozen Egg 2","Lizard Tail","Slimebound:PreparedRelic","downfall:ExtraCursedKey","downfall:HeartBlessingRed","downfall:HeartBlessingBlue","Vajra","Prayer Wheel","Busted Crown","Sundial","Potion Belt","Torii","Pen Nib","Orichalcum"],"acts_visited":["Exordium","TheCity","TheBeyond","TheEnding"],"potions_floor_usage":[5,8,14,16,31,31,32,33,37,44,50,52,56,56,56,56],"damage_taken":[{"damage":2,"enemies":"Jaw Worm","floor":2,"turns":4},{"damage":0,"enemies":"Small Slimes","floor":3,"turns":3},{"damage":45,"enemies":"downfall:Heads","floor":5,"turns":5},{"damage":5,"enemies":"downfall:FleeingMerchant","floor":6,"turns":4},{"damage":29,"enemies":"Gremlin Nob","floor":8,"turns":4},{"damage":5,"enemies":"Lagavulin","floor":10,"turns":5},{"damage":0,"enemies":"Cultist","floor":11,"turns":3},{"damage":9,"enemies":"3 Louse","floor":13,"turns":2},{"damage":29,"enemies":"Gremlin Nob","floor":14,"turns":4},{"damage":0,"enemies":"Exordium Wildlife","floor":15,"turns":5},{"damage":8,"enemies":"IC_STATUS_ARCHETYPE","floor":16,"turns":7},{"damage":5,"enemies":"Spheric Guardian","floor":19,"turns":3},{"damage":22,"enemies":"3 Byrds","floor":20,"turns":3},{"damage":6,"enemies":"downfall:FleeingMerchant","floor":22,"turns":4},{"damage":28,"enemies":"Slavers","floor":23,"turns":3},{"damage":24,"enemies":"Book of Stabbing","floor":25,"turns":5},{"damage":0,"enemies":"downfall:FleeingMerchant","floor":28,"turns":2},{"damage":12,"enemies":"Snecko","floor":29,"turns":3},{"damage":0,"enemies":"3 Cultists","floor":30,"turns":2},{"damage":34,"enemies":"Slavers","floor":31,"turns":5},{"damage":12,"enemies":"Chosen and Byrds","floor":32,"turns":4},{"damage":9,"enemies":"DF_ARCHETYPE_CLAW","floor":33,"turns":4},{"damage":0,"enemies":"3 Shapes","floor":36,"turns":2},{"damage":11,"enemies":"Orb Walker","floor":37,"turns":3},{"damage":11,"enemies":"Maw","floor":39,"turns":4},{"damage":1,"enemies":"Transient","floor":43,"turns":5},{"damage":1,"enemies":"Giant Head","floor":44,"turns":6},{"damage":8,"enemies":"Sphere and 2 Shapes","floor":46,"turns":3},{"damage":9,"enemies":"Nemesis","floor":47,"turns":5},{"damage":21,"enemies":"3 Darklings","floor":48,"turns":3},{"damage":18,"enemies":"Spire Growth","floor":49,"turns":3},{"damage":7,"enemies":"SI_POISON_ARCHETYPE","floor":50,"turns":6},{"damage":44,"enemies":"downfall:CharBossMerchant","floor":52,"turns":6},{"damage":16,"enemies":"downfall:NeowBoss","floor":55,"turns":10},{"damage":40,"enemies":"downfall:NeowBossFinal","floor":56,"turns":7}],"seed_played":"-8731728962615692189","potions_obtained":[{"floor":3,"key":"SkillPotion"},{"floor":10,"key":"SmokeBomb"},{"floor":11,"key":"Ancient Potion"},{"floor":13,"key":"GamblersBrew"},{"floor":14,"key":"Slimebound:SlimyTonguePotion"},{"floor":15,"key":"Ancient Potion"},{"floor":29,"key":"EssenceOfSteel"},{"floor":31,"key":"LiquidBronze"},{"floor":32,"key":"EssenceOfSteel"},{"floor":33,"key":"PowerPotion"},{"floor":36,"key":"SmokeBomb"},{"floor":37,"key":"Ancient Potion"},{"floor":43,"key":"SkillPotion"},{"floor":44,"key":"champ:CounterPotion"},{"floor":47,"key":"Weak Potion"},{"floor":49,"key":"SpeedPotion"},{"floor":52,"key":"champ:CounterPotion"}],"is_trial":false,"path_per_floor":["R","M","M","?","?","$","T","E","R","E","M","R","M","E","M","B",null,"R","M","M","T","$","E","T","E","?","R","$","M","M","E","M","B",null,"R","M","M","?","M","?","T","R","M","E","$","M","E","M","M","B",null,"E","$","R","B","B",null],"character_chosen":"SLIMEBOUND","items_purchased":["Slimebound:MassRepurpose","Block Potion","Slimebound:SelfDamagePreventRelic","Slimebound:Overexert+1","Vajra","Torii","Slimebound:Repurpose","Energy Potion"],"campfire_rested":2,"item_purchase_floors":[6,6,22,28,28,45,53,53],"current_hp_per_floor":[65,65,65,58,26,37,37,24,43,56,65,65,58,38,52,64,65,65,60,58,58,65,51,51,47,47,57,73,63,71,43,45,56,70,70,75,70,70,64,64,64,64,74,75,75,69,75,72,58,73,75,48,48,70,70,44],"gold":7,"neow_bonus":"TRANSFORM_CARD","is_daily":false,"chose_seed":false,"campfire_upgraded":5,"win_rate":0.0,"timestamp":1612137773,"path_taken":["R","M","M","?","?","$","T","E","R","E","M","R","?","E","M","BOSS","R","M","M","?","$","E","T","E","?","R","?","M","?","E","M","BOSS","R","M","M","?","M","?","T","R","M","E","$","?","E","M","M","BOSS","E","$","R","BOSS","BOSS"],"items_purchased_type":["Card","Potion","Relic","Card","Relic","Relic","Card","Potion"],"build_version":"2020-12-22","purchased_purges":1,"victory":true,"max_hp_per_floor":[65,65,65,65,65,65,65,65,65,65,65,65,65,65,65,65,65,65,65,65,65,65,65,65,65,65,75,75,75,75,75,75,75,75,75,75,75,75,75,75,75,75,75,75,75,75,75,75,75,75,75,75,75,75,75,75],"card_choices":[{"not_picked":["Slimebound:SlimeSpikes","Slimebound:ProtectTheBoss"],"picked":"Slimebound:SplitMire","floor":2},{"not_picked":["Slimebound:SlimeSpikes","Slimebound:GrowthPunch"],"picked":"Slimebound:PressTheAttack","floor":3},{"not_picked":["Slimebound:RejuvenatingLick","Slimebound:SlimeSpikes"],"picked":"Slimebound:SlimeTap","floor":5},{"not_picked":["Slimebound:BestDefense","Slimebound:SlimeTap","Slimebound:TongueLash"],"picked":"SKIP","floor":6},{"not_picked":["Slimebound:ComboTackle","Slimebound:GoopTackle"],"picked":"Slimebound:GoopSpray","floor":8},{"not_picked":["Slimebound:Grow","Slimebound:BestDefense","Slimebound:SlimeSpikes"],"picked":"SKIP","floor":10},{"not_picked":["Slimebound:LeechEnergy","Slimebound:FinishingTackle"],"picked":"Slimebound:SplitMire","floor":11},{"not_picked":["Slimebound:CheckThePlaybook","Slimebound:Nibble"],"picked":"Slimebound:ServeAndProtect","floor":13},{"not_picked":["Slimebound:GoopTackle","Slimebound:LevelUp"],"picked":"Slimebound:SplitLeeching","floor":14},{"not_picked":["Slimebound:Grow","Slimebound:SlimeSpikes"],"picked":"Slimebound:SplitMire","floor":15},{"not_picked":["Slimebound:MassRepurpose","Slimebound:FirmFortitude"],"picked":"Slimebound:RallyTheTroops","floor":16},{"not_picked":["Slimebound:DivideAndConquer","Slimebound:LeadByExample+1"],"picked":"Slimebound:Nibble+1","floor":19},{"not_picked":["Slimebound:GoopSpray","Slimebound:RainOfGoop"],"picked":"Slimebound:SplitMire+1","floor":20},{"not_picked":["Slimebound:RollThrough","Slimebound:HauntingLick"],"picked":"Slimebound:Replication","floor":22},{"not_picked":["Slimebound:OneTwoCombo","Slimebound:Grow+1"],"picked":"Slimebound:GoopTackle+1","floor":23},{"not_picked":["Slimebound:SlimeTap","Slimebound:Chomp"],"picked":"Slimebound:SplitAcid","floor":25},{"not_picked":["Slimebound:RejuvenatingLick","Slimebound:TongueLash"],"picked":"Slimebound:GoopTackle+1","floor":28},{"not_picked":["Slimebound:SplitBruiser","Slimebound:PressTheAttack"],"picked":"Slimebound:SlimeSpikes+1","floor":29},{"not_picked":["Slimebound:RejuvenatingLick","Slimebound:SlimeSpikes+1"],"picked":"Slimebound:Recycling+1","floor":30},{"not_picked":["Slimebound:RainOfGoop","Slimebound:RejuvenatingLick"],"picked":"Slimebound:LeechEnergy+1","floor":31},{"not_picked":["Slimebound:SamplingLick","Slimebound:Replication+1"],"picked":"Slimebound:LivingWall","floor":32},{"not_picked":["Slimebound:HauntingLick","Slimebound:FinishingTackle+1","Slimebound:SplitLeeching"],"picked":"SKIP","floor":32},{"not_picked":["Slimebound:CheckThePlaybook","Slimebound:RallyTheTroops"],"picked":"Slimebound:OneTwoCombo","floor":33},{"not_picked":[],"picked":"Slimebound:SlimeBarrage+1","floor":36},{"not_picked":["Slimebound:TongueLash+1"],"picked":"SKIP","floor":36},{"not_picked":[],"picked":"Slimebound:Equalize+1","floor":37},{"not_picked":[],"picked":"Slimebound:SplitBruiser+1","floor":37},{"not_picked":[],"picked":"Slimebound:ComboTackle","floor":39},{"not_picked":["Slimebound:ComboTackle"],"picked":"SKIP","floor":39},{"not_picked":[],"picked":"Slimebound:GoopSpray+1","floor":43},{"not_picked":["Slimebound:SplitMire+1"],"picked":"SKIP","floor":43},{"not_picked":["Slimebound:RainOfGoop"],"picked":"SKIP","floor":44},{"not_picked":["Slimebound:SplitAcid"],"picked":"SKIP","floor":46},{"not_picked":["Slimebound:AcidTongue+1"],"picked":"SKIP","floor":46},{"not_picked":[],"picked":"Slimebound:HauntingLick+1","floor":47},{"not_picked":[],"picked":"Slimebound:ForwardTackle+1","floor":48},{"not_picked":[],"picked":"Slimebound:ComboTackle+1","floor":48},{"not_picked":[],"picked":"Slimebound:TagTeam","floor":49},{"not_picked":["Slimebound:LivingWall+1"],"picked":"SKIP","floor":49},{"not_picked":[],"picked":"Slimebound:MegaLick","floor":52}],"player_experience":1311683,"relics_obtained":[{"floor":7,"key":"Omamori"},{"floor":8,"key":"Kunai"},{"floor":10,"key":"Blue Candle"},{"floor":14,"key":"Meat on the Bone"},{"floor":23,"key":"Frozen Egg 2"},{"floor":24,"key":"Lizard Tail"},{"floor":25,"key":"Slimebound:PreparedRelic"},{"floor":31,"key":"Prayer Wheel"},{"floor":41,"key":"Sundial"},{"floor":44,"key":"Potion Belt"},{"floor":47,"key":"Pen Nib"},{"floor":52,"key":"Orichalcum"}],"event_choices":[{"damage_healed":0,"gold_gain":0,"player_choice":"Success","damage_taken":7,"relics_obtained":["Art of War"],"max_hp_gain":0,"max_hp_loss":0,"event_name":"Scrap Ooze","floor":4,"gold_loss":0}],"is_beta":false,"boss_relics":[{"not_picked":["SacredBark","Astrolabe"],"picked":"expansioncontent:StudyCardRelic"},{"not_picked":["Sozu","Velvet Choker"],"picked":"Busted Crown"}],"items_purged_floors":[45],"is_endless":false,"potions_floor_spawned":[3,10,11,13,14,15,29,31,32,33,36,37,43,44,47,49,52],"ascension_level":5}}