{"host":"b2j09bgckbzjrujr","time":1612153877,"event":{"mods":["AchievementEnabler","Act Like it!","Aspiration","BaseMod","BetterRewards","Colored Map","Colored Powertips","Conspire","Friendly Minions","Infinite Spire","Marisa£®ÏF”Í°°ƒß¿Ì…≥£©","Minty Spire (QoL Compilation)","Quick Restart","Rare Cards Sparkle","Reimu£®≤©¿ˆ¡È√Œ£©","Remilia£®¿Ÿ√◊¿Ú—«£©","Replay The Spire","Shop Mod","StSLib","SuperFastMode","TestMod","The Cursed","The Jungle","The Servant 0.9.4","Waifu the Spire","Youmu£®ªÍ∆«—˝√Œ£©","Yuyuko","[IsaacMod]“‘»ˆº‚À˛","°æπ¶ƒ‹Mod°øªÏ„Á÷Æª∑–ﬁ∏¥≤π∂°"],"gold_per_floor":[117,117,117,117,117,150,169,61,113,139,139,173,190,205,205,305,305,274,292,292,292],"floor_reached":20,"language":"ZHS","playtime":744,"items_purged":[],"score":304,"play_id":"d4727425-8e8a-4c76-9326-0e08420f5ae7","local_time":"20210201123117","is_ascension_mode":true,"campfire_choices":[{"data":"conspire:HitWhereItHurts","floor":11,"key":"SMITH"},{"floor":15,"key":"DIG"}],"circlet_count":0,"master_deck":["Strike_R","Strike_R","Strike_R","Strike_R","Strike_R","Defend_R+1","Defend_R","Defend_R+1","Defend_R","Bash+1","conspire:HitWhereItHurts+1"],"relics":["Replay:M_SmolderingBlood","testmod-TestBox","HushsDoor","testmod-InjuryResistance","BelialBook","NeowsBlessing","infinitespire:Cubic Diamond","Pondfish Scales","MerchantsRug","testmod-CrystalShield","infinitespire:WardingShard","HowToJump","testmod-SaigiyounoYou","GuppysTail"],"acts_visited":["Exordium","TheCity"],"potions_floor_usage":[12,14,18],"damage_taken":[{"damage":0,"enemies":"2 Louse","floor":1,"turns":1},{"damage":0,"enemies":"Gremlin Nob","floor":6,"turns":1},{"damage":0,"enemies":"Jaw Worm","floor":7,"turns":1},{"damage":9,"enemies":"Lagavulin","floor":10,"turns":3},{"damage":7,"enemies":"3 Sentries","floor":12,"turns":4},{"damage":0,"enemies":"Small Slimes","floor":13,"turns":3},{"damage":0,"enemies":"Exordium Thugs","floor":14,"turns":5},{"damage":34,"enemies":"Slime Boss","floor":16,"turns":9},{"damage":18,"enemies":"2 Thieves","floor":18,"turns":5},{"damage":40,"enemies":"Spheric Guardian","floor":19,"turns":9},{"damage":17,"enemies":"Chosen and Byrds","floor":20,"turns":4}],"seed_played":"-3412682626785858285","potions_obtained":[{"floor":6,"key":"FearPotion"},{"floor":12,"key":"Fire Potion"},{"floor":13,"key":"Swift Potion"},{"floor":19,"key":"ZuzhouPotion:ReiMu"}],"is_trial":false,"path_per_floor":["M","?","?","$","?","E","M","$","T","E","R","E","M","M","R_BF","B",null,"M","M","M"],"character_chosen":"IRONCLAD","items_purchased":["testmod-Faith","MerchantsRug","GuppysTail"],"campfire_rested":0,"item_purchase_floors":[8,8,17],"current_hp_per_floor":[78,78,78,78,72,72,72,72,72,63,63,56,56,56,56,22,58,46,7,0,0],"gold":292,"neow_bonus":"THREE_ENEMY_KILL","is_daily":false,"chose_seed":false,"campfire_upgraded":1,"win_rate":0.0,"timestamp":1612153877,"path_taken":["M","?","?","$","?","E","M","?","T","E","R","E","M","?","R_BF","BOSS","M","M","M"],"items_purchased_type":["Relic","Relic","Relic"],"build_version":"2020-12-22","purchased_purges":0,"victory":false,"max_hp_per_floor":[80,80,80,80,80,80,80,80,80,80,80,80,80,80,80,80,70,70,70,70,70],"card_choices":[{"not_picked":[],"picked":"Bomb","floor":0},{"not_picked":[],"picked":"Bomb","floor":0},{"not_picked":["Massacre","Armaments","Sever Soul"],"picked":"SKIP","floor":1},{"not_picked":["Iron Wave","BowlingBash"],"picked":"Bomb","floor":6},{"not_picked":["Shrug It Off","Flex","Rage"],"picked":"SKIP","floor":7},{"not_picked":["Defy Death","Whirlwind"],"picked":"conspire:HitWhereItHurts","floor":10},{"not_picked":["Clash","Metallicize","Battle Trance"],"picked":"SKIP","floor":12},{"not_picked":["Armaments","Dark Embrace","Replay:Undeath\u0027s Touch"],"picked":"SKIP","floor":13},{"not_picked":["Pommel Strike","conspire:Charge"],"picked":"Bomb","floor":14},{"not_picked":["Bloodletting+1","Perfected Strike","ReplayTheSpireMod:Corrosion Curse"],"picked":"SKIP","floor":18},{"not_picked":["Wild Strike+1","Headbutt","Replay:Undeath\u0027s Touch+1"],"picked":"SKIP","floor":19},{"not_picked":["Wild Strike+1","Headbutt","Replay:Undeath\u0027s Touch+1"],"picked":"SKIP","floor":19}],"player_experience":71219,"relics_obtained":[{"floor":6,"key":"Pondfish Scales"},{"floor":10,"key":"testmod-CrystalShield"},{"floor":12,"key":"infinitespire:WardingShard"},{"floor":15,"key":"HowToJump"}],"event_choices":[{"damage_healed":0,"gold_gain":0,"player_choice":"Grow","damage_taken":0,"max_hp_gain":0,"max_hp_loss":0,"event_name":"Living Wall","floor":2,"gold_loss":0,"cards_upgraded":["Bash"]},{"damage_healed":0,"gold_gain":0,"player_choice":"Success","damage_taken":7,"relics_obtained":["War Paint"],"max_hp_gain":0,"max_hp_loss":0,"event_name":"Scrap Ooze","floor":5,"gold_loss":0}],"is_beta":false,"boss_relics":[{"not_picked":["Black Star","aspiration:SecretTechniqueScroll"],"picked":"testmod-SaigiyounoYou"},{"not_picked":[]}],"items_purged_floors":[],"is_endless":false,"potions_floor_spawned":[6,12,13,19],"killed_by":"Chosen and Byrds","ascension_level":8}}