{"host":"dscols65uipasqd2","time":1612141819,"event":{"mods":["2.2 Compatiblity","AchievementEnabler","Aspiration","BaseMod","Colored Powertips","Downfall","Energized Spire","GifTheSpireLib","Hermit","Hubris","Infinite Spire","JesterMod","Jorbs\u0027s Wanderer Trilogy","Magitek Elite","Marisa????????","Minty Spire (QoL Compilation)","Rare Cards Sparkle","Replay The Spire","StSLib","Stuff the Spire","The Cursed","The Disciple","The Hierophant","The Judge","The Jungle","TheFirefly"],"gold_per_floor":[374,391,403,415,434,434,434,434,434,31,49,74,86,113,135,147,147,147],"floor_reached":16,"language":"ENG","playtime":621,"items_purged":[],"score":209,"play_id":"9a8956a6-5522-4116-9959-6407be035c60","local_time":"20210131201019","is_ascension_mode":true,"campfire_choices":[{"floor":8,"key":"REST"}],"circlet_count":0,"master_deck":["bronze:Strike+1","bronze:Strike","bronze:Strike","bronze:Strike","bronze:Defend","bronze:Defend+1","bronze:Defend","bronze:Defend","bronze:Replicate","bronze:Goto","Regret","bronze:DarkDash","bronze:Philosophize","bronze:Branch+1","bronze:OilSpill","downfall:Malfunctioning","Injury","bronze:FineTuning","bronze:MaxOutput+1","bronze:Separator","bronze:MaxOutput+1","bronze:Flail","Amnesia","Looming Evil","infinitespire:Oblivion","bronze:Frontload","bronze:FineTuning"],"relics":["bronze:BronzeCore","aspiration:TomeofQuesting","Frozen Egg 2","StuffTheSpire:Experiment12","Bag of Marbles","MawBank"],"acts_visited":["Exordium"],"potions_floor_usage":[16,16,16],"damage_taken":[{"damage":2,"enemies":"Cultist","floor":2,"turns":4},{"damage":8,"enemies":"Jaw Worm","floor":3,"turns":3},{"damage":3,"enemies":"2 Louse","floor":4,"turns":4},{"damage":8,"enemies":"Large Slime","floor":5,"turns":6},{"damage":5,"enemies":"downfall:FleeingMerchant","floor":10,"turns":4},{"damage":8,"enemies":"Blue Slaver","floor":11,"turns":3},{"damage":27,"enemies":"3 Sentries","floor":12,"turns":7},{"damage":0,"enemies":"3 Louse","floor":14,"turns":1},{"damage":11,"enemies":"Red Slaver","floor":15,"turns":2},{"damage":22,"enemies":"IC_STATUS_ARCHETYPE","floor":16,"turns":3}],"seed_played":"-6330658391741106663","potions_obtained":[{"floor":2,"key":"hexamod:SoulburnPotion"},{"floor":14,"key":"champ:CounterPotion"},{"floor":15,"key":"Reflective Coating"}],"is_trial":false,"path_per_floor":["R","M","M","M","M","?","T","R","?","$","M","E","?","M","M","B"],"character_chosen":"THE_AUTOMATON","items_purchased":["bronze:MaxOutput+1","StuffTheSpire:Experiment12","Bag of Marbles","bronze:Separator"],"campfire_rested":1,"item_purchase_floors":[10,10,10,10],"current_hp_per_floor":[70,68,60,57,49,49,49,70,70,65,57,30,30,30,19,0,0,0],"gold":147,"neow_bonus":"RANDOM_COMMON_RELIC","is_daily":false,"chose_seed":false,"campfire_upgraded":0,"win_rate":0.0,"timestamp":1612141819,"path_taken":["R","M","M","M","M","?","T","R","?","$","M","E","?","M","M","BOSS"],"items_purchased_type":["Card","Relic","Relic","Card"],"build_version":"2020-12-22","purchased_purges":0,"victory":false,"max_hp_per_floor":[70,70,70,70,70,70,70,70,70,70,70,70,70,70,70,70,70,70],"card_choices":[{"not_picked":["bronze:Deprecate","bronze:WildBeam"],"picked":"bronze:DarkDash","floor":2},{"not_picked":["bronze:Frontload","bronze:Iterate"],"picked":"bronze:Philosophize","floor":3},{"not_picked":["bronze:AlphaBuild","bronze:DigitalCarnage"],"picked":"bronze:Branch","floor":4},{"not_picked":["bronze:Constructor","bronze:Turbo"],"picked":"bronze:OilSpill","floor":5},{"not_picked":["bronze:Refactor","bronze:Repair"],"picked":"bronze:FineTuning","floor":10},{"not_picked":["bronze:Invalidate","bronze:Deprecate"],"picked":"bronze:MaxOutput+1","floor":11},{"not_picked":["bronze:FineTuning","bronze:ForLoop"],"picked":"bronze:Flail","floor":12},{"not_picked":["infinitespire:SealOfDarkness+","infinitespire:Fortify"],"picked":"infinitespire:Oblivion","floor":13},{"not_picked":["bronze:Separator","bronze:ForceShield"],"picked":"bronze:Frontload","floor":14},{"not_picked":["bronze:CutThrough","bronze:BuggyMess"],"picked":"bronze:FineTuning","floor":15}],"player_experience":521728,"relics_obtained":[{"floor":12,"key":"MawBank"}],"event_choices":[],"is_beta":false,"boss_relics":[],"items_purged_floors":[],"is_endless":false,"potions_floor_spawned":[2,14,15],"killed_by":"IC_STATUS_ARCHETYPE","ascension_level":1}}