{"host":"nwd160me4iqdtr8u","time":1612161166,"event":{"mods":["AchievementEnabler","Act Like it!","BaseMod","Colored Map","DeckTracker","Keyboard Shortcuts","Minty Spire (QoL Compilation)","Quick Restart","Rare Cards Sparkle","StSLib","SuperFastMode","everything is the same but u backflip on backflip"],"gold_per_floor":[110,56,0,20,20,45,45,61,61,78,88,88,102,133,133,210,210,225,242,242,21,34,34,34,34],"floor_reached":24,"language":"KOR","playtime":892,"items_purged":["Strike_G"],"score":454,"play_id":"445fb081-df78-4ac4-9d79-8b857ff12dbf","local_time":"20210201153246","is_ascension_mode":true,"campfire_choices":[{"data":"Bouncing Flask","floor":7.0,"key":"SMITH"},{"floor":12.0,"key":"REST"},{"data":"Tactician","floor":15.0,"key":"SMITH"},{"data":"Footwork","floor":23.0,"key":"SMITH"}],"circlet_count":0,"master_deck":["AscendersBane","Strike_G","Strike_G","Strike_G","Strike_G","Defend_G","Defend_G","Defend_G","Defend_G","Defend_G","Survivor","Neutralize","Deadly Poison","Backflip","PiercingWail","Bouncing Flask+1","Tactician+1","Catalyst","Well Laid Plans","Dagger Spray","Prepared","After Image","Backflip","Noxious Fumes","Footwork+1","Acrobatics","Purity","Outmaneuver+1"],"relics":["Ring of the Snake","NeowsBlessing","Thread and Needle","Vajra","StoneCalendar","StrikeDummy","Letter Opener","Snecko Eye"],"acts_visited":["Exordium","TheCity"],"potions_floor_usage":[24],"damage_taken":[{"damage":0.0,"enemies":"2 Louse","floor":1.0,"turns":1.0},{"damage":0.0,"enemies":"Cultist","floor":4.0,"turns":1.0},{"damage":0.0,"enemies":"3 Sentries","floor":6.0,"turns":2.0},{"damage":0.0,"enemies":"Jaw Worm","floor":8.0,"turns":4.0},{"damage":0.0,"enemies":"Blue Slaver","floor":10.0,"turns":3.0},{"damage":12.0,"enemies":"Exordium Thugs","floor":11.0,"turns":4.0},{"damage":4.0,"enemies":"3 Louse","floor":13.0,"turns":4.0},{"damage":11.0,"enemies":"Lagavulin","floor":14.0,"turns":5.0},{"damage":29.0,"enemies":"Slime Boss","floor":16.0,"turns":8.0},{"damage":7.0,"enemies":"Shell Parasite","floor":18.0,"turns":5.0},{"damage":1.0,"enemies":"3 Byrds","floor":19.0,"turns":4.0},{"damage":17.0,"enemies":"Cultist and Chosen","floor":22.0,"turns":6.0},{"damage":31,"enemies":"Book of Stabbing","floor":24,"turns":3}],"seed_played":"7458291861346471773","potions_obtained":[{"floor":6.0,"key":"PowerPotion"},{"floor":8.0,"key":"Explosive Potion"},{"floor":13.0,"key":"Swift Potion"},{"floor":16.0,"key":"AttackPotion"},{"floor":19.0,"key":"BlessingOfTheForge"},{"floor":22.0,"key":"Strength Potion"}],"is_trial":false,"path_per_floor":["M","$","?","M","?","E","R","M","T","M","M","R","M","E","R","B",null,"M","M","?","$","M","R","E"],"character_chosen":"THE_SILENT","items_purchased":["Backflip","Acrobatics","Purity"],"campfire_rested":1,"item_purchase_floors":[2,21,21],"current_hp_per_floor":[59,59,59,59,48,48,48,48,48,48,36,55,51,40,40,11,52,45,44,44,44,27,27,0,0],"gold":34,"neow_bonus":"THREE_ENEMY_KILL","is_daily":false,"chose_seed":false,"campfire_upgraded":3,"win_rate":0.0,"timestamp":1612161166,"path_taken":["M","$","?","?","?","E","R","M","T","M","M","R","M","E","R","BOSS","M","M","?","?","M","R","E"],"items_purchased_type":["Card","Card","Card"],"build_version":"2020-12-22","purchased_purges":1,"victory":false,"max_hp_per_floor":[66,66,66,66,66,66,66,66,66,66,66,66,66,66,66,66,66,66,66,66,66,66,66,66,66],"card_choices":[{"not_picked":["Quick Slash","Cloak And Dagger"],"picked":"Deadly Poison","floor":1.0},{"not_picked":["Masterful Stab","Backflip"],"picked":"PiercingWail","floor":4.0},{"not_picked":["Dagger Spray","Slice"],"picked":"Bouncing Flask","floor":6.0},{"not_picked":["Backflip","Flechettes"],"picked":"Tactician","floor":8.0},{"not_picked":["Dash","Masterful Stab"],"picked":"Catalyst","floor":10.0},{"not_picked":["Poisoned Stab","Sucker Punch"],"picked":"Well Laid Plans","floor":11.0},{"not_picked":["Sucker Punch","Flying Knee"],"picked":"Dagger Spray","floor":13.0},{"not_picked":["Envenom","Dagger Spray"],"picked":"Prepared","floor":14.0},{"not_picked":["Unload","Doppelganger"],"picked":"After Image","floor":16.0},{"not_picked":["Slice","Poisoned Stab"],"picked":"Backflip","floor":18.0},{"not_picked":["Setup","Distraction+1"],"picked":"Noxious Fumes","floor":19.0},{"not_picked":["Quick Slash","Dodge and Roll+1"],"picked":"Outmaneuver+1","floor":22.0}],"player_experience":354924,"relics_obtained":[{"floor":6.0,"key":"StoneCalendar"},{"floor":9.0,"key":"StrikeDummy"},{"floor":14.0,"key":"Letter Opener"}],"event_choices":[{"damage_healed":0.0,"max_hp_gain":0.0,"max_hp_loss":0.0,"gold_gain":0.0,"event_name":"WeMeetAgain","player_choice":"Paid Gold","floor":3.0,"gold_loss":56.0,"damage_taken":0.0,"relics_obtained":["Thread and Needle"]},{"damage_healed":0.0,"max_hp_gain":0.0,"max_hp_loss":0.0,"gold_gain":0.0,"event_name":"Scrap Ooze","player_choice":"Success","floor":5.0,"gold_loss":0.0,"damage_taken":11.0,"relics_obtained":["Vajra"]},{"damage_healed":0.0,"max_hp_gain":0.0,"max_hp_loss":0.0,"gold_gain":0.0,"event_name":"The Library","player_choice":"Read","floor":20.0,"gold_loss":0.0,"damage_taken":0.0,"cards_obtained":["Footwork"]}],"is_beta":false,"boss_relics":[{"not_picked":["Busted Crown","Empty Cage"],"picked":"Snecko Eye"}],"items_purged_floors":[21],"is_endless":false,"potions_floor_spawned":[6,8,10,13,16,19,22],"killed_by":"Book of Stabbing","ascension_level":19}}