{"host":"i9wanet4r0ff4t9y","time":1612178885,"event":{"mods":["2.2 Compatiblity","Act Like it!","BaseMod","Bestiary","Better Altar","Better Match","Better Note","Better Sensory Stone","Better Skull","Better Third Choice","Better Vampires","BetterRewards","CapriCore","Colored Map","Curses Come First","Downfall","Minty Spire (QoL Compilation)","Quick Restart","READ ME - Guardian Mod","READ ME - Snecko Mod","Relic Stats","Reliquary","Say the Spire","Spicy Shops","StSLib","The Disciple","The Gatherer","Waifu the Spire"],"gold_per_floor":[111,111,111,125,125,125,125],"floor_reached":6,"language":"POL","playtime":86,"items_purged":[],"score":66,"play_id":"267c8943-9c1d-4926-8fef-450ee99e3a25","local_time":"20210201122805","is_ascension_mode":true,"campfire_choices":[],"circlet_count":0,"master_deck":["AscendersBane","Strike_R","Strike_R","Strike_R","Strike_R","Strike_R","Defend_R","Defend_R","Defend_R","Defend_R","Bash+1","Metallicize","Cleave+1","Blood for Blood","Havoc","Thunderclap","Panacea+1","Spot Weakness"],"relics":["Burning Blood","Incense Burner","Singing Bowl","Tiny Chest"],"acts_visited":["Exordium"],"potions_floor_usage":[],"damage_taken":[{"damage":13.0,"enemies":"Jaw Worm","floor":1.0,"turns":4.0},{"damage":0.0,"enemies":"Small Slimes","floor":4.0,"turns":2.0},{"damage":0,"enemies":"Lagavulin","floor":6,"turns":2}],"seed_played":"928201159764626922","potions_obtained":[],"is_trial":false,"path_per_floor":["M","?","?","M","?","E"],"character_chosen":"IRONCLAD","items_purchased":["Incense Burner","Singing Bowl","Tiny Chest","Metallicize","Cleave","Blood for Blood","Havoc"],"campfire_rested":0,"item_purchase_floors":[0,0,0,0,0,0,0],"current_hp_per_floor":[26,26,26,32,9,9,9],"gold":125,"neow_bonus":"","is_daily":false,"chose_seed":false,"campfire_upgraded":0,"win_rate":0.0,"timestamp":1612178885,"path_taken":["M","?","?","M","?","E"],"items_purchased_type":["Relic","Relic","Relic","Card","Card","Card","Card"],"build_version":"2020-12-22","purchased_purges":0,"victory":false,"max_hp_per_floor":[75,75,75,75,75,75,75],"relic_stats":{"Singing Bowl":0,"counters":[53,243],"Tiny Chest":0,"obtain_stats":[{"reliquary:PartyBalloon":14,"Whetstone":0,"Sling":0,"Boot":17,"Old Coin":23,"Blood Vial":38,"Sozu":17,"HandDrill":0,"Pear":0,"Oddly Smooth Stone":0,"Charon\u0027s Ashes":0,"Letter Opener":24,"War Paint":0,"WarpedTongs":30,"reliquary:Bookmark":0,"Molten Egg 2":31,"Black Star":34,"reliquary:MedicineBall":0,"Darkstone Periapt":10,"Lantern":0,"Regal Pillow":3,"reliquary:SilkGlove":9,"Singing Bowl":43,"Magic Flower":0,"Enchiridion":25,"Incense Burner":19,"hubris:EmptyBottle":0,"Cursed Key":17,"Smiling Mask":9,"Burning Blood":0,"ClockworkSouvenir":0,"hubris:Icosahedron":2,"Gambling Chip":17,"Tiny Chest":0,"hubris:IronBody":26,"WingedGreaves":26,"Red Mask":39,"hexamod:CandleOfCauterizing":9,"Golden Idol":2,"Omamori":11,"hubris:Towel":47,"reliquary:RosewoodLute":0,"White Beast Statue":17,"Calling Bell":17,"betterThird:SlimedRelic":4,"Bloody Idol":24,"Orrery":0,"reliquary:Stiletto":11,"hubris:Potato":6,"Toy Ornithopter":10},{"reliquary:PartyBalloon":45,"Whetstone":0,"Sling":3,"Boot":46,"Old Coin":38,"Blood Vial":21,"Sozu":35,"HandDrill":39,"Pear":26,"Oddly Smooth Stone":39,"Charon\u0027s Ashes":26,"Letter Opener":17,"War Paint":0,"WarpedTongs":18,"reliquary:Bookmark":26,"Molten Egg 2":19,"Black Star":20,"reliquary:MedicineBall":39,"Darkstone Periapt":31,"Lantern":0,"Regal Pillow":1,"reliquary:SilkGlove":42,"Singing Bowl":23,"Magic Flower":3,"Enchiridion":49,"Incense Burner":14,"hubris:EmptyBottle":0,"Cursed Key":13,"Smiling Mask":30,"Burning Blood":0,"ClockworkSouvenir":3,"hubris:Icosahedron":1,"Gambling Chip":46,"Tiny Chest":50,"hubris:IronBody":17,"WingedGreaves":49,"Red Mask":21,"hexamod:CandleOfCauterizing":10,"Golden Idol":27,"Omamori":11,"hubris:Towel":24,"reliquary:RosewoodLute":39,"White Beast Statue":46,"Calling Bell":46,"betterThird:SlimedRelic":28,"Bloody Idol":49,"Orrery":0,"reliquary:Stiletto":43,"hubris:Potato":9,"Toy Ornithopter":11},{"reliquary:PartyBalloon":207,"Whetstone":0,"Sling":10,"Boot":217,"Old Coin":178,"Blood Vial":105,"Sozu":166,"HandDrill":184,"Pear":133,"Oddly Smooth Stone":184,"Charon\u0027s Ashes":133,"Letter Opener":82,"War Paint":0,"WarpedTongs":88,"reliquary:Bookmark":133,"Molten Egg 2":92,"Black Star":100,"reliquary:MedicineBall":184,"Darkstone Periapt":146,"Lantern":0,"Regal Pillow":4,"reliquary:SilkGlove":192,"Singing Bowl":113,"Magic Flower":10,"Enchiridion":231,"Incense Burner":66,"hubris:EmptyBottle":0,"Cursed Key":60,"Smiling Mask":144,"Burning Blood":0,"ClockworkSouvenir":10,"hubris:Icosahedron":4,"Gambling Chip":217,"Tiny Chest":235,"hubris:IronBody":82,"WingedGreaves":231,"Red Mask":105,"hexamod:CandleOfCauterizing":42,"Golden Idol":135,"Omamori":47,"hubris:Towel":117,"reliquary:RosewoodLute":184,"White Beast Statue":217,"Calling Bell":217,"betterThird:SlimedRelic":138,"Bloody Idol":231,"Orrery":0,"reliquary:Stiletto":196,"hubris:Potato":36,"Toy Ornithopter":47}],"Burning Blood":340},"card_choices":[{"not_picked":["Sword Boomerang","Ghostly Armor"],"picked":"Thunderclap","floor":1.0},{"not_picked":["Dark Shackles","Deep Breath"],"picked":"Panacea","floor":2.0},{"not_picked":["Feel No Pain","Perfected Strike"],"picked":"Spot Weakness","floor":4.0}],"player_experience":460171,"relics_obtained":[],"event_choices":[{"damage_healed":0.0,"max_hp_gain":0.0,"max_hp_loss":0.0,"gold_gain":1.0,"event_name":"betterStone:BetterStone","player_choice":"1","floor":2.0,"gold_loss":0.0,"damage_taken":0.0},{"damage_healed":0.0,"max_hp_gain":0.0,"max_hp_loss":0.0,"gold_gain":0.0,"event_name":"Living Wall","player_choice":"Grow","floor":3.0,"gold_loss":0.0,"damage_taken":0.0,"cards_upgraded":["Panacea"]},{"damage_healed":32,"gold_gain":0,"player_choice":"Upgrade","damage_taken":23,"max_hp_gain":0,"max_hp_loss":75,"event_name":"betterThird:BetterShining","floor":5,"gold_loss":0,"cards_upgraded":["Cleave","Bash"]}],"is_beta":false,"boss_relics":[],"items_purged_floors":[],"is_endless":false,"potions_floor_spawned":[],"killed_by":"Lagavulin","ascension_level":19}}