{"host":"zk71suw73lg2r165","time":1612155405,"event":{"mods":["BaseMod","Colored Map","Minty Spire (QoL Compilation)","Permanent Neow","Relic Stats","StSLib"],"gold_per_floor":[19,36,56,72,43,75,75,101,101,135,135,153,153,169,169,169,169],"floor_reached":16,"language":"ENG","playtime":569,"items_purged":[],"score":244,"play_id":"096b991e-83bc-416a-b42f-8aa43382121f","local_time":"20210131235645","is_ascension_mode":true,"campfire_choices":[{"floor":11.0,"key":"REST"},{"data":"Consume","floor":15,"key":"SMITH"}],"circlet_count":0,"master_deck":["AscendersBane","Strike_B","Strike_B","Defend_B","Defend_B","Defend_B","Zap","Dualcast","Darkness","Rip and Tear","Cold Snap","Conserve Battery","Consume+1","Steam","Coolheaded","Lockon","Ball Lightning+1","Turbo","Chill","Seek"],"relics":["Cracked Core","Bird Faced Urn","Oddly Smooth Stone","Bag of Marbles","Molten Egg 2"],"acts_visited":["Exordium"],"potions_floor_usage":[12,16,16],"damage_taken":[{"damage":0.0,"enemies":"Cultist","floor":1.0,"turns":3.0},{"damage":0.0,"enemies":"2 Louse","floor":2.0,"turns":1.0},{"damage":0.0,"enemies":"Small Slimes","floor":3.0,"turns":3.0},{"damage":7.0,"enemies":"3 Louse","floor":4.0,"turns":4.0},{"damage":13.0,"enemies":"3 Sentries","floor":6.0,"turns":10.0},{"damage":7.0,"enemies":"Lagavulin","floor":8.0,"turns":6.0},{"damage":20.0,"enemies":"3 Sentries","floor":10.0,"turns":11.0},{"damage":0,"enemies":"Large Slime","floor":12,"turns":3},{"damage":6,"enemies":"Red Slaver","floor":14,"turns":2},{"damage":38,"enemies":"Hexaghost","floor":16,"turns":9}],"seed_played":"401878038436464988","potions_obtained":[{"floor":1.0,"key":"Fire Potion"},{"floor":3.0,"key":"Swift Potion"},{"floor":8.0,"key":"ColorlessPotion"},{"floor":12,"key":"Regen Potion"},{"floor":14,"key":"Block Potion"}],"is_trial":false,"path_per_floor":["M","M","M","M","$","E","?","E","T","E","R","M","?","M","R","B"],"character_chosen":"DEFECT","items_purchased":["Steam"],"campfire_rested":1,"item_purchase_floors":[5],"current_hp_per_floor":[64,64,64,57,57,44,44,37,37,17,38,38,38,32,32,0,0],"gold":169,"neow_bonus":"TRANSFORM_TWO_CARDS","is_daily":false,"chose_seed":false,"campfire_upgraded":1,"win_rate":0.0,"timestamp":1612155405,"path_taken":["M","?","M","M","$","E","?","E","T","E","R","M","?","M","R","BOSS"],"items_purchased_type":["Card"],"build_version":"2020-12-22","purchased_purges":0,"victory":false,"max_hp_per_floor":[71,71,71,71,71,71,71,71,71,71,71,71,71,71,71,71,71],"relic_stats":{"counters":[10,52],"Bird Faced Urn":[0],"obtain_stats":[{"Bird Faced Urn":6,"Oddly Smooth Stone":8,"Molten Egg 2":10,"Bag of Marbles":9,"Cracked Core":0},{"Bird Faced Urn":5,"Oddly Smooth Stone":6,"Molten Egg 2":7,"Bag of Marbles":6,"Cracked Core":0},{"Bird Faced Urn":21,"Oddly Smooth Stone":27,"Molten Egg 2":38,"Bag of Marbles":27,"Cracked Core":0}]},"card_choices":[{"not_picked":["Scrape","Hologram"],"picked":"Cold Snap","floor":1.0},{"not_picked":["Go for the Eyes","Cold Snap"],"picked":"Conserve Battery","floor":2.0},{"not_picked":["Redo","Streamline","Rebound"],"picked":"SKIP","floor":3.0},{"not_picked":["Darkness","Lockon"],"picked":"Consume","floor":4.0},{"not_picked":["Auto Shields","Blizzard"],"picked":"Coolheaded","floor":6.0},{"not_picked":["Force Field","Redo"],"picked":"Lockon","floor":8.0},{"not_picked":["BootSequence","Cold Snap+1"],"picked":"Ball Lightning+1","floor":10.0},{"not_picked":["Double Energy","Blizzard+1"],"picked":"Turbo","floor":12},{"not_picked":["Stack","Melter+1"],"picked":"Seek","floor":14}],"player_experience":1432330,"relics_obtained":[{"floor":6.0,"key":"Bird Faced Urn"},{"floor":8.0,"key":"Oddly Smooth Stone"},{"floor":9.0,"key":"Bag of Marbles"},{"floor":10.0,"key":"Molten Egg 2"}],"event_choices":[{"damage_healed":0.0,"max_hp_gain":0.0,"max_hp_loss":0.0,"gold_gain":0.0,"event_name":"Liars Game","player_choice":"Ignored","floor":7.0,"gold_loss":0.0,"damage_taken":0.0},{"damage_healed":0,"gold_gain":0,"cards_transformed":["Strike_B"],"player_choice":"Change","damage_taken":0,"max_hp_gain":0,"max_hp_loss":0,"event_name":"Living Wall","floor":13,"gold_loss":0,"cards_obtained":["Chill"]}],"is_beta":false,"boss_relics":[],"items_purged_floors":[],"is_endless":false,"potions_floor_spawned":[1,3,8,12,14],"killed_by":"Hexaghost","ascension_level":20}}