{"host":"5yoj846f700ld8qy","time":1612215176,"event":{"mods":["AchievementEnabler","Aspiration","BaseMod","Better Altar","Better Match","Better Note","Better Sensory Stone","Better Skull","Better Third Choice","Colored Map","Colored Powertips","Minty Spire (QoL Compilation)","StSLib","UnlockEverythingMod"],"gold_per_floor":[113,113,123,123,136,136,171,171,171,171,171,186,219,232,232,310,310,329,329,303,37,50,50,50],"floor_reached":23,"language":"ENG","playtime":841,"items_purged":[],"score":402,"play_id":"04c1940c-7a98-48d0-8a7d-069358619e55","local_time":"20210201233256","is_ascension_mode":true,"campfire_choices":[{"data":"Zap","floor":6,"key":"SMITH"},{"data":"Coolheaded","floor":8,"key":"SMITH"},{"floor":10,"key":"REST"},{"floor":15,"key":"REST"}],"circlet_count":0,"master_deck":["AscendersBane","Strike_B","Strike_B","Defend_B+1","Defend_B","Defend_B","Zap+1","Dualcast","Cold Snap+1","Coolheaded+1","BootSequence","Core Surge","Leap","Buffer","Self Repair","Echo Form","Turbo","Hologram"],"relics":["Cracked Core","NeowsBlessing","Pear","Mercury Hourglass","Symbiotic Virus","Empty Cage","Gremlin Horn"],"acts_visited":["Exordium","TheCity"],"potions_floor_usage":[13,16,22],"damage_taken":[{"damage":0,"enemies":"2 Louse","floor":1,"turns":1},{"damage":0,"enemies":"Small Slimes","floor":3,"turns":1},{"damage":0,"enemies":"Jaw Worm","floor":5,"turns":1},{"damage":23,"enemies":"Lagavulin","floor":7,"turns":9},{"damage":10,"enemies":"Exordium Wildlife","floor":12,"turns":3},{"damage":8,"enemies":"3 Sentries","floor":13,"turns":6},{"damage":0,"enemies":"Exordium Thugs","floor":14,"turns":4},{"damage":16,"enemies":"Slime Boss","floor":16,"turns":12},{"damage":2,"enemies":"3 Byrds","floor":18,"turns":4},{"damage":28,"enemies":"2 Thieves","floor":20,"turns":4},{"damage":26,"enemies":"Centurion and Healer","floor":22,"turns":6},{"damage":72,"enemies":"Book of Stabbing","floor":23,"turns":6}],"seed_played":"2739289357781513590","potions_obtained":[{"floor":1,"key":"FairyPotion"},{"floor":12,"key":"PotionOfCapacity"},{"floor":13,"key":"Fire Potion"},{"floor":20,"key":"Fire Potion"}],"is_trial":false,"path_per_floor":["M","?","M","?","M","R","E","R","T","R","?","M","E","M","R","B",null,"M","?","M","$","M","E"],"character_chosen":"DEFECT","items_purchased":["Gremlin Horn"],"campfire_rested":2,"item_purchase_floors":[21],"current_hp_per_floor":[64,57,57,62,62,62,49,49,49,74,48,38,30,30,55,46,76,81,81,60,60,41,0,0],"gold":50,"neow_bonus":"THREE_ENEMY_KILL","is_daily":false,"chose_seed":false,"campfire_upgraded":2,"win_rate":0.0,"timestamp":1612215176,"path_taken":["M","?","M","?","M","R","E","R","T","R","?","M","E","M","R","BOSS","M","?","M","$","M","E"],"items_purchased_type":["Relic"],"build_version":"2020-12-22","purchased_purges":0,"victory":false,"max_hp_per_floor":[71,71,71,76,76,76,86,86,86,86,86,86,86,86,86,86,86,86,86,86,86,86,86,86],"card_choices":[{"not_picked":["Aggregate","Steam"],"picked":"Cold Snap","floor":1},{"not_picked":["Barrage","Steam"],"picked":"Coolheaded","floor":3},{"not_picked":["Compile Driver","Leap"],"picked":"BootSequence","floor":5},{"not_picked":["Hologram","Glacier"],"picked":"Core Surge","floor":7},{"not_picked":["Conserve Battery","Barrage"],"picked":"Leap","floor":12},{"not_picked":["Steam","Skim"],"picked":"Buffer","floor":13},{"not_picked":["Steam","Streamline"],"picked":"Self Repair","floor":14},{"not_picked":["Machine Learning","Reboot"],"picked":"Echo Form","floor":16},{"not_picked":["Stack+1","Rebound"],"picked":"Turbo","floor":18},{"not_picked":["Aggregate","Leap"],"picked":"Hologram","floor":20},{"not_picked":["Leap","FTL","Cold Snap"],"picked":"SKIP","floor":22}],"player_experience":425837,"relics_obtained":[{"floor":7,"key":"Pear"},{"floor":9,"key":"Mercury Hourglass"},{"floor":13,"key":"Symbiotic Virus"}],"event_choices":[{"cards_removed":["Strike_B"],"damage_healed":0,"gold_gain":0,"player_choice":"Card Removal","damage_taken":7,"max_hp_gain":0,"max_hp_loss":0,"event_name":"Golden Wing","floor":2,"gold_loss":0},{"damage_healed":0,"gold_gain":0,"player_choice":"Donut","damage_taken":0,"max_hp_gain":5,"max_hp_loss":0,"event_name":"Big Fish","floor":4,"gold_loss":0},{"damage_healed":74,"gold_gain":0,"player_choice":"Upgrade","damage_taken":26,"max_hp_gain":0,"max_hp_loss":86,"event_name":"betterThird:BetterShining","floor":11,"gold_loss":0,"cards_upgraded":["Cold Snap","Defend_B"]},{"damage_healed":0,"gold_gain":0,"player_choice":"Adaptability","damage_taken":0,"max_hp_gain":0,"max_hp_loss":0,"event_name":"betterThird:BetterWriting","floor":19,"gold_loss":0}],"is_beta":false,"boss_relics":[{"not_picked":["Runic Dome","Fusion Hammer"],"picked":"Empty Cage"}],"items_purged_floors":[],"is_endless":false,"potions_floor_spawned":[1,12,13,20],"killed_by":"Book of Stabbing","ascension_level":20}}