{"host":"fuszjwm6fqgjjp4d","time":1612141632,"event":{"mods":["BaseMod","Bestiary","Colored Map","DeckTracker","Minty Spire (QoL Compilation)","Permanent Neow","Relic Sorter","Relic Stats","StSLib"],"gold_per_floor":[115,133,133,133,133,168,168,184,184,184,54,64,76,91,91,168,168,178,178,103,77,89,89,89,89],"floor_reached":24,"language":"ENG","playtime":560,"items_purged":["Strike_B"],"score":396,"play_id":"01aedf63-6b90-40ce-b99b-fb279fb8d97d","local_time":"20210131190712","is_ascension_mode":true,"campfire_choices":[{"floor":7.0,"key":"REST"},{"data":"Zap","floor":10.0,"key":"SMITH"},{"data":"Lockon","floor":15.0,"key":"SMITH"},{"data":"Hologram","floor":23,"key":"SMITH"}],"circlet_count":0,"master_deck":["AscendersBane","Strike_B","Strike_B","Defend_B","Defend_B","Defend_B","Defend_B","Zap+1","Dualcast","Consume","Defragment+1","Self Repair+1","Conserve Battery","Defragment+1","Lockon+1","Cold Snap","Seek","Static Discharge+1","Hologram+1"],"relics":["Cracked Core","Omamori","Frozen Egg 2","Smiling Mask","Shuriken","Sozu"],"acts_visited":["Exordium","TheCity"],"potions_floor_usage":[21,24],"damage_taken":[{"damage":4.0,"enemies":"Small Slimes","floor":1.0,"turns":3.0},{"damage":0.0,"enemies":"2 Louse","floor":2.0,"turns":4.0},{"damage":35.0,"enemies":"3 Sentries","floor":6.0,"turns":8.0},{"damage":2.0,"enemies":"Cultist","floor":8.0,"turns":4.0},{"damage":11.0,"enemies":"Blue Slaver","floor":12.0,"turns":4.0},{"damage":5.0,"enemies":"3 Louse","floor":13.0,"turns":4.0},{"damage":12.0,"enemies":"Looter","floor":14.0,"turns":3.0},{"damage":19.0,"enemies":"The Guardian","floor":16.0,"turns":10.0},{"damage":30.0,"enemies":"3 Byrds","floor":18.0,"turns":5.0},{"damage":22,"enemies":"2 Thieves","floor":21,"turns":4},{"damage":9,"enemies":"Chosen and Byrds","floor":22,"turns":5},{"damage":34,"enemies":"Slavers","floor":24,"turns":4}],"seed_played":"-2138834197928376808","potions_obtained":[{"floor":6.0,"key":"GamblersBrew"},{"floor":13.0,"key":"PotionOfCapacity"},{"floor":14.0,"key":"LiquidBronze"}],"is_trial":false,"path_per_floor":["M","M","?","?","?","E","R","M","T","R","$","M","M","M","R","B",null,"M","?","?","M","M","R","E"],"character_chosen":"DEFECT","items_purchased":["Defragment+1"],"campfire_rested":1,"item_purchase_floors":[11],"current_hp_per_floor":[60,60,60,49,49,14,35,43,43,43,43,42,47,45,45,36,62,42,42,42,30,31,31,0,0],"gold":89,"neow_bonus":"RANDOM_COMMON_RELIC","is_daily":false,"chose_seed":false,"campfire_upgraded":3,"win_rate":0.0,"timestamp":1612141632,"path_taken":["M","M","?","?","?","E","R","M","T","R","$","M","M","?","R","BOSS","M","?","?","M","M","R","E"],"items_purchased_type":["Card"],"build_version":"2020-12-22","purchased_purges":1,"victory":false,"max_hp_per_floor":[71,71,71,71,71,71,71,71,71,71,71,71,71,71,71,71,71,71,71,71,71,71,71,71,71],"relic_stats":{"Sozu":1,"counters":[12,58],"Shuriken":[3],"Smiling Mask":25,"obtain_stats":[{"Sozu":17,"Shuriken":9,"Omamori":0,"Frozen Egg 2":3,"Cracked Core":0,"Smiling Mask":6},{"Sozu":8,"Shuriken":4,"Omamori":0,"Frozen Egg 2":2,"Cracked Core":0,"Smiling Mask":3},{"Sozu":40,"Shuriken":19,"Omamori":0,"Frozen Egg 2":7,"Cracked Core":0,"Smiling Mask":15}]},"card_choices":[{"not_picked":["Go for the Eyes","Beam Cell"],"picked":"Consume","floor":1.0},{"not_picked":["Beam Cell","Steam"],"picked":"Defragment","floor":2.0},{"not_picked":["Consume","Coolheaded"],"picked":"Self Repair+1","floor":6.0},{"not_picked":["Beam Cell","Double Energy"],"picked":"Conserve Battery","floor":8.0},{"not_picked":["Chaos","Tempest","Stack"],"picked":"SKIP","floor":12.0},{"not_picked":["Barrage","Undo"],"picked":"Lockon","floor":13.0},{"not_picked":["Gash","Hologram"],"picked":"Cold Snap","floor":14.0},{"not_picked":["Meteor Strike","Multi-Cast"],"picked":"Seek","floor":16.0},{"not_picked":["Compile Driver","Auto Shields","Genetic Algorithm"],"picked":"SKIP","floor":18.0},{"not_picked":["Turbo","Scrape"],"picked":"Static Discharge+1","floor":21},{"not_picked":["Sunder","Recycle"],"picked":"Hologram","floor":22}],"player_experience":1409965,"relics_obtained":[{"floor":6.0,"key":"Smiling Mask"},{"floor":9.0,"key":"Shuriken"}],"event_choices":[{"damage_healed":0.0,"max_hp_gain":0.0,"max_hp_loss":0.0,"gold_gain":0.0,"event_name":"Big Fish","player_choice":"Box","floor":3.0,"gold_loss":0.0,"damage_taken":0.0,"relics_obtained":["Frozen Egg 2"],"cards_obtained":["Regret"]},{"damage_healed":0.0,"max_hp_gain":0.0,"max_hp_loss":0.0,"gold_gain":0.0,"event_name":"Scrap Ooze","player_choice":"Fled","floor":4.0,"gold_loss":0.0,"damage_taken":11.0},{"damage_healed":0.0,"max_hp_gain":0.0,"max_hp_loss":0.0,"gold_gain":0.0,"event_name":"Upgrade Shrine","player_choice":"Upgraded","floor":5.0,"gold_loss":0.0,"damage_taken":0.0,"cards_upgraded":["Defragment"]},{"damage_healed":0,"gold_gain":0,"player_choice":"Ignored","damage_taken":0,"max_hp_gain":0,"max_hp_loss":0,"event_name":"Ghosts","floor":19,"gold_loss":0},{"cards_removed":["Strike_B"],"damage_healed":0,"gold_gain":0,"player_choice":"Gave Gold","damage_taken":0,"max_hp_gain":0,"max_hp_loss":0,"event_name":"Beggar","floor":20,"gold_loss":75}],"is_beta":false,"boss_relics":[{"not_picked":["FrozenCore","Astrolabe"],"picked":"Sozu"}],"items_purged_floors":[11],"is_endless":false,"potions_floor_spawned":[6,13,14,21],"killed_by":"Slavers","ascension_level":20}}