{"host":"y76x98twjnyyxs83","time":1612214716,"event":{"mods":["BaseMod","Colored Powertips","Minty Spire (QoL Compilation)","Permanent Neow","Quick Restart","Rare Cards Sparkle","Relic Stats","StSLib"],"gold_per_floor":[111,111,130,144,162,162,191,191,218,235,100,116,131,157,157,229,229,239,252,252,272,27,27,27,60,60,60,76,76,110,135,135,211,211,224,224,235,248,32,32,360,360,383,410,410,410],"floor_reached":45,"language":"ENG","playtime":2542,"items_purged":["Strike_B"],"score":1060,"play_id":"8a993ff5-b33a-4fec-9864-f374bce58480","local_time":"20210202052516","is_ascension_mode":true,"campfire_choices":[{"data":"Cold Snap","floor":6.0,"key":"SMITH"},{"floor":8.0,"key":"REST"},{"floor":15.0,"key":"REST"},{"floor":24.0,"key":"REST"},{"floor":29,"key":"REST"},{"data":"Defragment","floor":32,"key":"SMITH"},{"floor":40,"key":"REST"},{"data":"Defragment","floor":42,"key":"SMITH"}],"circlet_count":0,"master_deck":["AscendersBane","Strike_B+1","Strike_B+1","Defend_B+1","Defend_B+1","Defend_B+1","Defend_B+1","Zap","Dualcast","Compile Driver","Cold Snap+1","Coolheaded","Sweeping Beam+1","FTL","Glacier","Cold Snap+1","Capacitor","Creative AI+1","Chaos","Genetic Algorithm","Defragment+1","Consume+1","Skim","Capacitor","Defragment+1","Amplify+1","Turbo","Glacier","Mayhem"],"relics":["SlaversCollar","Bronze Scales","Art of War","Toy Ornithopter","Velvet Choker","Kunai","PreservedInsect","Bag of Preparation","Red Mask","Runic Pyramid","Old Coin","Whetstone"],"acts_visited":["Exordium","TheCity","TheBeyond"],"potions_floor_usage":[33,45],"damage_taken":[{"damage":6.0,"enemies":"Jaw Worm","floor":1.0,"turns":5.0},{"damage":3.0,"enemies":"Cultist","floor":3.0,"turns":5.0},{"damage":7.0,"enemies":"Small Slimes","floor":4.0,"turns":3.0},{"damage":3.0,"enemies":"2 Fungi Beasts","floor":5.0,"turns":4.0},{"damage":26.0,"enemies":"Gremlin Nob","floor":7.0,"turns":4.0},{"damage":10.0,"enemies":"3 Louse","floor":10.0,"turns":3.0},{"damage":17.0,"enemies":"Exordium Thugs","floor":12.0,"turns":3.0},{"damage":3.0,"enemies":"2 Fungi Beasts","floor":13.0,"turns":3.0},{"damage":3.0,"enemies":"3 Sentries","floor":14.0,"turns":7.0},{"damage":23.0,"enemies":"Slime Boss","floor":16.0,"turns":12.0},{"damage":19.0,"enemies":"Shell Parasite","floor":18.0,"turns":8.0},{"damage":14.0,"enemies":"Spheric Guardian","floor":19.0,"turns":6.0},{"damage":21.0,"enemies":"Centurion and Healer","floor":21.0,"turns":9.0},{"damage":8.0,"enemies":"Gremlin Leader","floor":25.0,"turns":11.0},{"damage":11,"enemies":"Snake Plant","floor":28,"turns":5},{"damage":6,"enemies":"Book of Stabbing","floor":30,"turns":6},{"damage":16,"enemies":"Masked Bandits","floor":31,"turns":6},{"damage":9,"enemies":"Champ","floor":33,"turns":10},{"damage":26,"enemies":"3 Darklings","floor":35,"turns":6},{"damage":21,"enemies":"3 Shapes","floor":37,"turns":6},{"damage":5,"enemies":"3 Darklings","floor":38,"turns":10},{"damage":0,"enemies":"Giant Head","floor":41,"turns":10},{"damage":0,"enemies":"Nemesis","floor":44,"turns":7},{"damage":65,"enemies":"Transient","floor":45,"turns":5}],"seed_played":"1184267606411362114","potions_obtained":[{"floor":5.0,"key":"ColorlessPotion"},{"floor":7.0,"key":"GamblersBrew"},{"floor":10.0,"key":"Explosive Potion"},{"floor":12.0,"key":"Swift Potion"},{"floor":16.0,"key":"Weak Potion"},{"floor":25.0,"key":"LiquidBronze"},{"floor":30,"key":"Explosive Potion"},{"floor":41,"key":"DistilledChaos"}],"is_trial":false,"path_per_floor":["M","?","M","M","M","R","E","R","T","M","$","M","M","E","R","B",null,"M","M","?","M","$","?","R","E","T","?","M","R","E","?","R","B",null,"M","?","M","M","$","R","E","R","T","E","M"],"character_chosen":"DEFECT","items_purchased":["FocusPotion","FTL","EssenceOfSteel","Defragment","Mayhem"],"campfire_rested":5,"item_purchase_floors":[11,11,22,22,39],"current_hp_per_floor":[58,58,55,48,45,45,19,40,40,30,30,13,10,7,28,5,55,36,22,22,6,6,6,27,24,24,24,13,34,28,12,12,8,55,29,29,8,3,3,24,24,24,24,24,0,0],"gold":410,"neow_bonus":"BOSS_RELIC","is_daily":false,"chose_seed":false,"campfire_upgraded":3,"win_rate":0.0,"timestamp":1612214716,"path_taken":["M","?","M","M","?","R","E","R","T","M","$","M","M","E","R","BOSS","M","M","?","M","?","?","R","E","T","?","M","R","E","?","R","BOSS","M","?","M","M","?","R","E","R","T","E","M"],"items_purchased_type":["Potion","Card","Potion","Card","Card"],"build_version":"2020-12-22","purchased_purges":1,"victory":false,"max_hp_per_floor":[71,71,71,71,71,71,71,71,71,71,71,71,71,71,71,71,71,71,71,71,71,71,71,71,71,71,71,71,71,71,71,71,71,71,71,71,71,71,71,71,71,71,71,71,71,71],"relic_stats":{"counters":[24,154],"Bronze Scales":[460],"PreservedInsect":223,"Art of War":[27],"Bag of Preparation":[16],"Kunai":[9],"Whetstone":["Sweeping Beam","Cold Snap"],"obtain_stats":[{"Velvet Choker":17,"PreservedInsect":26,"Bag of Preparation":30,"Whetstone":44,"Old Coin":41,"SlaversCollar":0,"Bronze Scales":7,"Art of War":9,"Red Mask":31,"Kunai":25,"Cracked Core":0,"Toy Ornithopter":14,"Runic Pyramid":34},{"Velvet Choker":10,"PreservedInsect":14,"Bag of Preparation":16,"Whetstone":23,"Old Coin":22,"SlaversCollar":0,"Bronze Scales":5,"Art of War":5,"Red Mask":17,"Kunai":14,"Cracked Core":0,"Toy Ornithopter":9,"Runic Pyramid":18},{"Velvet Choker":49,"PreservedInsect":83,"Bag of Preparation":94,"Whetstone":149,"Old Coin":142,"SlaversCollar":0,"Bronze Scales":21,"Art of War":21,"Red Mask":100,"Kunai":83,"Cracked Core":0,"Toy Ornithopter":37,"Runic Pyramid":110}],"Toy Ornithopter":20},"card_choices":[{"not_picked":["Steam","Stack"],"picked":"Compile Driver","floor":1.0},{"not_picked":["Redo","Hologram","Rebound"],"picked":"SKIP","floor":3.0},{"not_picked":["Gash","Streamline"],"picked":"Cold Snap","floor":4.0},{"not_picked":["Conserve Battery","Blizzard"],"picked":"Coolheaded","floor":5.0},{"not_picked":["Rebound","Turbo","Beam Cell"],"picked":"SKIP","floor":7.0},{"not_picked":["Double Energy","Scrape"],"picked":"Sweeping Beam","floor":10.0},{"not_picked":["Gash","FTL"],"picked":"Glacier","floor":12.0},{"not_picked":["Beam Cell","Melter"],"picked":"Cold Snap","floor":13.0},{"not_picked":["Lockon","Scrape"],"picked":"Capacitor","floor":14.0},{"not_picked":["Reboot","Rainbow"],"picked":"Creative AI","floor":16.0},{"not_picked":["Reprogram+1","Gash"],"picked":"Chaos","floor":18.0},{"not_picked":["Gash","Beam Cell","Stack"],"picked":"SKIP","floor":19.0},{"not_picked":["Reprogram","Steam+1"],"picked":"Genetic Algorithm","floor":21.0},{"not_picked":["Tempest","Leap"],"picked":"Consume+1","floor":25.0},{"not_picked":["Go for the Eyes","Scrape"],"picked":"Capacitor","floor":28},{"not_picked":["Compile Driver","Darkness"],"picked":"Defragment","floor":30},{"not_picked":["Biased Cognition","Seek"],"picked":"Amplify","floor":33},{"not_picked":["Conserve Battery+1","Rebound"],"picked":"Turbo","floor":35},{"not_picked":["Coolheaded","Capacitor","Leap"],"picked":"SKIP","floor":37},{"not_picked":["Chaos","Skim"],"picked":"Glacier","floor":38},{"not_picked":["White Noise","Cold Snap","Beam Cell+1"],"picked":"SKIP","floor":41},{"not_picked":["All For One","Turbo","Gash"],"picked":"SKIP","floor":44}],"player_experience":1185245,"relics_obtained":[{"floor":7.0,"key":"Bronze Scales"},{"floor":9.0,"key":"Art of War"},{"floor":14.0,"key":"Toy Ornithopter"},{"floor":25.0,"key":"Kunai"},{"floor":26.0,"key":"PreservedInsect"},{"floor":30,"key":"Bag of Preparation"},{"floor":31,"key":"Red Mask"},{"floor":41,"key":"Old Coin"},{"floor":44,"key":"Whetstone"}],"event_choices":[{"cards_removed":["Strike_B"],"damage_healed":0.0,"max_hp_gain":0.0,"max_hp_loss":0.0,"gold_gain":0.0,"event_name":"Bonfire Elementals","player_choice":"Offered Basic","floor":2.0,"gold_loss":0.0,"damage_taken":0.0},{"damage_healed":0.0,"max_hp_gain":0.0,"max_hp_loss":0.0,"gold_gain":0.0,"event_name":"Upgrade Shrine","player_choice":"Upgraded","floor":20.0,"gold_loss":0.0,"damage_taken":0.0,"cards_upgraded":["Creative AI"]},{"damage_healed":0.0,"max_hp_gain":0.0,"max_hp_loss":0.0,"gold_gain":0.0,"event_name":"Back to Basics","player_choice":"Simplicity","floor":23.0,"gold_loss":0.0,"damage_taken":0.0,"cards_upgraded":["Strike_B","Strike_B","Defend_B","Defend_B","Defend_B","Defend_B"]},{"damage_healed":0,"gold_gain":0,"player_choice":"Read","damage_taken":0,"max_hp_gain":0,"max_hp_loss":0,"event_name":"The Library","floor":27,"gold_loss":0,"cards_obtained":["Skim"]},{"damage_healed":0,"gold_gain":0,"player_choice":"Fought Bandits","damage_taken":0,"max_hp_gain":0,"max_hp_loss":0,"event_name":"Masked Bandits","floor":31,"gold_loss":0},{"damage_healed":0,"gold_gain":0,"player_choice":"Upgraded","damage_taken":0,"max_hp_gain":0,"max_hp_loss":0,"event_name":"Upgrade Shrine","floor":36,"gold_loss":0,"cards_upgraded":["Amplify"]}],"is_beta":false,"boss_relics":[{"not_picked":["Cursed Key","SacredBark"],"picked":"Velvet Choker"},{"not_picked":["Inserter","Astrolabe"],"picked":"Runic Pyramid"}],"items_purged_floors":[22],"is_endless":false,"potions_floor_spawned":[5,7,10,12,16,25,30,41],"killed_by":"Transient","ascension_level":17}}