{"host":"dztixnx9b0gu6w9i","time":1612219783,"event":{"mods":["BaseMod","Bestiary","Minty Spire (QoL Compilation)","Relic Stats","Slay the Relics Exporter","SpireBot","ojb\u0027s Better Paths Mod","ojb\u0027s Info Mod"],"gold_per_floor":[110,7,17,28,28,28,57,57,57,74,74,74,74,107,107,107,107],"floor_reached":16,"language":"ENG","playtime":2323,"items_purged":["Injury"],"score":216,"play_id":"5ca164b6-2ca7-4dcf-beb7-afafd10ed392","local_time":"20210201174943","is_ascension_mode":true,"campfire_choices":[{"data":"Eviscerate","floor":6,"key":"SMITH"},{"data":"All Out Attack","floor":8,"key":"SMITH"},{"data":"Footwork","floor":11,"key":"SMITH"},{"data":"Neutralize","floor":13,"key":"SMITH"},{"data":"Poisoned Stab","floor":15,"key":"SMITH"}],"circlet_count":0,"master_deck":["AscendersBane","Strike_G","Strike_G","Strike_G","Strike_G","Defend_G","Defend_G","Defend_G","Defend_G","Defend_G","Survivor","Neutralize+1","Adrenaline","Eviscerate+1","Poisoned Stab+1","Footwork+1","Dagger Throw","All Out Attack+1","Blade Dance","Leg Sweep"],"relics":["Ring of the Snake","TungstenRod","Bottled Tornado","Anchor"],"acts_visited":["Exordium"],"potions_floor_usage":[16],"damage_taken":[{"damage":1,"enemies":"2 Louse","floor":1,"turns":3},{"damage":3,"enemies":"Small Slimes","floor":3,"turns":5},{"damage":0,"enemies":"Cultist","floor":4,"turns":3},{"damage":32,"enemies":"Gremlin Nob","floor":7,"turns":4},{"damage":0,"enemies":"Large Slime","floor":10,"turns":4},{"damage":6,"enemies":"Lagavulin","floor":14,"turns":7},{"damage":15,"enemies":"Hexaghost","floor":16,"turns":9}],"seed_played":"-1444105424950635149","potions_obtained":[{"floor":7,"key":"Fire Potion"},{"floor":10,"key":"Dexterity Potion"}],"is_trial":false,"path_per_floor":["M","$","M","M","?","R","E","R","T","M","R","?","R","E","R","B"],"character_chosen":"THE_SILENT","items_purchased":["Poisoned Stab"],"campfire_rested":0,"item_purchase_floors":[2],"current_hp_per_floor":[58,58,55,55,48,48,16,16,16,16,16,21,21,15,15,0,0],"gold":107,"neow_bonus":"THREE_RARE_CARDS","is_daily":false,"chose_seed":false,"campfire_upgraded":5,"win_rate":0.0,"timestamp":1612219783,"path_taken":["M","$","M","M","?","R","E","R","T","M","R","?","R","E","R","BOSS"],"items_purchased_type":["Card"],"build_version":"2020-12-22","purchased_purges":1,"victory":false,"max_hp_per_floor":[66,66,66,66,66,66,66,66,66,66,66,71,71,71,71,71,71],"relic_stats":{"counters":[7,35],"obtain_stats":[{"Anchor":14,"Bottled Tornado":9,"TungstenRod":7,"Ring of the Snake":0},{"Anchor":6,"Bottled Tornado":4,"TungstenRod":4,"Ring of the Snake":0},{"Anchor":26,"Bottled Tornado":15,"TungstenRod":15,"Ring of the Snake":0}],"TungstenRod":12,"Ring of the Snake":[14]},"card_choices":[{"not_picked":["Malaise","Burst"],"picked":"Adrenaline","floor":0},{"not_picked":["Flying Knee","Sucker Punch"],"picked":"Eviscerate","floor":1},{"not_picked":["PiercingWail","Dodge and Roll"],"picked":"Footwork","floor":3},{"not_picked":["Caltrops","Infinite Blades"],"picked":"Dagger Throw","floor":4},{"not_picked":["Outmaneuver","Tactician"],"picked":"All Out Attack","floor":7},{"not_picked":["Poisoned Stab","Slice"],"picked":"Blade Dance","floor":10},{"not_picked":["Poisoned Stab","Slice"],"picked":"Leg Sweep","floor":14}],"player_experience":8395987,"relics_obtained":[{"floor":7,"key":"TungstenRod"},{"floor":9,"key":"Bottled Tornado"},{"floor":14,"key":"Anchor"}],"event_choices":[{"cards_removed":["Strike_G"],"damage_healed":0,"gold_gain":0,"player_choice":"Card Removal","damage_taken":7,"max_hp_gain":0,"max_hp_loss":0,"event_name":"Golden Wing","floor":5,"gold_loss":0},{"damage_healed":0,"gold_gain":0,"player_choice":"Donut","damage_taken":0,"max_hp_gain":5,"max_hp_loss":0,"event_name":"Big Fish","floor":12,"gold_loss":0}],"is_beta":false,"boss_relics":[],"items_purged_floors":[2],"is_endless":false,"potions_floor_spawned":[7,10],"killed_by":"Hexaghost","ascension_level":20}}