{"host":"b5fatnnekk5nir4z","time":1612181852,"event":{"mods":["Act Like it!","Aspiration","BaseMod","Better Match","Better Note","Better Sensory Stone","Better Skull","Better Third Choice","Better Vampires","Colored Powertips","Conspire","Downfall","Energized Spire","GifTheSpireLib","Gremlin Skip","Halation","Hubris","Infinite Spire","Marisa（F雨　魔理沙）","Mimic Mod","Minty Spire (QoL Compilation)","Pale of the Ancients","Permanent Neow","Reliquary","Replay The Spire","RumiaBox-露米娅的神秘盒子","Shop Mod","Spikes Relics","StSLib","Stuff the Spire","Trackpad"],"gold_per_floor":[0,18,18,168,183,183,183,203,213,542,560,560,560,294,316,420,420,420,435,459,480,505,526,564,564,457,474,495,495,495,520,538,647,647,647,675,701,701,763,763,838,886,917,917,935,840,840,840,1259,1263,1263,1263],"floor_reached":50,"language":"ZHS","playtime":3586,"items_purged":["hexamod:Strike","hexamod:Strike","hexamod:Defend","hubris:Disease"],"score":804,"play_id":"81abc265-35ed-43bb-b902-6f159f557baf","local_time":"20210201201732","is_ascension_mode":false,"campfire_choices":[{"data":"infinitespire:Collect","floor":13.0,"key":"SMITH"},{"data":"hexamod:Defend","floor":18.0,"key":"PURGE"},{"floor":35.0,"key":"DIG"},{"floor":44.0,"key":"RECALL"},{"data":"infinitespire:UltimateForm","floor":47.0,"key":"SMITH"}],"circlet_count":0,"master_deck":["hexamod:Strike","hexamod:Defend","hexamod:Sear","hexamod:Float","infinitespire:Collect+1","hexamod:EmpoweredFlame+1","downfall:Icky","hexamod:PhantomCloak","hexamod:HeatMetal","hexamod:AdvancingGuard","hexamod:TimeWarp","expansioncontent:DashGenerateEvil+1","hexamod:TimeOfNeed+1","hexamod:ThermalTransfer","hexamod:NecessarySacrifice+1","hexamod:UnlimitedPower","hexamod:PowerFromBeyond+1","ReplayTheSpireMod:Book of Names+1","hexamod:EtherealExpedition","hexamod:Haunt+1","hexamod:FastForward+1","CommonCold","Replay:Sluggish","Injury","Looming Evil","Sickly","infinitespire:UltimateForm+1","hubris:Envy","Sickly","Voices","Normality","Normality","Replay:Sluggish","downfall:Bewildered","ReplayTheSpireMod:Restless Dread","ReplayTheSpireMod:Restless Dread","ReplayTheSpireMod:Splinters","downfall:Haunted","Replay:Hysterical Blindness","hubris:Disease","Hallucinations","Delirium","Shame","Overencumbered","Voices","ReplayTheSpireMod:Doomed"],"relics":["hexamod:SpiritBrand","Ring of Searing","ReplayTheSpireMod:Ring of Collecting","halation:EternalFortune","Ring of Misfortune","Old Coin","Spirit Poop","hexamod:IceCube","Meat on the Bone","ReplayTheSpireMod:Ring of Addiction","Chameleon Ring","downfall:RedIOU","StuffTheSpire:Expresso","aspiration:SecretTechniqueScroll","Black Star","Ice Cream","hubris:Backtick","Mummified Hand","trackpad:HandOfMidas","Ring of Greed","MiniBlackHole","Golden Egg","halation:IllGainedPizza","aspiration:HatOfInfinitePower","Replay:Bottled Eggs","hexamod:TheBrokenSeal","SnailShell","hexamod:MatchstickCase","hubris:Towel"],"acts_visited":["Exordium","TheCity","TheBeyond"],"potions_floor_usage":[],"damage_taken":[{"damage":0.0,"enemies":"Jaw Worm","floor":2.0,"turns":2.0},{"damage":5.0,"enemies":"Small Slimes","floor":5.0,"turns":3.0},{"damage":0.0,"enemies":"2 Louse","floor":8.0,"turns":3.0},{"damage":3.0,"enemies":"Lots of Slimes","floor":9.0,"turns":5.0},{"damage":5.0,"enemies":"3 Sentries","floor":10.0,"turns":11.0},{"damage":0.0,"enemies":"Large Slime","floor":11.0,"turns":5.0},{"damage":0.0,"enemies":"downfall:FleeingMerchant","floor":14.0,"turns":4.0},{"damage":0.0,"enemies":"Exordium Wildlife","floor":15.0,"turns":3.0},{"damage":9.0,"enemies":"WA_ARCHETYPE_RETAIN","floor":16.0,"turns":5.0},{"damage":0.0,"enemies":"Spheric Guardian","floor":19.0,"turns":1.0},{"damage":15.0,"enemies":"Shell Parasite","floor":20.0,"turns":5.0},{"damage":10.0,"enemies":"Snecko","floor":21.0,"turns":4.0},{"damage":0.0,"enemies":"3 Cultists","floor":22.0,"turns":4.0},{"damage":10.0,"enemies":"Snake Plant","floor":23.0,"turns":5.0},{"damage":0.0,"enemies":"Cultist and Chosen","floor":24.0,"turns":5.0},{"damage":0.0,"enemies":"downfall:FleeingMerchant","floor":26.0,"turns":4.0},{"damage":2.0,"enemies":"Cultist and Chosen","floor":27.0,"turns":4.0},{"damage":0.0,"enemies":"Centurion and Healer","floor":28.0,"turns":5.0},{"damage":0.0,"enemies":"Snecko","floor":31.0,"turns":3.0},{"damage":0.0,"enemies":"3 Cultists","floor":32.0,"turns":3.0},{"damage":0.0,"enemies":"DF_ARCHETYPE_CLAW","floor":33.0,"turns":5.0},{"damage":17.0,"enemies":"3 Darklings","floor":36.0,"turns":4.0},{"damage":5.0,"enemies":"3 Shapes","floor":37.0,"turns":5.0},{"damage":17.0,"enemies":"2 Orb Walkers","floor":39.0,"turns":4.0},{"damage":5.0,"enemies":"Nightmare","floor":42.0,"turns":5.0},{"damage":5.0,"enemies":"3 Darklings","floor":43.0,"turns":5.0},{"damage":0.0,"enemies":"Spire Growth","floor":45.0,"turns":3.0},{"damage":2.0,"enemies":"downfall:FleeingMerchant","floor":46.0,"turns":2.0},{"damage":0.0,"enemies":"Transient","floor":49.0,"turns":4.0},{"damage":28,"enemies":"IC_BLOCK_ARCHETYPE","floor":50,"turns":4}],"seed_played":"-586804803216937225","potions_obtained":[{"floor":2.0,"key":"SkillPotion"},{"floor":10.0,"key":"ColorlessPotion"},{"floor":15.0,"key":"Languid Potion"},{"floor":16.0,"key":"champ:CounterPotion"},{"floor":24.0,"key":"Cursed Concoction"},{"floor":27.0,"key":"Fire Potion"},{"floor":32.0,"key":"LifebloodPotion"},{"floor":33.0,"key":"hexamod:EctoCoolerPotion"},{"floor":37.0,"key":"Energy Potion"},{"floor":39.0,"key":"DistilledChaos"},{"floor":42.0,"key":"LifebloodPotion"},{"floor":42.0,"key":"Toxic Potion"},{"floor":45.0,"key":"Explosive Potion"},{"floor":49.0,"key":"Cursed Concoction"}],"is_trial":false,"path_per_floor":["R","M","?","?","M","?","T","M","M","E","M","?","R","$","M","B",null,"R","M","M","M","M","M","MIM","?","$","M","M","?","AVR","M","M","B",null,"R","M","M","AVR","?","?","T","NM","M","R","M","$","R","?","M","B"],"character_chosen":"THE_SPIRIT","items_purchased":["expansioncontent:DashGenerateEvil","SnailShell","hexamod:MatchstickCase"],"campfire_rested":0,"item_purchase_floors":[14,46,46],"current_hp_per_floor":[53,53,53,53,48,51,51,51,48,43,43,43,43,43,43,34,73,73,73,58,48,48,38,38,38,43,41,41,41,41,41,41,41,71,71,54,49,49,47,47,47,49,84,84,87,85,85,85,85,57,57,57],"gold":1263,"neow_bonus":"REMOVE_TWO","is_daily":false,"chose_seed":false,"campfire_upgraded":2,"win_rate":0.0,"timestamp":1612181852,"path_taken":["R","M","?","?","M","?","T","M","M","E","M","?","R","$","M","BOSS","R","M","M","?","M","M","MIM","?","?","M","M","?","AVR","M","M","BOSS","R","M","M","AVR","?","?","T","NM","M","R","M","$","R","?","M","BOSS"],"items_purchased_type":["Card","Relic","Relic"],"build_version":"2020-12-22","purchased_purges":4,"victory":false,"max_hp_per_floor":[70,70,70,70,70,73,73,73,73,73,73,73,73,73,73,73,73,73,73,73,73,73,73,73,73,73,73,73,73,73,73,71,71,71,71,71,71,71,74,74,74,74,84,84,87,87,87,87,87,87,87,87],"card_choices":[{"not_picked":["infinitespire:DeathsTouch","infinitespire:FinalStrike"],"picked":"infinitespire:Collect","floor":1.0},{"not_picked":["hexamod:HauntingEcho","hexamod:InspiringFlames"],"picked":"hexamod:EmpoweredFlame","floor":2.0},{"not_picked":["hexamod:Hexaguard","hexamod:FlamesFromBeyond"],"picked":"hexamod:PhantomCloak","floor":5.0},{"not_picked":["hexamod:GhostLash","hexamod:PowerFromBeyond","hexamod:HeatMetal"],"picked":"SKIP","floor":8.0},{"not_picked":["hexamod:GhostLash","hexamod:PowerFromBeyond","hexamod:HeatMetal"],"picked":"SKIP","floor":8.0},{"not_picked":["hexamod:GhostLash","hexamod:PowerFromBeyond"],"picked":"hexamod:HeatMetal","floor":8.0},{"not_picked":["hexamod:NightmareStrike","hexamod:SwordOfDarkness"],"picked":"hexamod:AdvancingGuard","floor":9.0},{"not_picked":["hexamod:GhostflameBarrier","hexamod:Hexaguard"],"picked":"hexamod:SecondSeal","floor":10.0},{"not_picked":["hexamod:InspiringFlames","hexamod:PhantomCloak"],"picked":"hexamod:TimeWarp","floor":11.0},{"not_picked":["hexamod:GhostLash","hexamod:GhostflameBarrier","hexamod:SwordOfDarkness"],"picked":"SKIP","floor":14.0},{"not_picked":["hexamod:SpectersWail","hexamod:Hexaguard","hexamod:InspiringFlames"],"picked":"SKIP","floor":15.0},{"not_picked":["hexamod:VolcanoVisage","hexamod:TimeWarp"],"picked":"hexamod:TimeOfNeed","floor":16.0},{"not_picked":["hexamod:ChargedBarrage+1","hexamod:AdvancingGuard","hexamod:BacktrackSmack"],"picked":"SKIP","floor":19.0},{"not_picked":["hexamod:RecurringNightmare","hexamod:BurningTouch+1"],"picked":"hexamod:ThermalTransfer","floor":20.0},{"not_picked":["hexamod:AdvancingGuard+1","hexamod:InspiringFlames","hexamod:BacktrackSmack"],"picked":"SKIP","floor":21.0},{"not_picked":["hexamod:AdvancingGuard","hexamod:HeatMetal","hexamod:PhantomCloak"],"picked":"SKIP","floor":22.0},{"not_picked":["hexamod:HauntingEcho+1","hexamod:NightmareStrike"],"picked":"hexamod:NecessarySacrifice+1","floor":23.0},{"not_picked":["hexamod:ShieldOfDarkness","hexamod:FlamesFromBeyond"],"picked":"hexamod:UnlimitedPower","floor":24.0},{"not_picked":["hexamod:NecessarySacrifice","hexamod:Hexaguard"],"picked":"hexamod:PowerFromBeyond+1","floor":26.0},{"not_picked":["hexamod:FlamesFromBeyond","hexamod:NightmareStrike","hexamod:BacktrackSmack"],"picked":"SKIP","floor":27.0},{"not_picked":["hexamod:ChargedBarrage","hexamod:NightmareGuise","hexamod:FlamesFromBeyond"],"picked":"SKIP","floor":28.0},{"not_picked":["hexamod:EmpoweredFlame","hexamod:NightmareGuise"],"picked":"hexamod:EtherealExpedition","floor":31.0},{"not_picked":["hexamod:GhostLash","hexamod:BurningTouch","hexamod:ChargedBarrage+1"],"picked":"SKIP","floor":32.0},{"not_picked":["hexamod:ForkedFlame","hexamod:ParanormalForm"],"picked":"hexamod:FifthSeal","floor":33.0},{"not_picked":["hexamod:FirstSeal","hexamod:SecondSeal"],"picked":"hexamod:FourthSeal","floor":36.0},{"not_picked":["hexamod:Hexaguard+1","hexamod:Firestarter+1"],"picked":"hexamod:Haunt+1","floor":36.0},{"not_picked":["hexamod:SecondSeal","hexamod:FourthSeal"],"picked":"hexamod:SixthSeal","floor":37.0},{"not_picked":["hexamod:RainOfEmbers","hexamod:HeatCrush+1","hexamod:EmpoweredFlame"],"picked":"SKIP","floor":37.0},{"not_picked":["hexamod:SixthSeal","hexamod:FourthSeal"],"picked":"hexamod:FirstSeal","floor":39.0},{"not_picked":["hexamod:SwordOfDarkness","hexamod:ThermalTransfer"],"picked":"hexamod:FastForward+1","floor":39.0},{"not_picked":["hexamod:FourthSeal","hexamod:SixthSeal"],"picked":"hexamod:ThirdSeal","floor":42.0},{"not_picked":["infinitespire:FutureSight","infinitespire:TheBestDefense"],"picked":"infinitespire:UltimateForm","floor":42.0},{"not_picked":["hexamod:HeatMetal+1","hexamod:EtherealExpedition","hexamod:ShieldOfDarkness+1"],"picked":"SKIP","floor":42.0},{"not_picked":["hexamod:GhostLash","hexamod:NightmareGuise+1","hexamod:RecurringNightmare"],"picked":"SKIP","floor":43.0},{"not_picked":["hexamod:GhostLash","hexamod:NightmareGuise+1","hexamod:RecurringNightmare"],"picked":"SKIP","floor":43.0},{"not_picked":["hexamod:Firestarter","hexamod:SpectralAdrenaline","hexamod:FlamesFromBeyond+1"],"picked":"SKIP","floor":45.0},{"not_picked":["hexamod:GhostLash","hexamod:EtherealExpedition+1","hexamod:NightmareGuise+1"],"picked":"SKIP","floor":49.0}],"player_experience":15591,"relics_obtained":[{"floor":3.0,"key":"Ring of Searing"},{"floor":3.0,"key":"ReplayTheSpireMod:Ring of Collecting"},{"floor":7.0,"key":"Ring of Misfortune"},{"floor":10.0,"key":"Old Coin"},{"floor":24.0,"key":"Meat on the Bone"},{"floor":24.0,"key":"ReplayTheSpireMod:Ring of Addiction"},{"floor":24.0,"key":"Toy Ornithopter"},{"floor":24.0,"key":"Chameleon Ring"},{"floor":35.0,"key":"Ice Cream"},{"floor":39.0,"key":"halation:EternalFortune"},{"floor":39.0,"key":"trackpad:HandOfMidas"},{"floor":41.0,"key":"Ring of Greed"},{"floor":41.0,"key":"MiniBlackHole"},{"floor":41.0,"key":"Golden Egg"},{"floor":41.0,"key":"halation:IllGainedPizza"},{"floor":42.0,"key":"aspiration:HatOfInfinitePower"},{"floor":42.0,"key":"Replay:Bottled Eggs"},{"floor":45.0,"key":"halation:EternalFortune"}],"event_choices":[{"cards_removed":["Looming Evil"],"damage_healed":0.0,"max_hp_gain":0.0,"max_hp_loss":0.0,"gold_gain":0.0,"event_name":"Bonfire Elementals","player_choice":"Offered Curse","floor":12.0,"gold_loss":0.0,"damage_taken":0.0,"relics_obtained":["Spirit Poop"]},{"damage_healed":0.0,"max_hp_gain":0.0,"max_hp_loss":0.0,"gold_gain":0.0,"event_name":"betterNote:BetterNote","player_choice":"Ignored","floor":25.0,"gold_loss":0.0,"damage_taken":0.0,"cards_obtained":["SprinkleStarSeal"]},{"damage_healed":0.0,"max_hp_gain":0.0,"max_hp_loss":0.0,"gold_gain":0.0,"event_name":"Mysterious Sphere","player_choice":"Fight","floor":39.0,"gold_loss":0.0,"damage_taken":0.0}],"is_beta":false,"boss_relics":[{"not_picked":["Abe\u0027s Treasure","halation:Yufonium"],"picked":"hexamod:IceCube"},{"not_picked":["hubris:TerracottaHorce","hubris:CrackedHourglass"],"picked":"Black Star"}],"items_purged_floors":[14,26,30,46],"is_endless":false,"potions_floor_spawned":[2,10,15,16,23,27,28,32,33,36,42,45,49],"killed_by":"IC_BLOCK_ARCHETYPE","ascension_level":0}}