{"host":"vyiqbz5w606ur92t","time":1612146711,"event":{"mods":["BaseMod","Downfall","Minty Spire (QoL Compilation)","StSLib"],"gold_per_floor":[99,116,134,160,160,185,259,275,275,294,294,294,594,614,627,627,627,627],"floor_reached":16,"language":"ENG","playtime":794,"items_purged":[],"score":217,"play_id":"88ae369e-38da-49a9-a3a0-66ad942cb29f","local_time":"20210201023151","is_ascension_mode":true,"campfire_choices":[{"data":"bronze:Overload","floor":1,"key":"SMITH"},{"floor":12,"key":"REST"}],"circlet_count":0,"master_deck":["bronze:Strike+1","bronze:Strike","bronze:Strike+1","bronze:Defend","bronze:Defend+1","bronze:Defend","bronze:Defend","bronze:Replicate","bronze:Goto","bronze:Overload+1","bronze:BugBarrage","bronze:Constructor","downfall:Malfunctioning","bronze:Flail","bronze:Frontload","CurseOfTheBell","CurseOfTheBell","Pain","bronze:HardenedForm","Pain","bronze:DarkDash","downfall:Icky","downfall:Icky","bronze:Safeguard+1","bronze:Turbo+1"],"relics":["bronze:BronzeCore","Centennial Puzzle","MealTicket","Singing Bowl","downfall:ExtraCursedBell","Smiling Mask","Toxic Egg 2","StoneCalendar","champ:DeflectingBracers"],"acts_visited":["Exordium"],"potions_floor_usage":[6,10],"damage_taken":[{"damage":1,"enemies":"Cultist","floor":2,"turns":3},{"damage":3,"enemies":"Small Slimes","floor":3,"turns":4},{"damage":35,"enemies":"Gremlin Nob","floor":6,"turns":4},{"damage":12,"enemies":"Jaw Worm","floor":8,"turns":2},{"damage":5,"enemies":"Exordium Wildlife","floor":10,"turns":4},{"damage":7,"enemies":"Blue Slaver","floor":14,"turns":5},{"damage":28,"enemies":"Large Slime","floor":15,"turns":7},{"damage":3,"enemies":"IC_STATUS_ARCHETYPE","floor":16,"turns":2}],"seed_played":"3084565264149107702","potions_obtained":[{"floor":2,"key":"Swift Potion"},{"floor":3,"key":"champ:CounterPotion"},{"floor":8,"key":"Strength Potion"},{"floor":15,"key":"bronze:CleanCodePotion"}],"is_trial":false,"path_per_floor":["R","M","M","T","?","E","T","M","?","M","?","R","?","M","M","B"],"character_chosen":"THE_AUTOMATON","items_purchased":[],"campfire_rested":1,"item_purchase_floors":[],"current_hp_per_floor":[70,69,66,66,66,31,31,19,24,19,16,38,38,31,3,0,0,0],"gold":627,"neow_bonus":"TRANSFORM_CARD","is_daily":false,"chose_seed":false,"campfire_upgraded":1,"win_rate":0.0,"timestamp":1612146711,"path_taken":["R","M","M","?","?","E","T","M","?","M","?","R","?","M","M","BOSS"],"items_purchased_type":[],"build_version":"2020-12-22","purchased_purges":0,"victory":false,"max_hp_per_floor":[70,70,70,70,70,70,70,70,75,75,75,75,75,75,75,75,75,75],"card_choices":[{"not_picked":["bronze:BronzeOrb","bronze:DelayedGuard"],"picked":"bronze:BugBarrage","floor":2},{"not_picked":["bronze:Iterate","bronze:CutThrough"],"picked":"bronze:Constructor","floor":3},{"not_picked":["bronze:Shield","bronze:GetLatest"],"picked":"bronze:Flail","floor":6},{"not_picked":["bronze:Safeguard","bronze:Return"],"picked":"bronze:Frontload","floor":8},{"not_picked":["bronze:WhirlingStrike","bronze:WildBeam"],"picked":"bronze:DarkDash","floor":10},{"not_picked":["bronze:Invalidate+1","bronze:Break"],"picked":"bronze:Safeguard+1","floor":14},{"not_picked":["bronze:Frontload+1","bronze:Branch"],"picked":"bronze:Turbo+1","floor":15}],"player_experience":1329799,"relics_obtained":[{"floor":4,"key":"Centennial Puzzle"},{"floor":6,"key":"MealTicket"},{"floor":7,"key":"Singing Bowl"},{"floor":9,"key":"Smiling Mask"},{"floor":9,"key":"Toxic Egg 2"},{"floor":9,"key":"StoneCalendar"}],"event_choices":[{"damage_healed":0,"gold_gain":0,"player_choice":"Success","damage_taken":3,"relics_obtained":["champ:DeflectingBracers"],"max_hp_gain":0,"max_hp_loss":0,"event_name":"Scrap Ooze","floor":11,"gold_loss":0}],"is_beta":false,"boss_relics":[],"items_purged_floors":[],"is_endless":false,"potions_floor_spawned":[2,3,8,15],"killed_by":"IC_STATUS_ARCHETYPE","ascension_level":3}}