{"host":"74uvi6kym3vf3uk6","time":1612198113,"event":{"mods":["AchievementEnabler","Astrologer","BaseMod","Better Altar","Better Match","Better Note","Better Sensory Stone","Better Skull","Better Third Choice","CatGirl Mod","ChefMod","Colored Map","Colored Powertips","Conspire","Custom Start","Dark Map","Halation","Hermit","Highlight Path","Infinite Spire","Minty Spire (QoL Compilation)","Permanent Neow","Rare Cards Sparkle","Replay The Spire","Shop Mod","StSLib","The Construct","The Elementalist","The Exalted","The Florist","The Poker Player","The Runesmith","The Vixen","TheBandit"],"gold_per_floor":[112,128,147,171,199,199,199,199,245,47,70,100,121,145,145,256,256,287,13,13,34,34,34,34,80,80,80,97,97,143,171,171,283,283,313,322,345,361,25,25,25,53,76,76,17,17,49,74,74,204,204,214,224,231,249,258,258,285,285,367,385,410,84,84,84,84,203,203,212,126,133,161,181,181,181,181,228,228,228,240,261,276,276,384,384,397,413,3,18,28,28,28,28,28,28,28,28,39,55,55,147,147,159,176,191,205,214,247,263,263,290,290,327,341,362,403,403,546,546,557,590,96,110,116,164,164,190,243,243,270,270,296,322,322,429,429,462,475,487,506,574,401,401,401,401,401,454,462,494,533,533,667,667,667,730,775,974],"floor_reached":158,"language":"ENG","playtime":35268,"items_purged":["wariomod:Strike","wariomod:Strike","wariomod:Defend+1","wariomod:Defend+1"],"score":4257,"play_id":"07de03d0-a3a9-48b8-8162-d1c7761b2785","local_time":"20210201104833","daily_mods":["Vintage","Heirloom","Time Dilation","Flight","DeadlyEvents","Lethality"],"is_ascension_mode":false,"campfire_choices":[{"floor":6,"key":"REST"},{"floor":7,"key":"REST"},{"data":"wariomod:Step","floor":8,"key":"SMITH"},{"data":"wariomod:EndlessBlast","floor":15,"key":"SMITH"},{"data":"wariomod:BoomForm+1","floor":23,"key":"SMITH"},{"floor":27,"key":"REST"},{"data":"infinitespire:TheBestDefense","floor":29,"key":"SMITH"},{"data":"wariomod:BoomForm+2","floor":32,"key":"SMITH"},{"data":"wariomod:BoomForm+3","floor":40,"key":"SMITH"},{"data":"wariomod:BoomForm+4","floor":41,"key":"SMITH"},{"data":"wariomod:BoomForm+5","floor":44,"key":"SMITH"},{"data":"wariomod:MassiveParty","floor":46,"key":"SMITH"},{"data":"wariomod:DoubleDash","floor":57,"key":"SMITH"},{"data":"wariomod:SpacialMastery","floor":59,"key":"SMITH"},{"data":"Survey Options","floor":64,"key":"SMITH"},{"data":"wariomod:EndlessBlast+1","floor":66,"key":"SMITH"},{"data":"wariomod:Defend+1","floor":74,"key":"PURGE"},{"data":"wariomod:Leap","floor":75,"key":"PURGE"},{"data":"wariomod:BlastDash","floor":76,"key":"PURGE"},{"data":"wariomod:EnergizedBombs","floor":78,"key":"SMITH"},{"data":"infinitespire:UltimateForm","floor":79,"key":"SMITH"},{"data":"infinitespire:UltimateForm+1","floor":83,"key":"SMITH"},{"data":"wariomod:Step+1","floor":91,"key":"PURGE"},{"data":"wariomod:EndlessBlast+2","floor":92,"key":"PURGE"},{"data":"wariomod:ChargeForth+1","floor":93,"key":"PURGE"},{"data":"wariomod:DoubleDash+1","floor":95,"key":"PURGE"},{"data":"wariomod:Bombtime+1","floor":97,"key":"PURGE"},{"data":"infinitespire:UltimateForm+2","floor":100,"key":"SMITH"},{"data":"infinitespire:DeathsTouch","floor":110,"key":"SMITH"},{"data":"Survey Options+1","floor":112,"key":"PURGE"},{"data":"wariomod:BoomForm+6","floor":117,"key":"SMITH"},{"data":"infinitespire:Starlight","floor":126,"key":"SMITH"},{"data":"wariomod:BoomForm+7","floor":129,"key":"SMITH"},{"data":"wariomod:BoomForm+8","floor":131,"key":"SMITH"},{"data":"infinitespire:DeathsTouch+1","floor":134,"key":"SMITH"},{"data":"infinitespire:DeathsTouch+2","floor":143,"key":"SMITH"},{"data":"infinitespire:UltimateForm+3","floor":144,"key":"SMITH"},{"data":"infinitespire:UltimateForm+4","floor":146,"key":"SMITH"},{"floor":151,"key":"DIG"},{"data":"infinitespire:UltimateForm+5","floor":154,"key":"SMITH"},{"data":"infinitespire:UltimateForm+6","floor":154,"key":"SMITH"}],"circlet_count":0,"master_deck":["wariomod:SilenceBombs+1","wariomod:BoomForm+9","infinitespire:TheBestDefense+1","wariomod:MassiveParty+1","infinitespire:DeathsTouch+3","wariomod:SpacialMastery+1","wariomod:EnergizedBombs+1","infinitespire:UltimateForm+7","wariomod:GodlyGift+1","wariomod:AbandonGame+1","infinitespire:Starlight+1","wariomod:FabulousPrizes+1"],"relics":["wariomod:TheHat","Bromod:ArcaneAvenger","Chameleon Ring","Replay:Bandana","HornCleat","infinitespire:Joker Card","StrikeDummy","halation:AfternoonTea","Anchor","ReplayTheSpireMod:Ninjato","Bromod:ArcaneAwakening","conspire:InfiniteJournal","Oddly Smooth Stone","halation:Sosunser","halation:Toothbrush","PreservedInsect","Bromod:ArcaneMomentum","Runesmith:Locket","Eternal Feather","Orichalcum","CeramicFish","conspire:RoyalGoblet","Bag of Preparation","halation:IllGainedPizza","MerchantsRug","Pondfish Scales","Omamori","Bronze Scales","Molten Egg 2","Garlic","Empty Cage","Pen Nib","halation:KoshaPiece","Akabeko","infinitespire:PuzzleCube","BranchBurnRelic","Ice Cream","conspire:DecoderRing","infinitespire:BottledMercury","Replay:Bottled Flurry","Peace Pipe","Happy Flower","infinitespire:Broken Mirror","Counterbalance","Golden Egg","Nunchaku","SacredBark","TungstenRod","Bromod:ArcaneVictory","Replay:Rubber Ducky","infinitespire:Golems Mask","Replay:Bottled Snecko","Ancient Tea Set","Bottled Lightning","construct:WeddingRing","Replay:Baseball","halation:PrussianBluePaint","Bromod:ArcaneTempo","Boot","Gremlin Food","Singing Bowl","conspire:DeflatedDodgeball","Regal Pillow","ReplayTheSpireMod:Lightbulb","Shovel","Potion Belt","Vajra","Philosopher\u0027s Stone","Bromod:ArcaneNullifier","Dream Catcher","Cauldron","Mercury Hourglass","infinitespire:Beetle Shell","War Paint","Bottled Tornado","Bromod:ArcaneGuardian","Lantern","Pet Ghost","Centennial Puzzle","Art of War","Replay:Wax Seal","conspire:RunicOctahedron","Shuriken","Torii","Matryoshka","Frozen Egg 2","conspire:BottledYoYo","construct:FoamFinger","Iron Hammer","infinitespire:Satchel","halation:PenCase","Bromod:ArcaneConsequence","Tiny Chest","Blood Vial","Black Star","Bag of Marbles","InkBottle"],"acts_visited":["Exordium","TheCity","TheBeyond","Exordium","TheCity","TheBeyond","Exordium","TheCity","TheBeyond","TheEnding"],"potions_floor_usage":[2,16,16,18,25,122],"damage_taken":[{"damage":0,"enemies":"Cultist","floor":1,"turns":2},{"damage":14,"enemies":"Jaw Worm","floor":2,"turns":3},{"damage":16,"enemies":"Small Slimes","floor":3,"turns":3},{"damage":18,"enemies":"3 Louse","floor":4,"turns":3},{"damage":14,"enemies":"Exordium Wildlife","floor":5,"turns":2},{"damage":3,"enemies":"Exordium Thugs","floor":11,"turns":2},{"damage":0,"enemies":"Gremlin Gang","floor":12,"turns":1},{"damage":2,"enemies":"Lots of Slimes","floor":13,"turns":3},{"damage":0,"enemies":"Looter","floor":14,"turns":1},{"damage":43,"enemies":"The Guardian","floor":16,"turns":8},{"damage":6,"enemies":"2 Thieves","floor":18,"turns":3},{"damage":31,"enemies":"Chosen","floor":21,"turns":5},{"damage":12,"enemies":"Nightmare","floor":25,"turns":4},{"damage":6,"enemies":"3 Cultists","floor":28,"turns":4},{"damage":7,"enemies":"Gremlin Leader","floor":30,"turns":4},{"damage":0,"enemies":"Cultist and Chosen","floor":31,"turns":2},{"damage":29,"enemies":"conspire:MysteriousRune","floor":33,"turns":8},{"damage":2,"enemies":"3 Shapes","floor":35,"turns":2},{"damage":10,"enemies":"Orb Walker","floor":37,"turns":4},{"damage":0,"enemies":"Sphere and 2 Shapes","floor":38,"turns":2},{"damage":3,"enemies":"Spire Growth","floor":42,"turns":3},{"damage":1,"enemies":"4 Shapes","floor":47,"turns":2},{"damage":15,"enemies":"3 Darklings","floor":48,"turns":2},{"damage":43,"enemies":"Time Eater","floor":50,"turns":8},{"damage":0,"enemies":"Small Slimes","floor":52,"turns":1},{"damage":0,"enemies":"2 Louse","floor":53,"turns":1},{"damage":0,"enemies":"Jaw Worm","floor":54,"turns":3},{"damage":0,"enemies":"3 Louse","floor":56,"turns":2},{"damage":2,"enemies":"Gremlin Gang","floor":58,"turns":3},{"damage":0,"enemies":"Exordium Thugs","floor":61,"turns":2},{"damage":0,"enemies":"Exordium Wildlife","floor":62,"turns":2},{"damage":0,"enemies":"Slime Boss","floor":67,"turns":3},{"damage":6,"enemies":"Chosen","floor":69,"turns":3},{"damage":0,"enemies":"Spheric Guardian","floor":71,"turns":1},{"damage":0,"enemies":"Centurion and Healer","floor":72,"turns":2},{"damage":0,"enemies":"Sentry and Sphere","floor":73,"turns":2},{"damage":14,"enemies":"Snecko","floor":80,"turns":4},{"damage":8,"enemies":"Centurion and Healer","floor":81,"turns":4},{"damage":0,"enemies":"Snake Plant","floor":82,"turns":2},{"damage":3,"enemies":"conspire:MysteriousRune","floor":84,"turns":4},{"damage":0,"enemies":"Orb Walker","floor":86,"turns":2},{"damage":0,"enemies":"3 Shapes","floor":87,"turns":1},{"damage":23,"enemies":"Writhing Mass","floor":89,"turns":4},{"damage":0,"enemies":"Transient","floor":90,"turns":4},{"damage":0,"enemies":"Spire Growth","floor":98,"turns":3},{"damage":0,"enemies":"Sphere and 2 Shapes","floor":99,"turns":2},{"damage":0,"enemies":"Time Eater","floor":101,"turns":4},{"damage":0,"enemies":"Small Slimes","floor":103,"turns":2},{"damage":0,"enemies":"Cultist","floor":104,"turns":1},{"damage":0,"enemies":"2 Louse","floor":105,"turns":2},{"damage":0,"enemies":"Looter","floor":106,"turns":1},{"damage":0,"enemies":"Blue Slaver","floor":107,"turns":1},{"damage":0,"enemies":"3 Sentries","floor":108,"turns":1},{"damage":0,"enemies":"Gremlin Gang","floor":109,"turns":2},{"damage":12,"enemies":"Nightmare","floor":113,"turns":3},{"damage":0,"enemies":"2 Fungi Beasts","floor":114,"turns":2},{"damage":0,"enemies":"Exordium Thugs","floor":115,"turns":1},{"damage":0,"enemies":"3 Sentries","floor":116,"turns":2},{"damage":0,"enemies":"Fading Forest","floor":118,"turns":3},{"damage":0,"enemies":"Shell Parasite","floor":120,"turns":1},{"damage":0,"enemies":"3 Byrds","floor":121,"turns":2},{"damage":0,"enemies":"Shelled Parasite and Fungi","floor":123,"turns":2},{"damage":0,"enemies":"Snecko","floor":124,"turns":2},{"damage":0,"enemies":"Nightmare","floor":125,"turns":2},{"damage":0,"enemies":"3 Cultists","floor":127,"turns":2},{"damage":0,"enemies":"Book of Stabbing","floor":130,"turns":2},{"damage":0,"enemies":"Cultist and Chosen","floor":132,"turns":2},{"damage":0,"enemies":"Chosen and Byrds","floor":133,"turns":2},{"damage":0,"enemies":"Automaton","floor":135,"turns":1},{"damage":0,"enemies":"3 Darklings","floor":137,"turns":2},{"damage":0,"enemies":"3 Shapes","floor":138,"turns":1},{"damage":0,"enemies":"Jaw Worm Horde","floor":139,"turns":1},{"damage":0,"enemies":"3 Darklings","floor":140,"turns":1},{"damage":0,"enemies":"Transient","floor":141,"turns":4},{"damage":0,"enemies":"Reptomancer","floor":147,"turns":2},{"damage":0,"enemies":"Maw","floor":148,"turns":2},{"damage":0,"enemies":"Nightmare","floor":149,"turns":1},{"damage":0,"enemies":"Sphere and 2 Shapes","floor":150,"turns":2},{"damage":0,"enemies":"infinitespire:MassOfShapes","floor":152,"turns":2},{"damage":0,"enemies":"Shield and Spear","floor":156,"turns":2},{"damage":89,"enemies":"The Heart","floor":157,"turns":5}],"seed_played":"-7700807816114690248","potions_obtained":[{"floor":2,"key":"Fruit Juice"},{"floor":3,"key":"DuplicationPotion"},{"floor":11,"key":"Regen Potion"},{"floor":13,"key":"Milkshake"},{"floor":16,"key":"ColorlessPotion"},{"floor":18,"key":"FairyPotion"},{"floor":21,"key":"LiquidMemories"},{"floor":28,"key":"Swift Potion"},{"floor":37,"key":"Elixir"},{"floor":50,"key":"Elixir"},{"floor":90,"key":"Fire Potion"},{"floor":99,"key":"Weak Potion"},{"floor":115,"key":"Energy Potion"},{"floor":120,"key":"SpeedPotion"},{"floor":122,"key":"Fruit Juice"},{"floor":122,"key":"Cursed Concoction"},{"floor":122,"key":"DistilledChaos"},{"floor":122,"key":"Weak Potion"},{"floor":122,"key":"SneckoOil"},{"floor":124,"key":"Milkshake"},{"floor":127,"key":"AttackPotion"},{"floor":133,"key":"SteroidPotion"},{"floor":135,"key":"SkillPotion"},{"floor":147,"key":"Death Potion"},{"floor":149,"key":"Explosive Potion"},{"floor":150,"key":"AttackPotion"}],"is_trial":true,"path_per_floor":["M","M","M","M","M","R","R","R","T","$","M","M","M","M","R","B",null,"M","$","AVR","M","?","R","?","NM","T","R","M","R","E","M","R","B",null,"M","AVR","M","M","$","R","R","M","T","R","$","R","M","M","R_BF","B",null,"M","M","M","AVR","M","R","M","R","T","M","M","$","R","?","R","B",null,"M","$","M","M","M","R","R","R","T","R","R","M","M","M","R","B",null,"M","M","$","M","M","R","R","R","T","R","$","R","M","M","R","B",null,"M","M","M","M","M","E","M","R","T","R","NM","M","M","E","R","B",null,"M","M","$","M","M","NM","R","M","T","R","E","R","M","M","R","B",null,"M","M","M","M","M","$","R","R","T","R","E","M","NM","M","R","B",null,"R","$","E","B",null],"character_chosen":"THE_BANDIT","items_purchased":["wariomod:SilenceBombs","wariomod:BlastDash","wariomod:EndlessBlast","halation:Sosunser","wariomod:Bombtime","wariomod:ChargeForth","MerchantsRug","Pondfish Scales","Strawberry","Survey Options","Replay:Rubber Ducky","infinitespire:Golems Mask","Cauldron","Mercury Hourglass","FairyPotion","infinitespire:Beetle Shell","conspire:BottledYoYo"],"campfire_rested":3,"item_purchase_floors":[10,10,10,19,19,19,39,39,63,63,88,88,122,122,122,122,142],"current_hp_per_floor":[80,73,57,39,25,51,77,77,77,77,74,74,72,72,72,51,87,81,81,81,50,50,50,50,38,38,64,70,79,72,72,81,52,87,85,85,75,75,75,84,87,84,84,87,90,90,89,74,90,48,96,96,96,96,96,96,96,94,96,96,96,96,106,106,109,109,109,109,103,106,109,109,109,118,121,124,124,124,124,110,102,102,111,120,124,124,124,124,102,102,114,123,132,132,136,136,139,139,139,139,139,139,139,139,139,139,139,141,141,141,141,144,135,137,139,144,148,148,148,148,148,163,163,163,165,165,165,165,165,167,167,167,167,167,170,170,170,170,170,170,170,170,170,170,170,170,172,172,174,174,174,176,176,176,176,178,92],"gold":974,"neow_bonus":"","is_daily":false,"chose_seed":false,"campfire_upgraded":28,"win_rate":0.0,"timestamp":1612198113,"path_taken":["M","M","M","M","M","R","R","R","T","$","M","M","M","M","R","BOSS","M","$","AVR","M","?","R","?","NM","T","R","M","R","?","M","R","BOSS","M","AVR","M","M","$","R","R","M","T","R","$","R","M","M","R_BF","BOSS","M","M","M","AVR","M","R","M","R","T","M","M","$","R","?","R","BOSS","M","$","M","M","M","R","R","R","T","R","R","M","M","M","R","BOSS","M","M","$","M","M","R","R","R","T","R","$","R","M","M","R","BOSS","M","M","M","M","M","E","?","R","T","R","NM","M","M","E","R","BOSS","M","M","$","M","M","NM","R","M","T","R","E","R","M","M","R","BOSS","M","M","M","M","M","$","R","R","T","R","E","M","NM","M","R","BOSS","R","$","E","BOSS"],"items_purchased_type":["Card","Card","Card","Relic","Card","Card","Relic","Relic","Relic","Card","Relic","Relic","Relic","Relic","Potion","Relic","Relic"],"build_version":"2020-12-22","purchased_purges":4,"victory":true,"max_hp_per_floor":[80,87,87,87,87,87,87,87,87,87,87,87,87,87,87,87,87,87,87,87,87,87,87,87,87,87,87,87,87,87,87,87,87,87,87,87,87,87,87,87,87,87,87,87,90,90,90,90,90,90,96,96,96,96,96,96,96,96,96,96,96,96,106,106,109,109,109,109,109,112,115,115,115,118,121,124,124,124,124,124,124,124,124,124,124,124,124,124,124,124,127,130,133,133,136,136,139,139,139,139,139,139,139,139,139,139,139,141,141,141,141,144,146,146,146,148,148,148,148,148,148,163,163,163,165,165,165,165,165,167,167,167,167,167,170,170,170,170,170,170,170,170,170,170,170,170,172,172,174,174,174,176,176,176,176,178,180],"card_choices":[{"not_picked":["wariomod:BoomAndDoom","wariomod:GoAgain"],"picked":"wariomod:BoomForm","floor":16},{"not_picked":["infinitespire:Menacing","infinitespire:SevenWalls"],"picked":"infinitespire:TheBestDefense","floor":25},{"not_picked":["wariomod:Goblast","wariomod:PayItForwards"],"picked":"wariomod:DoubleDash","floor":25},{"not_picked":["wariomod:DoubleDip","wariomod:Game"],"picked":"wariomod:MassiveParty","floor":30},{"not_picked":["wariomod:ShipSmash+1","wariomod:GoAgain"],"picked":"wariomod:SpacialMastery","floor":50},{"not_picked":["wariomod:PoisonBombs","wariomod:DeadlyDash+1"],"picked":"wariomod:EnergizedBombs","floor":67},{"not_picked":["infinitespire:Punishment","infinitespire:NeuralNetwork"],"picked":"infinitespire:UltimateForm","floor":72},{"not_picked":["wariomod:ShipSmash+1","wariomod:ForbiddenMagic"],"picked":"wariomod:GodlyGift","floor":101},{"not_picked":["wariomod:SmallSprint+1","wariomod:Bombtime","wariomod:RacingSpeed"],"picked":"Singing Bowl","floor":108},{"not_picked":["wariomod:Game+1","wariomod:DanceDash+1","wariomod:SimpleShield"],"picked":"Singing Bowl","floor":113},{"not_picked":["wariomod:Bombshield","wariomod:DamnedStrength","wariomod:BodyBlock"],"picked":"Singing Bowl","floor":116},{"not_picked":["wariomod:GoAgain","wariomod:Sidestep"],"picked":"wariomod:AbandonGame","floor":118},{"not_picked":["infinitespire:Collect","infinitespire:UltimateForm"],"picked":"infinitespire:Starlight","floor":125},{"not_picked":["wariomod:DoubleDash+1","wariomod:DanceDash+1","wariomod:Leapslam+1"],"picked":"Singing Bowl","floor":125},{"not_picked":["wariomod:HappyHop","wariomod:ChargeForth+1","wariomod:DiceyMove"],"picked":"Singing Bowl","floor":130},{"not_picked":["wariomod:ShipSmash+1","wariomod:WipeClean"],"picked":"wariomod:FabulousPrizes","floor":135},{"not_picked":["wariomod:PayItForwards+1","wariomod:Hopshield+1","wariomod:DeepDig+1"],"picked":"Singing Bowl","floor":147},{"not_picked":["wariomod:PayItForwards+1","wariomod:Leapslam+1","wariomod:Purify"],"picked":"Singing Bowl","floor":149},{"not_picked":["wariomod:ForbiddenMagic","wariomod:EnergizedBombs+1","wariomod:GodlyGift"],"picked":"Singing Bowl","floor":152},{"not_picked":["wariomod:DoubleDash+1","wariomod:EnergizedBombs+1","wariomod:BumRush+1"],"picked":"Singing Bowl","floor":156},{"not_picked":["wariomod:BoomForm+1","wariomod:DeadlyDash+1","wariomod:SpacialMastery"],"picked":"Singing Bowl","floor":157}],"player_experience":198561,"relics_obtained":[{"floor":1,"key":"Chameleon Ring"},{"floor":2,"key":"Replay:Bandana"},{"floor":3,"key":"HornCleat"},{"floor":4,"key":"infinitespire:Joker Card"},{"floor":5,"key":"StrikeDummy"},{"floor":9,"key":"halation:AfternoonTea"},{"floor":11,"key":"Anchor"},{"floor":12,"key":"ReplayTheSpireMod:Ninjato"},{"floor":13,"key":"Bromod:ArcaneAwakening"},{"floor":14,"key":"conspire:InfiniteJournal"},{"floor":18,"key":"Oddly Smooth Stone"},{"floor":21,"key":"PreservedInsect"},{"floor":25,"key":"Bromod:ArcaneMomentum"},{"floor":26,"key":"Runesmith:Locket"},{"floor":28,"key":"Eternal Feather"},{"floor":30,"key":"Orichalcum"},{"floor":31,"key":"CeramicFish"},{"floor":35,"key":"Dead Branch"},{"floor":37,"key":"Bag of Preparation"},{"floor":38,"key":"halation:IllGainedPizza"},{"floor":42,"key":"Omamori"},{"floor":43,"key":"Bronze Scales"},{"floor":47,"key":"Molten Egg 2"},{"floor":48,"key":"Garlic"},{"floor":52,"key":"Pen Nib"},{"floor":53,"key":"halation:KoshaPiece"},{"floor":54,"key":"Akabeko"},{"floor":56,"key":"infinitespire:PuzzleCube"},{"floor":58,"key":"Ice Cream"},{"floor":60,"key":"conspire:DecoderRing"},{"floor":61,"key":"infinitespire:BottledMercury"},{"floor":62,"key":"Replay:Bottled Flurry"},{"floor":71,"key":"Peace Pipe"},{"floor":72,"key":"Happy Flower"},{"floor":73,"key":"infinitespire:Broken Mirror"},{"floor":77,"key":"War Paint"},{"floor":80,"key":"Counterbalance"},{"floor":81,"key":"Golden Egg"},{"floor":82,"key":"Nunchaku"},{"floor":86,"key":"TungstenRod"},{"floor":87,"key":"Bromod:ArcaneVictory"},{"floor":90,"key":"Replay:Bottled Snecko"},{"floor":98,"key":"Ancient Tea Set"},{"floor":99,"key":"Bottled Lightning"},{"floor":103,"key":"Replay:Baseball"},{"floor":104,"key":"halation:PrussianBluePaint"},{"floor":105,"key":"Bromod:ArcaneTempo"},{"floor":106,"key":"Boot"},{"floor":107,"key":"Gremlin Food"},{"floor":108,"key":"Singing Bowl"},{"floor":109,"key":"conspire:DeflatedDodgeball"},{"floor":111,"key":"Regal Pillow"},{"floor":113,"key":"ReplayTheSpireMod:Lightbulb"},{"floor":114,"key":"Shovel"},{"floor":115,"key":"Potion Belt"},{"floor":116,"key":"Vajra"},{"floor":120,"key":"Bromod:ArcaneNullifier"},{"floor":121,"key":"Dream Catcher"},{"floor":123,"key":"War Paint"},{"floor":124,"key":"Bottled Tornado"},{"floor":125,"key":"Bromod:ArcaneGuardian"},{"floor":127,"key":"Lantern"},{"floor":128,"key":"Pet Ghost"},{"floor":130,"key":"Centennial Puzzle"},{"floor":132,"key":"Art of War"},{"floor":133,"key":"Replay:Wax Seal"},{"floor":137,"key":"Shuriken"},{"floor":139,"key":"Torii"},{"floor":140,"key":"Matryoshka"},{"floor":141,"key":"Frozen Egg 2"},{"floor":145,"key":"construct:FoamFinger"},{"floor":145,"key":"Iron Hammer"},{"floor":147,"key":"infinitespire:Satchel"},{"floor":148,"key":"halation:PenCase"},{"floor":149,"key":"Bromod:ArcaneConsequence"},{"floor":150,"key":"Tiny Chest"},{"floor":151,"key":"Blood Vial"},{"floor":156,"key":"Bag of Marbles"},{"floor":156,"key":"InkBottle"}],"event_choices":[{"damage_healed":0,"gold_gain":0,"player_choice":"Forge","damage_taken":0,"max_hp_gain":0,"max_hp_loss":0,"event_name":"Accursed Blacksmith","floor":22,"gold_loss":0,"cards_upgraded":["wariomod:BoomForm"]},{"damage_healed":0,"gold_gain":0,"player_choice":"Ignored","damage_taken":0,"max_hp_gain":0,"max_hp_loss":0,"event_name":"Duplicator","floor":24,"gold_loss":0},{"cards_removed":["wariomod:Strike"],"damage_healed":0,"gold_gain":0,"player_choice":"Purged","damage_taken":0,"max_hp_gain":0,"max_hp_loss":0,"event_name":"Purifier","floor":65,"gold_loss":0}],"is_beta":false,"boss_relics":[{"not_picked":["SacredBark","Fusion Hammer"],"picked":"halation:HeavySnake"},{"not_picked":["Runesmith:UraniumAnvil","Runic Pyramid"],"picked":"conspire:RoyalGoblet"},{"not_picked":["Pandora\u0027s Box","ReplayTheSpireMod:SealedPack"],"picked":"Empty Cage"},{"not_picked":["Painkiller Herb","Coffee Dripper","Velvet Choker"]},{"not_picked":["Pandora\u0027s Box","Tiny House"],"picked":"SacredBark"},{"not_picked":["Snecko Eye","ReplayTheSpireMod:SealedPack"],"picked":"construct:WeddingRing"},{"not_picked":["halation:PinkAlligatorPlush","Coffee Dripper"],"picked":"Philosopher\u0027s Stone"},{"not_picked":["Honey Jar","SlaversCollar"],"picked":"conspire:RunicOctahedron"},{"not_picked":["Fusion Hammer","halation:HeavySnake"],"picked":"Black Star"}],"items_purged_floors":[20,45,63,70],"is_endless":true,"potions_floor_spawned":[2,3,11,13,16,18,21,28,37,38,42,50,52,54,56,69,72,73,81,82,84,87,90,99,103,105,106,113,115,120,124,127,133,135,139,141,147,149,150],"ascension_level":0}}