{"host":"yans4pr1zf0lm9bx","time":1612197374,"event":{"mods":["AchievementEnabler","BaseMod","Downfall","Minty Spire (QoL Compilation)","StSLib","SuperFastMode","slay the spire mod where everything is the same but ironclad has a cowboy hat"],"gold_per_floor":[99,109,109,122,138,164,164,164,177,33,33,49,49,149,161,264,264,264,276,288,288,58,74,74,74,74,74],"floor_reached":25,"language":"ENG","playtime":1676,"items_purged":["bronze:Strike"],"score":203,"play_id":"f8862c2a-eb98-4609-ae31-07d71c4ff5f3","local_time":"20210201113614","is_ascension_mode":false,"campfire_choices":[{"data":"bronze:Goto","floor":1,"key":"SMITH"},{"data":"bronze:FineTuning","floor":11,"key":"SMITH"},{"data":"bronze:FineTuning","floor":13,"key":"SMITH"},{"data":"bronze:BronzeOrb","floor":18,"key":"SMITH"}],"circlet_count":0,"master_deck":["bronze:Strike","bronze:Strike","bronze:Defend","bronze:Defend","bronze:Defend","bronze:Defend","bronze:Replicate","bronze:Goto+1","bronze:CutThrough","bronze:Overheat","bronze:Return","bronze:BronzeOrb+1","bronze:Assembly","bronze:DelayedGuard","bronze:FineTuning+1","bronze:FineTuning+1","bronze:WildBeam","bronze:ForceShield","bronze:FindAndReplace","bronze:Boost","bronze:Branch","bronze:ThunderWave","bronze:Format","bronze:Repulsor","bronze:Turbo+1"],"relics":["bronze:BronzeCore","Meat on the Bone","bronze:ProtectiveGoggles","Black Star","bronze:BottledCode","Question Card"],"acts_visited":["Exordium","TheCity"],"potions_floor_usage":[8,23,25,25,25],"damage_taken":[{"damage":1,"enemies":"Jaw Worm","floor":2,"turns":4},{"damage":1,"enemies":"Cultist","floor":4,"turns":3},{"damage":7,"enemies":"2 Louse","floor":5,"turns":2},{"damage":13,"enemies":"3 Sentries","floor":6,"turns":8},{"damage":2,"enemies":"Red Slaver","floor":9,"turns":3},{"damage":0,"enemies":"downfall:FleeingMerchant","floor":10,"turns":4},{"damage":0,"enemies":"Blue Slaver","floor":12,"turns":3},{"damage":2,"enemies":"3 Louse","floor":15,"turns":3},{"damage":38,"enemies":"DF_ARCHETYPE_STREAMLINE","floor":16,"turns":12},{"damage":5,"enemies":"Shell Parasite","floor":19,"turns":5},{"damage":1,"enemies":"Chosen","floor":20,"turns":4},{"damage":0,"enemies":"downfall:FleeingMerchant","floor":22,"turns":4},{"damage":33,"enemies":"Snake Plant","floor":23,"turns":6},{"damage":39,"enemies":"Slavers","floor":25,"turns":4}],"seed_played":"-9218367766744318725","potions_obtained":[{"floor":6,"key":"AttackPotion"},{"floor":8,"key":"EntropicBrew"},{"floor":8,"key":"Block Potion"},{"floor":23,"key":"EntropicBrew"}],"is_trial":false,"path_per_floor":["R","M","?","M","M","E","T","?","M","$","R","M","R","?","M","B",null,"R","M","M","?","$","M","T","E"],"character_chosen":"THE_AUTOMATON","items_purchased":["bronze:FineTuning","bronze:Format","bronze:Repulsor"],"campfire_rested":0,"item_purchase_floors":[10,22,22],"current_hp_per_floor":[77,76,76,75,68,55,55,55,53,53,53,53,53,53,51,25,77,77,72,71,67,67,34,34,0,0,0],"gold":74,"neow_bonus":"TEN_PERCENT_HP_BONUS","is_daily":false,"chose_seed":false,"campfire_upgraded":4,"win_rate":0.0,"timestamp":1612197374,"path_taken":["R","M","?","?","M","E","T","?","?","?","R","M","R","?","M","BOSS","R","M","M","?","$","M","T","E"],"items_purchased_type":["Card","Card","Card"],"build_version":"2020-12-22","purchased_purges":1,"victory":false,"max_hp_per_floor":[77,77,77,77,77,77,77,77,77,77,77,77,77,77,77,77,77,77,77,77,67,67,67,67,67,67,67],"card_choices":[{"not_picked":["bronze:WhirlingStrike","bronze:DelayedSlice"],"picked":"bronze:CutThrough","floor":2},{"not_picked":["bronze:BugBarrage","bronze:WildBeam"],"picked":"bronze:Return","floor":4},{"not_picked":["bronze:ForLoop","bronze:DelayedGuard"],"picked":"bronze:BronzeOrb","floor":5},{"not_picked":["bronze:Allocate","bronze:BugBarrage"],"picked":"bronze:Assembly","floor":6},{"not_picked":["bronze:Deprecate","bronze:BuggyMess"],"picked":"bronze:DelayedGuard","floor":9},{"not_picked":["bronze:Repair","bronze:HyperBeam"],"picked":"bronze:FineTuning","floor":10},{"not_picked":["bronze:Turbo","bronze:Shield"],"picked":"bronze:WildBeam","floor":12},{"not_picked":["bronze:Deprecate","bronze:WhirlingStrike"],"picked":"bronze:ForceShield","floor":15},{"not_picked":["bronze:Break","bronze:HyperBeam"],"picked":"bronze:FindAndReplace","floor":16},{"not_picked":["bronze:Shield","bronze:DigitalCarnage"],"picked":"bronze:Boost","floor":19},{"not_picked":["bronze:Return","bronze:BugBarrage"],"picked":"bronze:Branch","floor":20},{"not_picked":["bronze:Turbo+1","bronze:Deprecate"],"picked":"bronze:ThunderWave","floor":22},{"not_picked":["bronze:Deprecate+1","bronze:CutThrough"],"picked":"bronze:Turbo+1","floor":23}],"player_experience":280318,"relics_obtained":[{"floor":6,"key":"Meat on the Bone"},{"floor":7,"key":"bronze:ProtectiveGoggles"},{"floor":24,"key":"Question Card"}],"event_choices":[{"damage_healed":0,"gold_gain":0,"player_choice":"Got Potions","damage_taken":0,"max_hp_gain":0,"max_hp_loss":0,"event_name":"Lab","floor":8,"gold_loss":0},{"damage_healed":0,"gold_gain":100,"player_choice":"Gold","damage_taken":0,"max_hp_gain":0,"max_hp_loss":0,"event_name":"Wheel of Change","floor":14,"gold_loss":0}],"is_beta":false,"boss_relics":[{"not_picked":["bronze:PlatinumCore","Tiny House"],"picked":"Black Star"}],"items_purged_floors":[10],"is_endless":false,"potions_floor_spawned":[6,9,15,16,20,23],"killed_by":"Slavers","ascension_level":0}}