{"host":"e1y4kviho5jwd7e6","time":1612170972,"event":{"mods":["Act Like it!","Aspiration","BaseMod","Better Altar","Better Match","Better Note","Better Skull","Better Synergies","Better Third Choice","BetterRewards","CCEM2","Colored Powertips","Communication Mod","Conjunction","Conspire","Downfall","Energized Spire","Exacting","GifTheSpireLib","Hubris","Hyrulean Relics","Minty Spire (QoL Compilation)","Quarter Circle Forward PUNCH!","Replay The Spire","Small Relic Pack","Spicy Shops","StSLib","Stuff the Spire","The Blue Laboratory","Transform Curses","Uncapped"],"gold_per_floor":[128,179,194,227,240,240,323,349,349,349,376,236,236,262,262,359,359,390,390,390,401,401,401,430,97,97,19,19,19,38,38,38,134,434,445,370,52,52,62,62,72,72,97,97,97,109,109,109,109,109,109],"floor_reached":50,"language":"ENG","playtime":2294,"items_purged":["Strike_G","Pain","Decay"],"score":781,"play_id":"32eca1cb-5ec4-4237-ace5-3e249db1d289","local_time":"20210201041612","is_ascension_mode":false,"campfire_choices":[{"data":"Prepared","floor":6,"key":"SMITH"},{"floor":10,"key":"REST"},{"data":"StuffTheSpire:Fury","floor":13,"key":"SMITH"},{"data":"ReplayTheSpireMod:The Works","floor":15,"key":"SMITH"},{"data":"Hidden Blade","floor":23,"key":"SMITH"},{"data":"Hidden Blade","floor":29,"key":"SMITH"},{"data":"ReplayTheSpireMod:The Works","floor":32,"key":"SMITH"},{"data":"Conjunction:Offense","floor":40,"key":"SMITH"},{"data":"Neutralize","floor":44,"key":"SMITH"},{"data":"Sneak Up","floor":49,"key":"SMITH"}],"circlet_count":0,"master_deck":["Strike_G","Strike_G","Strike_G","Strike_G","Defend_G","Defend_G","Defend_G","Defend_G","Defend_G","Survivor","Hidden Blade+1","Prepared+1","ReplayTheSpireMod:Splinters","Neutralize+1","StuffTheSpire:Fury+1","Hidden Blade+1","ReplayTheSpireMod:The Works+1","Calculated Gamble","Adrenaline","Finisher+1","Quick Slash","ReplayTheSpireMod:The Works+1","Conjunction:Offense+1","Conjunction:Defense","hubris:Sniper","Adrenaline","Decay","Sickly","Terror","Panache+1","Slice","Hidden Blade+1","Sneak Up+1"],"relics":["Ring of the Snake","Tough Bandages","hubris:OldNail","Strange Spoon","StuffTheSpire:Mouthbags","CCEMRelics:HeliumBalloon","ReplayTheSpireMod:TigerMarble","StuffTheSpire:Barrel","ReplayTheSpireMod:CursedCoin","Lee\u0027s Waffle","Honey Jar","aspiration:RitualStick","HornCleat","CCEMRelics:SelfSharpeningBlade","StuffTheSpire:Tea","Conjunction:SoulLantern","Replay:Wax Seal","conspire:GlowingRock","Replay:Ancient Bell","Centennial Puzzle","Golden Egg","Old Coin","Kunai","CCEMRelics:LatexGloves","hubris:Towel"],"acts_visited":["Exordium","TheCity","TheBeyond"],"potions_floor_usage":[7,8,11,16,41,50],"damage_taken":[{"damage":0,"enemies":"Small Slimes","floor":1,"turns":4},{"damage":0,"enemies":"conspire:RoseBush","floor":3,"turns":3},{"damage":0,"enemies":"2 Louse","floor":4,"turns":3},{"damage":3,"enemies":"Looter","floor":5,"turns":3},{"damage":16,"enemies":"Gremlin Nob","floor":7,"turns":3},{"damage":13,"enemies":"Lagavulin","floor":8,"turns":7},{"damage":1,"enemies":"Exordium Wildlife","floor":11,"turns":4},{"damage":0,"enemies":"2 Fungi Beasts","floor":14,"turns":1},{"damage":46,"enemies":"Fading Forest","floor":16,"turns":11},{"damage":0,"enemies":"Spheric Guardian","floor":18,"turns":1},{"damage":0,"enemies":"Shell Parasite","floor":21,"turns":1},{"damage":0,"enemies":"Replay:Snechameleon","floor":24,"turns":2},{"damage":12,"enemies":"Snake Plant","floor":30,"turns":3},{"damage":14,"enemies":"hubris:MusketHawk","floor":33,"turns":4},{"damage":4,"enemies":"3 Shapes","floor":35,"turns":1},{"damage":4,"enemies":"Orb Walker","floor":39,"turns":1},{"damage":0,"enemies":"Spire Growth","floor":41,"turns":2},{"damage":0,"enemies":"Maw","floor":46,"turns":1},{"damage":119,"enemies":"conspire:OrnateMirror","floor":50,"turns":1}],"seed_played":"-8474686446832502253","potions_obtained":[{"floor":2,"key":"blueLaboratory:BlinkPotion"},{"floor":5,"key":"blueLaboratory:NullPotion"},{"floor":7,"key":"Regen Potion"},{"floor":8,"key":"blueLaboratory:BottledHope"},{"floor":11,"key":"blueLaboratory:AbyssPotion"},{"floor":21,"key":"blueLaboratory:ForbiddenFruitJuice"},{"floor":30,"key":"sneckomod:MuddlingPotion"},{"floor":35,"key":"Dexterity Potion"},{"floor":46,"key":"blueLaboratory:BubblePotion"}],"is_trial":false,"path_per_floor":["M","?","M","M","M","R","?","E","T","R","M","$","R","M","R","B",null,"M","?","?","M","$","R","E","$","T","$","T","R","M","?","R","B",null,"M","?","$","?","M","R","M","NS","T","R","?","M","$","?","R","B"],"character_chosen":"THE_SILENT","items_purchased":["hubris:OldNail","Hidden Blade","Strange Spoon","Dagger Throw","ReplayTheSpireMod:CursedCoin","ReplayTheSpireMod:The Works","Lee\u0027s Waffle","CCEMRelics:SelfSharpeningBlade","StuffTheSpire:Tea","Replay:Wax Seal","Kunai","CunningPotion"],"campfire_rested":1,"item_purchase_floors":[0,0,0,0,12,12,12,25,25,27,37,37],"current_hp_per_floor":[41,41,41,41,38,38,22,24,24,45,44,77,77,77,77,31,77,77,77,62,62,62,62,73,73,73,73,73,73,69,69,69,63,77,73,73,73,73,69,69,69,69,69,69,69,69,69,69,69,0,0],"gold":109,"neow_bonus":"","is_daily":false,"chose_seed":false,"campfire_upgraded":9,"win_rate":0.0,"timestamp":1612170972,"path_taken":["M","?","M","M","M","R","?","E","T","R","M","$","R","M","R","BOSS","M","?","?","M","$","R","E","$","T","$","?","R","?","?","R","BOSS","M","?","$","?","M","R","M","NS","T","R","?","M","?","?","R","BOSS"],"items_purchased_type":["Relic","Card","Relic","Card","Relic","Card","Relic","Relic","Relic","Relic","Relic","Potion"],"build_version":"2020-12-22","purchased_purges":3,"victory":false,"max_hp_per_floor":[70,70,70,70,70,70,70,70,70,70,70,77,77,77,77,77,77,77,77,77,77,77,77,77,77,77,77,77,77,77,77,77,77,77,77,77,77,77,77,77,77,77,77,77,77,77,77,77,77,77,77],"card_choices":[{"not_picked":["Dodge and Roll","Blade Dance"],"picked":"Prepared","floor":1},{"not_picked":["Caltrops","Poisoned Stab"],"picked":"StuffTheSpire:Fury","floor":3},{"not_picked":["Predator","Dagger Spray","Dodge and Roll"],"picked":"SKIP","floor":4},{"not_picked":["Slice","hubris:SlightOfHand"],"picked":"Hidden Blade","floor":5},{"not_picked":["Well Laid Plans","ReplayTheSpireMod:Shiv Toss","Skewer"],"picked":"SKIP","floor":8},{"not_picked":["Poisoned Stab","Dodge and Roll","Slice"],"picked":"SKIP","floor":11},{"not_picked":["StuffTheSpire:ClusterCrunch","Sucker Punch"],"picked":"Calculated Gamble","floor":14},{"not_picked":["Doppelganger","StuffTheSpire:FinalStruggle"],"picked":"Adrenaline","floor":16},{"not_picked":["Dagger Spray","StuffTheSpire:Python","Deflect"],"picked":"Finisher","floor":18},{"not_picked":["Deadly Poison","Caltrops+1","Bane+1"],"picked":"Quick Slash","floor":21},{"not_picked":["Caltrops+1","StuffTheSpire:Injection","StuffTheSpire:Python+1"],"picked":"ReplayTheSpireMod:The Works","floor":24},{"not_picked":["Flying Knee","Well Laid Plans+1","Setup"],"picked":"hubris:Sniper","floor":30},{"not_picked":["Malaise","Burst","Wraith Form v2"],"picked":"Adrenaline","floor":33},{"not_picked":["Looming Evil","Voices","hubris:Sloth"],"picked":"Decay","floor":34},{"not_picked":["Hallucinations","downfall:Malfunctioning","CurseOfTheBell"],"picked":"Sickly","floor":34},{"not_picked":["ReplayTheSpireMod:Restless Dread","hubris:Compulsion","relicPack:TruthCard"],"picked":"Decay","floor":34},{"not_picked":["Sucker Punch+1","Bane+1","StuffTheSpire:MirrorStance"],"picked":"Terror","floor":35},{"not_picked":["Master of Strategy+1","Sadistic Nature+1","Apotheosis+1"],"picked":"Panache+1","floor":36},{"not_picked":["PiercingWail","ReplayTheSpireMod:Tripwire","Grand Finale"],"picked":"Slice","floor":39},{"not_picked":["Replay:Poison Smokescreen","Dagger Throw+1","Calculated Gamble"],"picked":"Hidden Blade+1","floor":41},{"not_picked":["Tactician+1","ReplayTheSpireMod:Exploit Weakness","Flying Knee+1","Deflect"],"picked":"SKIP","floor":46}],"player_experience":948521,"relics_obtained":[{"floor":2,"key":"StuffTheSpire:Mouthbags"},{"floor":7,"key":"CCEMRelics:HeliumBalloon"},{"floor":8,"key":"ReplayTheSpireMod:TigerMarble"},{"floor":9,"key":"StuffTheSpire:Barrel"},{"floor":24,"key":"HornCleat"},{"floor":26,"key":"Conjunction:SoulLantern"},{"floor":28,"key":"conspire:GlowingRock"},{"floor":43,"key":"CCEMRelics:LatexGloves"}],"event_choices":[{"damage_healed":0,"gold_gain":0,"player_choice":"Searched \u00272\u0027 times","damage_taken":0,"max_hp_gain":0,"max_hp_loss":0,"event_name":"Dead Adventurer","floor":7,"gold_loss":0},{"cards_removed":["Prepared"],"damage_healed":0,"gold_gain":0,"player_choice":"Give","damage_taken":0,"max_hp_gain":0,"max_hp_loss":0,"event_name":"betterNote:BetterNote","floor":19,"gold_loss":0,"cards_obtained":["Panacea"]},{"damage_healed":0,"gold_gain":0,"player_choice":"2","damage_taken":0,"max_hp_gain":0,"max_hp_loss":0,"event_name":"betterMatch:BetterMatch","floor":36,"gold_loss":0,"cards_obtained":["betterMatch:ColorlessRareCard"]}],"is_beta":false,"boss_relics":[{"not_picked":["Replay:Grab Bag","Pandora\u0027s Box"],"picked":"Honey Jar"},{"not_picked":["aspiration:RunicSpoon","hubris:HollowSoul"],"picked":"Replay:Ancient Bell"},{"not_picked":["Art of War","CCEMRelics:GrindingGear"],"picked":"Centennial Puzzle"},{"not_picked":["hubris:CrystalStatue","CCEMRelics:Sandal"],"picked":"Golden Egg"},{"not_picked":["qcfpunch:Duffel_Bag","conspire:GiftBox"],"picked":"Old Coin"}],"items_purged_floors":[0,12,37],"is_endless":false,"potions_floor_spawned":[5,7,8,11,21,30,35,46],"killed_by":"conspire:OrnateMirror","ascension_level":0}}