{"host":"vyjryxuuuxkt43k4","time":1612161323,"event":{"mods":["AchievementEnabler","BaseMod","Colored Map","DeckTracker","Keyboard Shortcuts","Minty Spire (QoL Compilation)","Permanent Neow","Quick Restart","Rare Cards Sparkle","StSLib","SuperFastMode","everything is the same but u backflip on backflip"],"gold_per_floor":[361,376,18,118,133,133,133,133],"floor_reached":7,"language":"KOR","playtime":341,"items_purged":[],"score":72,"play_id":"e9dabbd2-ee28-4ca4-b0b8-ec3e6c0cec84","local_time":"20210201153523","is_ascension_mode":true,"campfire_choices":[{"data":"Glass Knife","floor":6.0,"key":"SMITH"}],"circlet_count":0,"master_deck":["AscendersBane","Strike_G","Strike_G","Strike_G","Strike_G","Strike_G","Defend_G","Defend_G","Defend_G","Defend_G","Defend_G","Survivor","Neutralize","Blur","Catalyst","Glass Knife+1","Well Laid Plans","Endless Agony"],"relics":["Ring of the Snake","Ancient Tea Set"],"acts_visited":["Exordium"],"potions_floor_usage":[],"damage_taken":[{"damage":4.0,"enemies":"Cultist","floor":1.0,"turns":6.0},{"damage":3.0,"enemies":"Jaw Worm","floor":2.0,"turns":7.0},{"damage":0.0,"enemies":"2 Louse","floor":5.0,"turns":3.0},{"damage":39,"enemies":"Lagavulin","floor":7,"turns":5}],"seed_played":"-1127910014504675872","potions_obtained":[{"floor":2.0,"key":"Fire Potion"},{"floor":5.0,"key":"Energy Potion"}],"is_trial":false,"path_per_floor":["M","M","$","?","M","R","E"],"character_chosen":"THE_SILENT","items_purchased":["Glass Knife","Ancient Tea Set","Well Laid Plans"],"campfire_rested":0,"item_purchase_floors":[3,3,3],"current_hp_per_floor":[40,37,37,37,37,37,0,0],"gold":133,"neow_bonus":"TWO_FIFTY_GOLD","is_daily":false,"chose_seed":false,"campfire_upgraded":1,"win_rate":0.0,"timestamp":1612161323,"path_taken":["M","M","$","?","M","R","E"],"items_purchased_type":["Card","Relic","Card"],"build_version":"2020-12-22","purchased_purges":0,"victory":false,"max_hp_per_floor":[66,66,66,66,66,66,66,66],"card_choices":[{"not_picked":["PiercingWail","Tactician"],"picked":"Blur","floor":1.0},{"not_picked":["Blade Dance","Backstab"],"picked":"Catalyst","floor":2.0},{"not_picked":["Concentrate","Choke"],"picked":"Endless Agony","floor":5.0}],"player_experience":563904,"relics_obtained":[],"event_choices":[{"damage_healed":0.0,"max_hp_gain":0.0,"max_hp_loss":0.0,"gold_gain":100.0,"event_name":"Wheel of Change","player_choice":"Gold","floor":4.0,"gold_loss":0.0,"damage_taken":0.0}],"is_beta":false,"boss_relics":[],"items_purged_floors":[],"is_endless":false,"potions_floor_spawned":[2,5],"killed_by":"Lagavulin","ascension_level":15}}