{"host":"6pfj0wha12yu6wq3","time":1612218711,"event":{"mods":["AchievementEnabler","BaseMod","Colored Map","Colored Powertips","Curses Come First","DeckTracker","Minty Spire (QoL Compilation)","RNG Fix","Relic Sorter","Relic Stats","StSLib","UnlockEverythingMod","ojb\u0027s Better Paths Mod","ojb\u0027s Info Mod"],"gold_per_floor":[111,125,125,141,161,161,195,206,206,240,259,259,259,275,275,353,353,370,370,3,3,3,28,42,72,72,72,72,22,22,33,33,105,105,122,138,151,163,175,204,204,239,266,48,77,88,88,121,121,121,121,121,121,16,42,42,42],"floor_reached":56,"language":"ENG","playtime":5039,"items_purged":["All Out Attack","Writhe"],"score":2209,"play_id":"a5f0878e-8898-45b7-af1b-1f14bf716e59","local_time":"20210201173151","is_ascension_mode":true,"campfire_choices":[{"data":"Poisoned Stab","floor":6,"key":"SMITH"},{"floor":13,"key":"REST"},{"data":"Glass Knife","floor":15,"key":"SMITH"},{"floor":30,"key":"REST"},{"floor":32,"key":"RECALL"},{"data":"Neutralize","floor":41,"key":"SMITH"},{"data":"Wraith Form v2","floor":47,"key":"SMITH"},{"floor":49,"key":"REST"},{"floor":53,"key":"REST"}],"circlet_count":0,"master_deck":["AscendersBane","Survivor+1","Neutralize+1","Poisoned Stab+1","Blade Dance+1","Glass Knife+1","Crippling Poison+1","Malaise+1","Escape Plan+1","Leg Sweep+1","Venomology+1","Tactician+1","Leg Sweep+1","Die Die Die","Storm of Steel+1","Acrobatics+1","Tactician+1","Dodge and Roll+1","Dodge and Roll+1","Cloak And Dagger+1","Phantasmal Killer+1","Underhanded Strike+1","Dash+1","Dodge and Roll+1","Dagger Throw+1","PiercingWail+1","Phantasmal Killer+1","Acrobatics+1","Terror+1","Wraith Form v2+1","PiercingWail+1","Outmaneuver+1","Prepared+1","Crippling Poison+1","Cloak And Dagger+1","Deflect+1","PiercingWail+1","PanicButton+1","Escape Plan+1"],"relics":["Ring of the Snake","NeowsBlessing","Ninja Scroll","Toxic Egg 2","Nunchaku","Pandora\u0027s Box","Membership Card","Shuriken","MutagenicStrength","War Paint","Incense Burner","Mercury Hourglass","Astrolabe","Singing Bowl","Unceasing Top","Orrery","Ornamental Fan","Mummified Hand","Bag of Preparation"],"acts_visited":["Exordium","TheCity","TheBeyond","TheEnding"],"potions_floor_usage":[7,16,16,23,25,31,33,33,36,38,40,42,45,46,50,51,51,56,56,56],"damage_taken":[{"damage":0,"enemies":"Small Slimes","floor":1,"turns":1},{"damage":0,"enemies":"Cultist","floor":2,"turns":1},{"damage":0,"enemies":"Jaw Worm","floor":4,"turns":1},{"damage":9,"enemies":"3 Louse","floor":5,"turns":4},{"damage":29,"enemies":"3 Sentries","floor":7,"turns":8},{"damage":0,"enemies":"Gremlin Gang","floor":8,"turns":4},{"damage":11,"enemies":"Gremlin Nob","floor":10,"turns":3},{"damage":0,"enemies":"Exordium Wildlife","floor":11,"turns":1},{"damage":0,"enemies":"Looter","floor":14,"turns":1},{"damage":15,"enemies":"Hexaghost","floor":16,"turns":8},{"damage":0,"enemies":"3 Byrds","floor":18,"turns":6},{"damage":0,"enemies":"Book of Stabbing","floor":23,"turns":3},{"damage":0,"enemies":"Shell Parasite","floor":24,"turns":1},{"damage":12,"enemies":"Gremlin Leader","floor":25,"turns":3},{"damage":0,"enemies":"3 Cultists","floor":31,"turns":5},{"damage":3,"enemies":"Automaton","floor":33,"turns":5},{"damage":0,"enemies":"3 Shapes","floor":35,"turns":2},{"damage":8,"enemies":"Orb Walker","floor":36,"turns":2},{"damage":0,"enemies":"Spire Growth","floor":37,"turns":2},{"damage":0,"enemies":"Writhing Mass","floor":38,"turns":6},{"damage":0,"enemies":"3 Darklings","floor":39,"turns":6},{"damage":0,"enemies":"Reptomancer","floor":40,"turns":4},{"damage":15,"enemies":"Giant Head","floor":42,"turns":6},{"damage":10,"enemies":"Reptomancer","floor":45,"turns":4},{"damage":0,"enemies":"Sphere and 2 Shapes","floor":46,"turns":4},{"damage":0,"enemies":"Giant Head","floor":48,"turns":5},{"damage":5,"enemies":"Awakened One","floor":50,"turns":10},{"damage":20,"enemies":"Donu and Deca","floor":51,"turns":9},{"damage":6,"enemies":"Shield and Spear","floor":55,"turns":9},{"damage":78,"enemies":"The Heart","floor":56,"turns":14}],"seed_played":"-6117321699834896951","potions_obtained":[{"floor":1,"key":"Regen Potion"},{"floor":2,"key":"Energy Potion"},{"floor":5,"key":"GhostInAJar"},{"floor":14,"key":"FearPotion"},{"floor":16,"key":"DuplicationPotion"},{"floor":23,"key":"SkillPotion"},{"floor":24,"key":"PowerPotion"},{"floor":39,"key":"BlessingOfTheForge"},{"floor":40,"key":"Fruit Juice"},{"floor":42,"key":"Fruit Juice"},{"floor":45,"key":"GamblersBrew"},{"floor":48,"key":"LiquidBronze"}],"is_trial":false,"path_per_floor":["M","M","?","M","M","R","E","M","T","E","M","?","R","M","R","B",null,"M","?","$","?","?","E","M","E","T","?","?","$","R","M","R","B",null,"M","M","M","M","M","E","R","E","T","$","E","M","R","E","R","B","B",null,"R","$","E","B"],"character_chosen":"THE_SILENT","items_purchased":["Membership Card","Shuriken","Tactician+1","Orrery","Ornamental Fan","GhostInAJar","PanicButton+1"],"campfire_rested":4,"item_purchase_floors":[20,20,20,44,44,54,54],"current_hp_per_floor":[59,59,39,39,30,30,16,16,16,5,5,5,24,24,24,9,52,52,52,52,52,57,57,57,45,45,45,27,27,48,48,48,45,65,65,57,57,57,57,59,59,49,49,49,44,44,44,44,68,63,43,73,83,83,77,0,0],"gold":42,"neow_bonus":"THREE_ENEMY_KILL","is_daily":false,"chose_seed":false,"campfire_upgraded":4,"win_rate":0.0,"timestamp":1612218711,"path_taken":["M","?","?","?","M","R","E","M","T","E","M","?","R","M","R","BOSS","M","?","$","?","?","E","M","E","T","?","?","?","R","M","R","BOSS","M","?","?","M","M","E","R","E","T","$","E","?","R","E","R","BOSS","BOSS","R","$","E","BOSS"],"items_purchased_type":["Relic","Relic","Card","Relic","Relic","Potion","Card"],"build_version":"2020-12-22","purchased_purges":2,"victory":false,"max_hp_per_floor":[66,66,66,66,66,66,66,66,66,66,66,66,66,66,66,66,66,66,66,66,66,66,66,66,66,66,66,71,71,71,71,71,71,71,71,71,71,71,71,73,73,78,78,78,83,83,83,83,83,83,83,83,83,83,83,83,83],"relic_stats":{"Singing Bowl":2,"counters":[30,138],"Astrolabe":["Underhanded Strike","Dash","Dodge and Roll"],"Bag of Preparation":[0],"War Paint":["Survivor","Blade Dance"],"Mercury Hourglass":[347],"Nunchaku":[43],"Shuriken":[88],"Ornamental Fan":[160],"Mummified Hand":[7],"Pandora\u0027s Box":["All Out Attack","Escape Plan","Leg Sweep","Venomology","Tactician","Predator","Leg Sweep","Die Die Die","Sucker Punch","Storm of Steel"],"obtain_stats":[{"NeowsBlessing":0,"Singing Bowl":40,"Astrolabe":34,"Incense Burner":25,"Bag of Preparation":55,"War Paint":23,"Mercury Hourglass":26,"Nunchaku":10,"Ninja Scroll":7,"Shuriken":20,"Ornamental Fan":44,"Mummified Hand":45,"MutagenicStrength":21,"Orrery":44,"Pandora\u0027s Box":17,"Membership Card":20,"Toxic Egg 2":9,"Unceasing Top":42,"Ring of the Snake":0},{"NeowsBlessing":0,"Singing Bowl":22,"Astrolabe":16,"Incense Burner":14,"Bag of Preparation":29,"War Paint":12,"Mercury Hourglass":14,"Nunchaku":7,"Ninja Scroll":5,"Shuriken":11,"Ornamental Fan":23,"Mummified Hand":24,"MutagenicStrength":11,"Orrery":23,"Pandora\u0027s Box":10,"Membership Card":11,"Toxic Egg 2":6,"Unceasing Top":23,"Ring of the Snake":0},{"NeowsBlessing":0,"Singing Bowl":77,"Astrolabe":55,"Incense Burner":45,"Bag of Preparation":124,"War Paint":41,"Mercury Hourglass":45,"Nunchaku":22,"Ninja Scroll":15,"Shuriken":38,"Ornamental Fan":83,"Mummified Hand":87,"MutagenicStrength":38,"Orrery":83,"Pandora\u0027s Box":32,"Membership Card":38,"Toxic Egg 2":19,"Unceasing Top":83,"Ring of the Snake":0}],"Unceasing Top":[34],"Ring of the Snake":[60]},"card_choices":[{"not_picked":["Dagger Spray","Deadly Poison"],"picked":"Poisoned Stab","floor":1},{"not_picked":["Deadly Poison","Sucker Punch","Flechettes"],"picked":"SKIP","floor":2},{"not_picked":["Reflex","Cloak And Dagger"],"picked":"Blade Dance","floor":4},{"not_picked":["Flechettes","Sucker Punch"],"picked":"Flying Knee","floor":5},{"not_picked":["Skewer","Flying Knee"],"picked":"Dagger Throw","floor":7},{"not_picked":["Masterful Stab","Prepared"],"picked":"Backstab","floor":8},{"not_picked":["Caltrops","Prepared+1"],"picked":"Glass Knife","floor":10},{"not_picked":["Underhanded Strike","Well Laid Plans","Footwork"],"picked":"SKIP","floor":11},{"not_picked":["Tactician+1","Concentrate+1"],"picked":"Crippling Poison+1","floor":14},{"not_picked":["Corpse Explosion+1","Doppelganger+1"],"picked":"Malaise+1","floor":16},{"not_picked":["PiercingWail+1","Catalyst+1"],"picked":"Acrobatics+1","floor":18},{"not_picked":["Tactician+1","Expertise+1"],"picked":"Dodge and Roll+1","floor":23},{"not_picked":["Quick Slash","Bane"],"picked":"Dodge and Roll+1","floor":24},{"not_picked":["Bouncing Flask+1","Well Laid Plans","Outmaneuver+1"],"picked":"SKIP","floor":25},{"not_picked":["Bouncing Flask+1","Well Laid Plans","Outmaneuver+1"],"picked":"SKIP","floor":25},{"not_picked":["All Out Attack","Tactician+1"],"picked":"Cloak And Dagger+1","floor":31},{"not_picked":["Tools of the Trade","Glass Knife"],"picked":"Phantasmal Killer+1","floor":33},{"not_picked":["Outmaneuver+1","Flying Knee"],"picked":"Dagger Throw+1","floor":35},{"not_picked":["Setup+1","Caltrops","Bane"],"picked":"SKIP","floor":36},{"not_picked":["Flying Knee+1","Eviscerate"],"picked":"PiercingWail+1","floor":37},{"not_picked":["Cloak And Dagger+1","Dagger Throw+1"],"picked":"Phantasmal Killer+1","floor":38},{"not_picked":["Well Laid Plans","Dagger Throw"],"picked":"Acrobatics+1","floor":39},{"not_picked":["Dagger Spray","Dagger Throw","Infinite Blades+1"],"picked":"Singing Bowl","floor":40},{"not_picked":["Night Terror+1","Noxious Fumes"],"picked":"Terror+1","floor":42},{"not_picked":["Prepared+1","Crippling Poison+1"],"picked":"Wraith Form v2","floor":44},{"not_picked":["Dagger Spray+1","Prepared+1"],"picked":"PiercingWail+1","floor":44},{"not_picked":["Dodge and Roll+1","Prepared+1"],"picked":"Outmaneuver+1","floor":44},{"not_picked":["Bouncing Flask+1","Footwork"],"picked":"Prepared+1","floor":44},{"not_picked":["Underhanded Strike","Sucker Punch"],"picked":"Crippling Poison+1","floor":44},{"not_picked":["Sucker Punch","Catalyst+1"],"picked":"Cloak And Dagger+1","floor":45},{"not_picked":["Quick Slash","Bane"],"picked":"Deflect+1","floor":46},{"not_picked":["Dash","Skewer"],"picked":"PiercingWail+1","floor":48},{"not_picked":["Sucker Punch+1","Riddle With Holes"],"picked":"Escape Plan+1","floor":55}],"player_experience":597550,"relics_obtained":[{"floor":7,"key":"Ninja Scroll"},{"floor":9,"key":"Toxic Egg 2"},{"floor":10,"key":"Nunchaku"},{"floor":23,"key":"War Paint"},{"floor":25,"key":"Incense Burner"},{"floor":26,"key":"Mercury Hourglass"},{"floor":40,"key":"Singing Bowl"},{"floor":42,"key":"Unceasing Top"},{"floor":45,"key":"Mummified Hand"},{"floor":55,"key":"Bag of Preparation"}],"event_choices":[{"damage_healed":0,"gold_gain":0,"player_choice":"Entered Light","damage_taken":20,"max_hp_gain":0,"max_hp_loss":0,"event_name":"Shining Light","floor":3,"gold_loss":0,"cards_upgraded":["Defend_G","Strike_G"]},{"damage_healed":0,"gold_gain":0,"player_choice":"Ignored","damage_taken":0,"max_hp_gain":0,"max_hp_loss":0,"event_name":"Liars Game","floor":12,"gold_loss":0},{"cards_removed":["Sucker Punch"],"damage_healed":0,"gold_gain":0,"player_choice":"Elegance","damage_taken":0,"max_hp_gain":0,"max_hp_loss":0,"event_name":"Back to Basics","floor":19,"gold_loss":0},{"damage_healed":0,"gold_gain":0,"player_choice":"Inject Mutagens","damage_taken":0,"relics_obtained":["MutagenicStrength"],"max_hp_gain":0,"max_hp_loss":0,"event_name":"Drug Dealer","floor":21,"gold_loss":0},{"cards_removed":["Flying Knee"],"damage_healed":5,"gold_gain":0,"player_choice":"Offered Common","damage_taken":0,"max_hp_gain":0,"max_hp_loss":0,"event_name":"Bonfire Elementals","floor":22,"gold_loss":0},{"cards_removed":["Flying Knee"],"damage_healed":5,"gold_gain":0,"player_choice":"Offered Special","damage_taken":0,"max_hp_gain":0,"max_hp_loss":0,"event_name":"Bonfire Elementals","floor":22,"gold_loss":0},{"damage_healed":0,"gold_gain":0,"player_choice":"1 cards matched","damage_taken":0,"max_hp_gain":0,"max_hp_loss":0,"event_name":"Match and Keep!","floor":27,"gold_loss":0,"cards_obtained":["Writhe"]},{"damage_healed":0,"gold_gain":0,"player_choice":"Shed Blood","damage_taken":23,"max_hp_gain":5,"max_hp_loss":0,"event_name":"Forgotten Altar","floor":28,"gold_loss":0}],"is_beta":false,"boss_relics":[{"not_picked":["Calling Bell","HoveringKite"],"picked":"Pandora\u0027s Box"},{"not_picked":["Snecko Eye","Velvet Choker"],"picked":"Astrolabe"}],"items_purged_floors":[20,29],"is_endless":false,"potions_floor_spawned":[1,2,5,14,16,23,24,39,40,42,45,48,55],"killed_by":"The Heart","ascension_level":20}}