{"host":"qvcm5n1ry1q9iv9x","time":1612189405,"event":{"mods":["Act Like it!","BaseMod","BetterRewards","Colored Map","Colored Powertips","Downfall","Friendly Minions","Highlight Path","Minty Spire (QoL Compilation)","Quick Restart","Relic Sorter","Shop Mod","StSLib"],"gold_per_floor":[99,99,99,99,99,99,124,124,159,177,190,200,235,74,90,191,191,91,91,123,135,84,111,111,159,169,244,244,244,144,158,170,275,275,275,123,177,194,244,272,298,332,332,232,45,73,73,73,86,86,86,86],"floor_reached":50,"language":"ZHS","playtime":2966,"items_purged":[],"score":725,"play_id":"043a774a-c973-45a7-8da8-0b1050259dee","local_time":"20210201222325","is_ascension_mode":false,"campfire_choices":[{"data":"Slimebound:CorrosiveSpit","floor":1.0,"key":"SMITH"},{"data":"Slimebound:Split","floor":6.0,"key":"SMITH"},{"data":"Slimebound:MassRepurpose","floor":18.0,"key":"SMITH"},{"data":"Slimebound:LeadByExample","floor":30.0,"key":"SMITH"},{"floor":35.0,"key":"RECALL"},{"data":"Slimebound:TongueLash","floor":44,"key":"SMITH"},{"data":"Slimebound:Repurpose","floor":47,"key":"SMITH"}],"circlet_count":0,"master_deck":["Slimebound:Tackle","Slimebound:Defend_Slimebound","Slimebound:Defend_Slimebound","Slimebound:Split+1","Slimebound:CorrosiveSpit+1","Slimebound:RollThrough","Slimebound:Equalize","Slimebound:LeechLife","Slimebound:LeadByExample+1","Slimebound:TongueLash+1","Slimebound:HauntingLick","Slimebound:RallyTheTroops","Slimebound:MegaLick","Slimebound:Schlurp","Slimebound:MassRepurpose+1","Slimebound:Dissolve+1","Slimebound:SlimeTap+1","Slimebound:SlimeSlap+1","Slimebound:MegaLick","Slimebound:Equalize+1","Slimebound:RainOfGoop","Slimebound:RejuvenatingLick","Slimebound:AcidTongue","Slimebound:MinionMaster","Necronomicurse","Slimebound:MegaLick+1","Slimebound:DisruptingSlam","Slimebound:WasteNot","Slimebound:Prepare+1","Slimebound:Nibble+1","Slimebound:Gluttony+1","Slimebound:LevelUp+1","expansioncontent:Chronoboost","expansioncontent:AwakenDeath","expansioncontent:AwakenDeath","Slimebound:Repurpose+1","Slimebound:SplitLeeching+1","Slimebound:Replication+1"],"relics":["Slimebound:AbsorbEndCombat","downfall:HeartsMalice","Slimebound:MaxSlimesRelic","Tiny Chest","StrikeDummy","InkBottle","Frozen Eye","Astrolabe","downfall:HeartBlessingGreen","Red Mask","Vajra","Potion Belt","Pantograph","Necronomicon","downfall:HeartBlessingBlue","bronze:MakeshiftBattery","Strange Spoon","Pen Nib","Calipers","Meat on the Bone","Art of War","Blue Candle","downfall:HeartBlessingRed","Medical Kit","Smiling Mask","Letter Opener"],"acts_visited":["Exordium","TheCity","TheBeyond"],"potions_floor_usage":[40,50,50,50],"damage_taken":[{"damage":0.0,"enemies":"Small Slimes","floor":2.0,"turns":1.0},{"damage":0.0,"enemies":"2 Louse","floor":8.0,"turns":1.0},{"damage":0.0,"enemies":"3 Sentries","floor":9.0,"turns":1.0},{"damage":6.0,"enemies":"Jaw Worm","floor":10.0,"turns":3.0},{"damage":7.0,"enemies":"3 Louse","floor":11.0,"turns":3.0},{"damage":12.0,"enemies":"2 Fungi Beasts","floor":12.0,"turns":3.0},{"damage":15.0,"enemies":"Gremlin Nob","floor":13.0,"turns":3.0},{"damage":2.0,"enemies":"downfall:FleeingMerchant","floor":14.0,"turns":4.0},{"damage":8.0,"enemies":"Large Slime","floor":15.0,"turns":4.0},{"damage":37.0,"enemies":"IC_STATUS_ARCHETYPE","floor":16.0,"turns":10.0},{"damage":9.0,"enemies":"Masked Bandits","floor":20.0,"turns":3.0},{"damage":0.0,"enemies":"3 Byrds","floor":21.0,"turns":3.0},{"damage":1.0,"enemies":"downfall:FleeingMerchant","floor":22.0,"turns":4.0},{"damage":29.0,"enemies":"Gremlin Leader","floor":23.0,"turns":6.0},{"damage":0.0,"enemies":"Spheric Guardian","floor":26.0,"turns":2.0},{"damage":12.0,"enemies":"downfall:FleeingMerchant","floor":27.0,"turns":3.0},{"damage":7.0,"enemies":"Centurion and Healer","floor":31.0,"turns":4.0},{"damage":1.0,"enemies":"3 Cultists","floor":32.0,"turns":3.0},{"damage":29.0,"enemies":"DF_ARCHETYPE_CLAW","floor":33.0,"turns":6.0},{"damage":21.0,"enemies":"3 Darklings","floor":38.0,"turns":4.0},{"damage":0.0,"enemies":"3 Darklings","floor":39.0,"turns":3.0},{"damage":45,"enemies":"Nemesis","floor":40,"turns":5},{"damage":55,"enemies":"Reptomancer","floor":42,"turns":5},{"damage":75,"enemies":"Nemesis","floor":46,"turns":5},{"damage":0,"enemies":"3 Shapes","floor":49,"turns":3},{"damage":122,"enemies":"WA_ARCHETYPE_DIVINITY","floor":50,"turns":5}],"seed_played":"-968700220154355309","potions_obtained":[{"floor":9.0,"key":"Ancient Potion"},{"floor":11.0,"key":"DuplicationPotion"},{"floor":12.0,"key":"Fire Potion"},{"floor":13.0,"key":"Ancient Potion"},{"floor":16.0,"key":"PowerPotion"},{"floor":32.0,"key":"champ:CounterPotion"},{"floor":38.0,"key":"DistilledChaos"},{"floor":42,"key":"DistilledChaos"},{"floor":46,"key":"AttackPotion"}],"is_trial":false,"path_per_floor":["R","M","?","?","?","R","T","M","E","M","M","M","E","$","M","B",null,"R","?","?","M","$","E","T","T","M","$","?","?","R","M","M","B",null,"R","$","T","M","?","E","T","E","?","R","$","E","R","T","M","B"],"character_chosen":"SLIMEBOUND","items_purchased":["Frozen Eye","Slimebound:RainOfGoop","Pantograph","Strange Spoon","Slimebound:Repurpose","Medical Kit"],"campfire_rested":0,"item_purchase_floors":[14,22,27,36,45,45],"current_hp_per_floor":[65,65,70,70,63,63,63,63,63,70,70,66,69,70,70,44,70,70,70,69,70,70,47,47,47,57,60,44,44,54,80,80,64,80,80,80,80,75,80,45,45,58,48,48,48,32,32,32,58,0,0,0],"gold":86,"neow_bonus":"THREE_ENEMY_KILL","is_daily":false,"chose_seed":false,"campfire_upgraded":6,"win_rate":0.0,"timestamp":1612189405,"path_taken":["R","M","?","?","?","R","T","M","E","M","M","M","E","?","M","BOSS","R","?","?","M","$","E","T","?","?","$","?","?","R","M","M","BOSS","R","$","?","M","?","E","T","E","?","R","?","E","R","?","M","BOSS"],"items_purchased_type":["Relic","Card","Relic","Relic","Card","Relic"],"build_version":"2020-12-22","purchased_purges":0,"victory":false,"max_hp_per_floor":[65,65,70,70,70,70,70,70,70,70,70,70,70,70,70,70,70,70,70,70,70,70,70,70,70,70,70,70,70,80,80,80,80,80,80,80,80,80,80,80,80,80,80,80,80,80,80,80,80,80,80,80],"card_choices":[{"not_picked":["Slimebound:Chomp","Slimebound:BestDefense"],"picked":"Slimebound:RollThrough","floor":2.0},{"not_picked":["Slimebound:HauntingLick","Slimebound:SplitLeeching"],"picked":"Slimebound:Equalize","floor":8.0},{"not_picked":["Slimebound:ComboTackle","Slimebound:MegaLick"],"picked":"Slimebound:LeechLife","floor":9.0},{"not_picked":["Slimebound:FinishingTackle","Slimebound:HauntingLick"],"picked":"Slimebound:LeadByExample","floor":10.0},{"not_picked":["Slimebound:SplitLeeching","Slimebound:PressTheAttack"],"picked":"Slimebound:TongueLash","floor":11.0},{"not_picked":["Slimebound:SlimeTap","Slimebound:LeechingTouch"],"picked":"Slimebound:HauntingLick","floor":12.0},{"not_picked":["Slimebound:SpikyOuterGoop","Slimebound:ItLooksTasty"],"picked":"Slimebound:RallyTheTroops","floor":13.0},{"not_picked":["Slimebound:LeechEnergy","Slimebound:SlimeTap"],"picked":"Slimebound:MegaLick","floor":14.0},{"not_picked":["Slimebound:PressTheAttack","Slimebound:ServeAndProtect"],"picked":"Slimebound:Schlurp","floor":15.0},{"not_picked":["Slimebound:Teamwork","Slimebound:SelfFormingGoo"],"picked":"Slimebound:MassRepurpose","floor":16.0},{"not_picked":["Slimebound:SplitLeeching","Slimebound:ItLooksTasty"],"picked":"Slimebound:MegaLick","floor":20.0},{"not_picked":["Slimebound:PressTheAttack","Slimebound:RollThrough"],"picked":"Slimebound:Equalize+1","floor":21.0},{"not_picked":["Slimebound:LeechingTouch","Slimebound:SlimeTap","Slimebound:Prepare"],"picked":"SKIP","floor":22.0},{"not_picked":["Slimebound:Grow","Slimebound:PressTheAttack+1"],"picked":"Slimebound:RejuvenatingLick","floor":23.0},{"not_picked":["Slimebound:ProtectTheBoss","Slimebound:RejuvenatingLick+1"],"picked":"Slimebound:AcidTongue","floor":26.0},{"not_picked":["Slimebound:ComboTackle","Slimebound:Schlurp"],"picked":"Slimebound:MinionMaster","floor":27.0},{"not_picked":["Slimebound:BestDefense","Slimebound:SamplingLick"],"picked":"Slimebound:MegaLick+1","floor":31.0},{"not_picked":["Slimebound:Chomp+1","Slimebound:SplitMire"],"picked":"Slimebound:DisruptingSlam","floor":32.0},{"not_picked":["Slimebound:PrepareCrush","Slimebound:SelfFormingGoo"],"picked":"Slimebound:WasteNot","floor":33.0},{"not_picked":["Slimebound:FinishingTackle+1","Slimebound:SamplingLick"],"picked":"Slimebound:Prepare+1","floor":38.0},{"not_picked":["Slimebound:Replication","Slimebound:SamplingLick+1"],"picked":"Slimebound:Nibble+1","floor":39.0},{"not_picked":["Slimebound:LeechingTouch","Slimebound:SamplingLick"],"picked":"Slimebound:Gluttony+1","floor":40},{"not_picked":["Slimebound:TongueLash","Slimebound:DisruptingSlam+1"],"picked":"Slimebound:LevelUp+1","floor":42},{"not_picked":["expansioncontent:PolyBeam","expansioncontent:HyperBeam"],"picked":"expansioncontent:Chronoboost","floor":43},{"not_picked":["expansioncontent:InvincibleStrength","expansioncontent:PolyBeam"],"picked":"expansioncontent:AwakenDeath","floor":43},{"not_picked":["expansioncontent:InvincibleStrength","expansioncontent:Hexaburn"],"picked":"expansioncontent:AwakenDeath","floor":43},{"not_picked":["Slimebound:RainOfGoop","Slimebound:PressTheAttack"],"picked":"Slimebound:SplitLeeching+1","floor":46},{"not_picked":["Slimebound:SlimeSpikes","Slimebound:LeechEnergy"],"picked":"Slimebound:Replication+1","floor":49}],"player_experience":148361,"relics_obtained":[{"floor":7.0,"key":"Tiny Chest"},{"floor":9.0,"key":"StrikeDummy"},{"floor":13.0,"key":"InkBottle"},{"floor":20.0,"key":"Red Mask"},{"floor":23.0,"key":"Vajra"},{"floor":24.0,"key":"Potion Belt"},{"floor":28.0,"key":"Necronomicon"},{"floor":37.0,"key":"Pen Nib"},{"floor":39.0,"key":"Calipers"},{"floor":40,"key":"Meat on the Bone"},{"floor":41,"key":"Art of War"},{"floor":42,"key":"Blue Candle"},{"floor":46,"key":"Smiling Mask"},{"floor":48,"key":"Letter Opener"}],"event_choices":[{"damage_healed":0.0,"max_hp_gain":5.0,"max_hp_loss":0.0,"gold_gain":0.0,"event_name":"Big Fish","player_choice":"Donut","floor":3.0,"gold_loss":0.0,"damage_taken":0.0},{"damage_healed":0.0,"max_hp_gain":0.0,"max_hp_loss":0.0,"gold_gain":0.0,"event_name":"Scrap Ooze","player_choice":"Success","floor":5.0,"gold_loss":0.0,"damage_taken":7.0,"relics_obtained":["Slimebound:MaxSlimesRelic"]},{"damage_healed":0.0,"max_hp_gain":0.0,"max_hp_loss":0.0,"gold_gain":0.0,"event_name":"Masked Bandits","player_choice":"Fought Bandits","floor":20.0,"gold_loss":0.0,"damage_taken":0.0}],"is_beta":false,"boss_relics":[{"not_picked":["Runic Dome","Pandora\u0027s Box"],"picked":"Astrolabe"},{"not_picked":["Velvet Choker","Sozu"],"picked":"bronze:MakeshiftBattery"}],"items_purged_floors":[],"is_endless":false,"potions_floor_spawned":[9,11,12,13,16,20,23,32,38,42,46],"killed_by":"WA_ARCHETYPE_DIVINITY","ascension_level":0}}